<!DOCTYPE html>
<meta charset="utf-8" />
<!-- version 1 -->
<title>[Gen 8] Conniecord Draft League replay: Rebel Noivern vs. menzareon</title>
<style>
html,body {font-family:Verdana, sans-serif;font-size:10pt;margin:0;padding:0;}body{padding:12px 0;} .battle-log {font-family:Verdana, sans-serif;font-size:10pt;} .battle-log-inline {border:1px solid #AAAAAA;background:#EEF2F5;color:black;max-width:640px;margin:0 auto 80px;padding-bottom:5px;} .battle-log .inner {padding:4px 8px 0px 8px;} .battle-log .inner-preempt {padding:0 8px 4px 8px;} .battle-log .inner-after {margin-top:0.5em;} .battle-log h2 {margin:0.5em -8px;padding:4px 8px;border:1px solid #AAAAAA;background:#E0E7EA;border-left:0;border-right:0;font-family:Verdana, sans-serif;font-size:13pt;} .battle-log .chat {vertical-align:middle;padding:3px 0 3px 0;font-size:8pt;} .battle-log .chat strong {color:#40576A;} .battle-log .chat em {padding:1px 4px 1px 3px;color:#000000;font-style:normal;} .chat.mine {background:rgba(0,0,0,0.05);margin-left:-8px;margin-right:-8px;padding-left:8px;padding-right:8px;} .spoiler {color:#BBBBBB;background:#BBBBBB;padding:0px 3px;} .spoiler:hover, .spoiler:active, .spoiler-shown {color:#000000;background:#E2E2E2;padding:0px 3px;} .spoiler a {color:#BBBBBB;} .spoiler:hover a, .spoiler:active a, .spoiler-shown a {color:#2288CC;} .chat code, .chat .spoiler:hover code, .chat .spoiler:active code, .chat .spoiler-shown code {border:1px solid #C0C0C0;background:#EEEEEE;color:black;padding:0 2px;} .chat .spoiler code {border:1px solid #CCCCCC;background:#CCCCCC;color:#CCCCCC;} .battle-log .rated {padding:3px 4px;} .battle-log .rated strong {color:white;background:#89A;padding:1px 4px;border-radius:4px;} .spacer {margin-top:0.5em;} .message-announce {background:#6688AA;color:white;padding:1px 4px 2px;} .message-announce a, .broadcast-green a, .broadcast-blue a, .broadcast-red a {color:#DDEEFF;} .broadcast-green {background-color:#559955;color:white;padding:2px 4px;} .broadcast-blue {background-color:#6688AA;color:white;padding:2px 4px;} .infobox {border:1px solid #6688AA;padding:2px 4px;} .infobox-limited {max-height:200px;overflow:auto;overflow-x:hidden;} .broadcast-red {background-color:#AA5544;color:white;padding:2px 4px;} .message-learn-canlearn {font-weight:bold;color:#228822;text-decoration:underline;} .message-learn-cannotlearn {font-weight:bold;color:#CC2222;text-decoration:underline;} .message-effect-weak {font-weight:bold;color:#CC2222;} .message-effect-resist {font-weight:bold;color:#6688AA;} .message-effect-immune {font-weight:bold;color:#666666;} .message-learn-list {margin-top:0;margin-bottom:0;} .message-throttle-notice, .message-error {color:#992222;} .message-overflow, .chat small.message-overflow {font-size:0pt;} .message-overflow::before {font-size:9pt;content:'...';} .subtle {color:#3A4A66;}
</style>
<div class="wrapper replay-wrapper" style="max-width:1180px;margin:0 auto">
<input type="hidden" name="replayid" value="dragonheaven-gen8conniecorddraftleague-329-l6rp6tmc1k1eze3thmac83dpenz9cuzpw" />
<div class="battle"></div><div class="battle-log"></div><div class="replay-controls"></div><div class="replay-controls-2"></div>
<h1 style="font-weight:normal;text-align:center"><strong>[Gen 8] Conniecord Draft League</strong><br /><a href="http://pokemonshowdown.com/users/rebelnoivern" class="subtle" target="_blank">Rebel Noivern</a> vs. <a href="http://pokemonshowdown.com/users/menzareon" class="subtle" target="_blank">menzareon</a></h1>
<script type="text/plain" class="battle-log-data">|raw|<div class="broadcast-red"><strong>This battle is invite-only!<\/strong><br \/>Users must be invited with <code>\/invite<\/code> (or be staff) to join<\/div>
|j|☆Rebel Noivern
|j|☆menzareon
|t:|1621880078
|player|p1|Rebel Noivern|1|
|player|p2|menzareon|170|
|teamsize|p1|6
|teamsize|p2|6
|gametype|singles
|gen|8
|tier|[Gen 8] Conniecord Draft League
|clearpoke
|poke|p1|Venonator, M|
|poke|p1|Poultergeist, M|
|poke|p1|Marabastion, F|
|poke|p1|Sceptile-Mega-Sword, M|
|poke|p1|Locustab, M|
|poke|p1|Tatsunami|
|poke|p2|Flufnir, M|
|poke|p2|Poultergeist, F|
|poke|p2|Marabastion, M|
|poke|p2|Buzzstacian, F|
|poke|p2|Boohawk, M|
|poke|p2|Sceptile-Mega-Sword, M|
|rule|HP Percentage Mod: HP is shown in percentages
|rule|Endless Battle Clause: Forcing endless battles is banned
|rule|OHKO Clause: OHKO moves are banned
|rule|Evasion Moves Clause: Evasion moves are banned
|rule|Species Clause: Limit one of each Pokémon (not counting forms)
|rule|Dynamax Clause: You cannot dynamax
|rule|Sleep Clause Mod: Limit one foe put to sleep
|rule|Z-Move Clause: Z-Moves are banned
|teampreview
|
|t:|1621880089
|start
|switch|p1a: Sceptile|Sceptile-Mega-Sword, M|100\/100
|switch|p2a: Boohawk|Boohawk, M|100\/100
|-start|p1a: Sceptile|typechange|Grass\/Rock|[silent]
|-start|p1a: Sceptile|typechange|Grass\/Rock|[silent]
|raw|<ul class="utilichart"><li class="result"><span class="col pokemonnamecol" style="white-space: nowrap">Sceptile-Mega-Sword<\/span> <span class="col typecol"><img src="https:\/\/play.pokemonshowdown.com\/sprites\/types\/Grass.png" alt="Grass" height="14" width="32"><img src="https:\/\/play.pokemonshowdown.com\/sprites\/types\/Rock.png" alt="Rock" height="14" width="32"><\/span> <span style="float: left ; min-height: 26px"><span class="col abilitycol">Stonilate<\/span><span class="col abilitycol"><\/span><\/span><\/li><li style="clear: both"><\/li><\/ul>
|raw|<ul class="utilichart"><li class="result"><span style="float: left ; min-height: 26px"><span class="col statcol"><em>HP<\/em><br>70<\/span> <span class="col statcol"><em>Atk<\/em><br>135<\/span> <span class="col statcol"><em>Def<\/em><br>85<\/span> <span class="col statcol"><em>SpA<\/em><br>105<\/span> <span class="col statcol"><em>SpD<\/em><br>85<\/span> <span class="col statcol"><em>Spe<\/em><br>150<\/span> <\/span><\/li><li style="clear: both"><\/li><\/ul>
|-start|p2a: Boohawk|typechange|Ghost\/Flying|[silent]
|raw|<ul class="utilichart"><li class="result"><span class="col pokemonnamecol" style="white-space: nowrap">Boohawk<\/span> <span class="col typecol"><img src="https:\/\/play.pokemonshowdown.com\/sprites\/types\/Ghost.png" alt="Ghost" height="14" width="32"><img src="https:\/\/play.pokemonshowdown.com\/sprites\/types\/Flying.png" alt="Flying" height="14" width="32"><\/span> <span style="float: left ; min-height: 26px"><span class="col abilitycol">Dialogue<\/span><span class="col abilitycol"><\/span><\/span><\/li><li style="clear: both"><\/li><\/ul>
|raw|<ul class="utilichart"><li class="result"><span style="float: left ; min-height: 26px"><span class="col statcol"><em>HP<\/em><br>85<\/span> <span class="col statcol"><em>Atk<\/em><br>70<\/span> <span class="col statcol"><em>Def<\/em><br>100<\/span> <span class="col statcol"><em>SpA<\/em><br>55<\/span> <span class="col statcol"><em>SpD<\/em><br>170<\/span> <span class="col statcol"><em>Spe<\/em><br>50<\/span> <\/span><\/li><li style="clear: both"><\/li><\/ul>
|-ability|p1a: Sceptile|Contrary|[from] Ability: Dialogue|[of] p2a: Boohawk
|turn|1
|
|t:|1621880095
|move|p1a: Sceptile|Hone Claws|p1a: Sceptile
|-unboost|p1a: Sceptile|atk|1
|-unboost|p1a: Sceptile|accuracy|1
|move|p2a: Boohawk|Brave Bird|p1a: Sceptile
|-damage|p1a: Sceptile|55\/100
|-damage|p2a: Boohawk|89\/100|[from] Recoil
|
|upkeep
|turn|2
|
|t:|1621880111
|switch|p1a: Poultergeist|Poultergeist, M|100\/100
|-start|p1a: Poultergeist|typechange|Fire\/Flying|[silent]
|raw|<ul class="utilichart"><li class="result"><span class="col pokemonnamecol" style="white-space: nowrap">Poultergeist<\/span> <span class="col typecol"><img src="https:\/\/play.pokemonshowdown.com\/sprites\/types\/Fire.png" alt="Fire" height="14" width="32"><img src="https:\/\/play.pokemonshowdown.com\/sprites\/types\/Flying.png" alt="Flying" height="14" width="32"><\/span> <span style="float: left ; min-height: 26px"><span class="col abilitycol">Chicken Out<\/span><span class="col abilitycol"><\/span><\/span><\/li><li style="clear: both"><\/li><\/ul>
|raw|<ul class="utilichart"><li class="result"><span style="float: left ; min-height: 26px"><span class="col statcol"><em>HP<\/em><br>105<\/span> <span class="col statcol"><em>Atk<\/em><br>65<\/span> <span class="col statcol"><em>Def<\/em><br>85<\/span> <span class="col statcol"><em>SpA<\/em><br>105<\/span> <span class="col statcol"><em>SpD<\/em><br>85<\/span> <span class="col statcol"><em>Spe<\/em><br>73<\/span> <\/span><\/li><li style="clear: both"><\/li><\/ul>
|move|p2a: Boohawk|Brave Bird|p1a: Poultergeist
|-damage|p1a: Poultergeist|69\/100
|-damage|p2a: Boohawk|78\/100|[from] Recoil
|-enditem|p1a: Poultergeist|Big Red Button
|move|p1a: Poultergeist|Explosion|p2a: Boohawk|[from]item: Big Red Button
|-immune|p2a: Boohawk
|faint|p1a: Poultergeist
|detailschange|p1a: Poultergeist|Poultergeist-Headless, M
|-ability|p1a: Poultergeist|Chicken Out
|-message|Poultergeist ran off somewhere...
|
|upkeep
|
|t:|1621880126
|switch|p1a: Marabastion|Marabastion, F|100\/100
|-start|p1a: Marabastion|typechange|Bug\/Steel|[silent]
|raw|<ul class="utilichart"><li class="result"><span class="col pokemonnamecol" style="white-space: nowrap">Marabastion<\/span> <span class="col typecol"><img src="https:\/\/play.pokemonshowdown.com\/sprites\/types\/Bug.png" alt="Bug" height="14" width="32"><img src="https:\/\/play.pokemonshowdown.com\/sprites\/types\/Steel.png" alt="Steel" height="14" width="32"><\/span> <span style="float: left ; min-height: 26px"><span class="col abilitycol">Skill Link \/ Heavy Metal \/ Return Fire<\/span><span class="col abilitycol"><\/span><\/span><\/li><li style="clear: both"><\/li><\/ul>
|raw|<ul class="utilichart"><li class="result"><span style="float: left ; min-height: 26px"><span class="col statcol"><em>HP<\/em><br>85<\/span> <span class="col statcol"><em>Atk<\/em><br>120<\/span> <span class="col statcol"><em>Def<\/em><br>165<\/span> <span class="col statcol"><em>SpA<\/em><br>50<\/span> <span class="col statcol"><em>SpD<\/em><br>90<\/span> <span class="col statcol"><em>Spe<\/em><br>20<\/span> <\/span><\/li><li style="clear: both"><\/li><\/ul>
|turn|3
|
|t:|1621880130
|move|p2a: Boohawk|Fire Lash|p1a: Marabastion
|-supereffective|p1a: Marabastion
|-damage|p1a: Marabastion|67\/100
|-unboost|p1a: Marabastion|def|1
|move|p1a: Marabastion|Rock Blast|p2a: Boohawk
|-supereffective|p2a: Boohawk
|-damage|p2a: Boohawk|59\/100
|-supereffective|p2a: Boohawk
|-damage|p2a: Boohawk|40\/100
|-supereffective|p2a: Boohawk
|-damage|p2a: Boohawk|22\/100
|-supereffective|p2a: Boohawk
|-damage|p2a: Boohawk|5\/100
|-supereffective|p2a: Boohawk
|-damage|p2a: Boohawk|0 fnt
|-hitcount|p2a: Boohawk|5
|faint|p2a: Boohawk
|
|upkeep
|c|☆Rebel Noivern|lol
|
|t:|1621880148
|switch|p2a: Poultergeist|Poultergeist, F|100\/100
|-start|p2a: Poultergeist|typechange|Fire\/Flying|[silent]
|raw|<ul class="utilichart"><li class="result"><span class="col pokemonnamecol" style="white-space: nowrap">Poultergeist<\/span> <span class="col typecol"><img src="https:\/\/play.pokemonshowdown.com\/sprites\/types\/Fire.png" alt="Fire" height="14" width="32"><img src="https:\/\/play.pokemonshowdown.com\/sprites\/types\/Flying.png" alt="Flying" height="14" width="32"><\/span> <span style="float: left ; min-height: 26px"><span class="col abilitycol">Chicken Out<\/span><span class="col abilitycol"><\/span><\/span><\/li><li style="clear: both"><\/li><\/ul>
|raw|<ul class="utilichart"><li class="result"><span style="float: left ; min-height: 26px"><span class="col statcol"><em>HP<\/em><br>105<\/span> <span class="col statcol"><em>Atk<\/em><br>65<\/span> <span class="col statcol"><em>Def<\/em><br>85<\/span> <span class="col statcol"><em>SpA<\/em><br>105<\/span> <span class="col statcol"><em>SpD<\/em><br>85<\/span> <span class="col statcol"><em>Spe<\/em><br>73<\/span> <\/span><\/li><li style="clear: both"><\/li><\/ul>
|turn|4
|
|t:|1621880153
|move|p2a: Poultergeist|Mind Blown|p1a: Marabastion
|-supereffective|p1a: Marabastion
|-damage|p1a: Marabastion|0 fnt
|-damage|p2a: Poultergeist|50\/100|[from] mindblown
|faint|p1a: Marabastion
|
|upkeep
|
|t:|1621880160
|switch|p1a: Locustab|Locustab, M|100\/100
|-start|p1a: Locustab|typechange|Bug\/Dark|[silent]
|raw|<ul class="utilichart"><li class="result"><span class="col pokemonnamecol" style="white-space: nowrap">Locustab<\/span> <span class="col typecol"><img src="https:\/\/play.pokemonshowdown.com\/sprites\/types\/Bug.png" alt="Bug" height="14" width="32"><img src="https:\/\/play.pokemonshowdown.com\/sprites\/types\/Dark.png" alt="Dark" height="14" width="32"><\/span> <span style="float: left ; min-height: 26px"><span class="col abilitycol">Tough Claws \/ Sand Veil \/ Sand Rush<\/span><span class="col abilitycol"><\/span><\/span><\/li><li style="clear: both"><\/li><\/ul>
|raw|<ul class="utilichart"><li class="result"><span style="float: left ; min-height: 26px"><span class="col statcol"><em>HP<\/em><br>65<\/span> <span class="col statcol"><em>Atk<\/em><br>133<\/span> <span class="col statcol"><em>Def<\/em><br>72<\/span> <span class="col statcol"><em>SpA<\/em><br>69<\/span> <span class="col statcol"><em>SpD<\/em><br>62<\/span> <span class="col statcol"><em>Spe<\/em><br>104<\/span> <\/span><\/li><li style="clear: both"><\/li><\/ul>
|turn|5
|
|t:|1621880169
|move|p1a: Locustab|Knock Off|p2a: Poultergeist
|-damage|p2a: Poultergeist|0 fnt
|-enditem|p2a: Poultergeist|Heavy-Duty Boots|[from] move: Knock Off|[of] p1a: Locustab
|-damage|p1a: Locustab|91\/100|[from] item: Life Orb
|faint|p2a: Poultergeist
|detailschange|p2a: Poultergeist|Poultergeist-Headless, F
|-ability|p2a: Poultergeist|Chicken Out
|-message|Poultergeist ran off somewhere...
|
|upkeep
|
|t:|1621880178
|switch|p2a: Flufnir|Flufnir, M|100\/100
|-start|p2a: Flufnir|typechange|Normal\/Dragon|[silent]
|raw|<ul class="utilichart"><li class="result"><span class="col pokemonnamecol" style="white-space: nowrap">Flufnir<\/span> <span class="col typecol"><img src="https:\/\/play.pokemonshowdown.com\/sprites\/types\/Normal.png" alt="Normal" height="14" width="32"><img src="https:\/\/play.pokemonshowdown.com\/sprites\/types\/Dragon.png" alt="Dragon" height="14" width="32"><\/span> <span style="float: left ; min-height: 26px"><span class="col abilitycol">Fluffy \/ Hustle \/ Natural Cure<\/span><span class="col abilitycol"><\/span><\/span><\/li><li style="clear: both"><\/li><\/ul>
|raw|<ul class="utilichart"><li class="result"><span style="float: left ; min-height: 26px"><span class="col statcol"><em>HP<\/em><br>128<\/span> <span class="col statcol"><em>Atk<\/em><br>136<\/span> <span class="col statcol"><em>Def<\/em><br>64<\/span> <span class="col statcol"><em>SpA<\/em><br>80<\/span> <span class="col statcol"><em>SpD<\/em><br>64<\/span> <span class="col statcol"><em>Spe<\/em><br>63<\/span> <\/span><\/li><li style="clear: both"><\/li><\/ul>
|turn|6
|
|t:|1621880186
|move|p1a: Locustab|Close Combat|p2a: Flufnir
|-supereffective|p2a: Flufnir
|-damage|p2a: Flufnir|30\/100
|-unboost|p1a: Locustab|def|1
|-unboost|p1a: Locustab|spd|1
|-damage|p1a: Locustab|81\/100|[from] item: Life Orb
|move|p2a: Flufnir|Body Slam|p1a: Locustab
|-damage|p1a: Locustab|0 fnt
|faint|p1a: Locustab
|
|upkeep
|
|t:|1621880200
|switch|p1a: Sceptile|Sceptile-Mega-Sword, M|55\/100
|-start|p1a: Sceptile|typechange|Grass\/Rock|[silent]
|-start|p1a: Sceptile|typechange|Grass\/Rock|[silent]
|turn|7
|
|t:|1621880204
|move|p1a: Sceptile|Hone Claws|p1a: Sceptile
|-boost|p1a: Sceptile|atk|1
|-boost|p1a: Sceptile|accuracy|1
|move|p2a: Flufnir|Iron Head|p1a: Sceptile
|-supereffective|p1a: Sceptile
|-crit|p1a: Sceptile
|-damage|p1a: Sceptile|0 fnt
|faint|p1a: Sceptile
|
|upkeep
|c|☆Rebel Noivern|Ok
|
|t:|1621880240
|switch|p1a: Poultergeist|Poultergeist-Headless, M|100\/100
|-start|p1a: Poultergeist|typechange|Fire\/Ghost|[silent]
|raw|<ul class="utilichart"><li class="result"><span class="col pokemonnamecol" style="white-space: nowrap">Poultergeist-Headless<\/span> <span class="col typecol"><img src="https:\/\/play.pokemonshowdown.com\/sprites\/types\/Fire.png" alt="Fire" height="14" width="32"><img src="https:\/\/play.pokemonshowdown.com\/sprites\/types\/Ghost.png" alt="Ghost" height="14" width="32"><\/span> <span style="float: left ; min-height: 26px"><span class="col abilitycol">Wonder Guard<\/span><span class="col abilitycol"><\/span><\/span><\/li><li style="clear: both"><\/li><\/ul>
|raw|<ul class="utilichart"><li class="result"><span style="float: left ; min-height: 26px"><span class="col statcol"><em>HP<\/em><br>1<\/span> <span class="col statcol"><em>Atk<\/em><br>65<\/span> <span class="col statcol"><em>Def<\/em><br>85<\/span> <span class="col statcol"><em>SpA<\/em><br>105<\/span> <span class="col statcol"><em>SpD<\/em><br>85<\/span> <span class="col statcol"><em>Spe<\/em><br>113<\/span> <\/span><\/li><li style="clear: both"><\/li><\/ul>
|turn|8
|
|t:|1621880249
|move|p1a: Poultergeist|Air Slash|p2a: Flufnir
|-damage|p2a: Flufnir|13\/100
|move|p2a: Flufnir|Aqua Tail|p1a: Poultergeist
|-supereffective|p1a: Poultergeist
|-damage|p1a: Poultergeist|0 fnt
|faint|p1a: Poultergeist
|
|upkeep
|
|t:|1621880258
|switch|p1a: Tatsunami|Tatsunami|100\/100
|-start|p1a: Tatsunami|typechange|Dragon\/Water|[silent]
|raw|<ul class="utilichart"><li class="result"><span class="col pokemonnamecol" style="white-space: nowrap">Tatsunami<\/span> <span class="col typecol"><img src="https:\/\/play.pokemonshowdown.com\/sprites\/types\/Dragon.png" alt="Dragon" height="14" width="32"><img src="https:\/\/play.pokemonshowdown.com\/sprites\/types\/Water.png" alt="Water" height="14" width="32"><\/span> <span style="float: left ; min-height: 26px"><span class="col abilitycol">Epipelagic Deity \/ Bathypelagic Deity \/ Mesopelagic Deity<\/span><span class="col abilitycol"><\/span><\/span><\/li><li style="clear: both"><\/li><\/ul>
|raw|<ul class="utilichart"><li class="result"><span style="float: left ; min-height: 26px"><span class="col statcol"><em>HP<\/em><br>111<\/span> <span class="col statcol"><em>Atk<\/em><br>88<\/span> <span class="col statcol"><em>Def<\/em><br>77<\/span> <span class="col statcol"><em>SpA<\/em><br>121<\/span> <span class="col statcol"><em>SpD<\/em><br>77<\/span> <span class="col statcol"><em>Spe<\/em><br>101<\/span> <\/span><\/li><li style="clear: both"><\/li><\/ul>
|turn|9
|
|t:|1621880262
|switch|p2a: Buzzstacian|Buzzstacian, F|100\/100
|-start|p2a: Buzzstacian|typechange|Grass\/Electric|[silent]
|raw|<ul class="utilichart"><li class="result"><span class="col pokemonnamecol" style="white-space: nowrap">Buzzstacian<\/span> <span class="col typecol"><img src="https:\/\/play.pokemonshowdown.com\/sprites\/types\/Grass.png" alt="Grass" height="14" width="32"><img src="https:\/\/play.pokemonshowdown.com\/sprites\/types\/Electric.png" alt="Electric" height="14" width="32"><\/span> <span style="float: left ; min-height: 26px"><span class="col abilitycol">Natural Cure \/ Leaf Guard \/ Marvel Scale<\/span><span class="col abilitycol"><\/span><\/span><\/li><li style="clear: both"><\/li><\/ul>
|raw|<ul class="utilichart"><li class="result"><span style="float: left ; min-height: 26px"><span class="col statcol"><em>HP<\/em><br>117<\/span> <span class="col statcol"><em>Atk<\/em><br>49<\/span> <span class="col statcol"><em>Def<\/em><br>84<\/span> <span class="col statcol"><em>SpA<\/em><br>101<\/span> <span class="col statcol"><em>SpD<\/em><br>106<\/span> <span class="col statcol"><em>Spe<\/em><br>63<\/span> <\/span><\/li><li style="clear: both"><\/li><\/ul>
|move|p1a: Tatsunami|Calm Mind|p1a: Tatsunami
|-boost|p1a: Tatsunami|spa|1
|-boost|p1a: Tatsunami|spd|1
|
|upkeep
|turn|10
|
|t:|1621880268
|move|p1a: Tatsunami|Calm Mind|p1a: Tatsunami
|-boost|p1a: Tatsunami|spa|1
|-boost|p1a: Tatsunami|spd|1
|move|p2a: Buzzstacian|Surf|p1a: Tatsunami
|-resisted|p1a: Tatsunami
|-crit|p1a: Tatsunami
|-damage|p1a: Tatsunami|83\/100
|
|-heal|p1a: Tatsunami|89\/100|[from] item: Leftovers
|upkeep
|turn|11
|
|t:|1621880296
|move|p1a: Tatsunami|Calm Mind|p1a: Tatsunami
|-boost|p1a: Tatsunami|spa|1
|-boost|p1a: Tatsunami|spd|1
|move|p2a: Buzzstacian|Surf|p1a: Tatsunami
|-resisted|p1a: Tatsunami
|-damage|p1a: Tatsunami|83\/100
|
|-heal|p1a: Tatsunami|89\/100|[from] item: Leftovers
|upkeep
|turn|12
|
|t:|1621880307
|move|p1a: Tatsunami|Ice Beam|p2a: Buzzstacian
|-supereffective|p2a: Buzzstacian
|-damage|p2a: Buzzstacian|0 fnt
|faint|p2a: Buzzstacian
|
|-heal|p1a: Tatsunami|96\/100|[from] item: Leftovers
|upkeep
|
|t:|1621880312
|switch|p2a: Marabastion|Marabastion, M|100\/100
|-start|p2a: Marabastion|typechange|Bug\/Steel|[silent]
|raw|<ul class="utilichart"><li class="result"><span class="col pokemonnamecol" style="white-space: nowrap">Marabastion<\/span> <span class="col typecol"><img src="https:\/\/play.pokemonshowdown.com\/sprites\/types\/Bug.png" alt="Bug" height="14" width="32"><img src="https:\/\/play.pokemonshowdown.com\/sprites\/types\/Steel.png" alt="Steel" height="14" width="32"><\/span> <span style="float: left ; min-height: 26px"><span class="col abilitycol">Skill Link \/ Heavy Metal \/ Return Fire<\/span><span class="col abilitycol"><\/span><\/span><\/li><li style="clear: both"><\/li><\/ul>
|raw|<ul class="utilichart"><li class="result"><span style="float: left ; min-height: 26px"><span class="col statcol"><em>HP<\/em><br>85<\/span> <span class="col statcol"><em>Atk<\/em><br>120<\/span> <span class="col statcol"><em>Def<\/em><br>165<\/span> <span class="col statcol"><em>SpA<\/em><br>50<\/span> <span class="col statcol"><em>SpD<\/em><br>90<\/span> <span class="col statcol"><em>Spe<\/em><br>20<\/span> <\/span><\/li><li style="clear: both"><\/li><\/ul>
|turn|13
|
|t:|1621880317
|move|p1a: Tatsunami|Surf|p2a: Marabastion
|-damage|p2a: Marabastion|0 fnt
|faint|p2a: Marabastion
|
|-heal|p1a: Tatsunami|100\/100|[from] item: Leftovers
|upkeep
|
|t:|1621880322
|switch|p2a: Poultergeist|Poultergeist-Headless, F|100\/100
|-start|p2a: Poultergeist|typechange|Fire\/Ghost|[silent]
|raw|<ul class="utilichart"><li class="result"><span class="col pokemonnamecol" style="white-space: nowrap">Poultergeist-Headless<\/span> <span class="col typecol"><img src="https:\/\/play.pokemonshowdown.com\/sprites\/types\/Fire.png" alt="Fire" height="14" width="32"><img src="https:\/\/play.pokemonshowdown.com\/sprites\/types\/Ghost.png" alt="Ghost" height="14" width="32"><\/span> <span style="float: left ; min-height: 26px"><span class="col abilitycol">Wonder Guard<\/span><span class="col abilitycol"><\/span><\/span><\/li><li style="clear: both"><\/li><\/ul>
|raw|<ul class="utilichart"><li class="result"><span style="float: left ; min-height: 26px"><span class="col statcol"><em>HP<\/em><br>1<\/span> <span class="col statcol"><em>Atk<\/em><br>65<\/span> <span class="col statcol"><em>Def<\/em><br>85<\/span> <span class="col statcol"><em>SpA<\/em><br>105<\/span> <span class="col statcol"><em>SpD<\/em><br>85<\/span> <span class="col statcol"><em>Spe<\/em><br>113<\/span> <\/span><\/li><li style="clear: both"><\/li><\/ul>
|turn|14
|
|t:|1621880330
|switch|p1a: Venonator|Venonator, M|100\/100
|-start|p1a: Venonator|typechange|Poison\/Dragon|[silent]
|raw|<ul class="utilichart"><li class="result"><span class="col pokemonnamecol" style="white-space: nowrap">Venonator<\/span> <span class="col typecol"><img src="https:\/\/play.pokemonshowdown.com\/sprites\/types\/Poison.png" alt="Poison" height="14" width="32"><img src="https:\/\/play.pokemonshowdown.com\/sprites\/types\/Dragon.png" alt="Dragon" height="14" width="32"><\/span> <span style="float: left ; min-height: 26px"><span class="col abilitycol">Swift Swim \/ Strong Jaw \/ Venom Drain<\/span><span class="col abilitycol"><\/span><\/span><\/li><li style="clear: both"><\/li><\/ul>
|raw|<ul class="utilichart"><li class="result"><span style="float: left ; min-height: 26px"><span class="col statcol"><em>HP<\/em><br>120<\/span> <span class="col statcol"><em>Atk<\/em><br>135<\/span> <span class="col statcol"><em>Def<\/em><br>100<\/span> <span class="col statcol"><em>SpA<\/em><br>79<\/span> <span class="col statcol"><em>SpD<\/em><br>60<\/span> <span class="col statcol"><em>Spe<\/em><br>106<\/span> <\/span><\/li><li style="clear: both"><\/li><\/ul>
|move|p2a: Poultergeist|Mind Blown|p1a: Venonator
|-resisted|p1a: Venonator
|-damage|p1a: Venonator|51\/100
|-damage|p2a: Poultergeist|0 fnt|[from] mindblown
|faint|p2a: Poultergeist
|
|-heal|p1a: Venonator|57\/100|[from] item: Leftovers
|upkeep
|
|t:|1621880342
|switch|p2a: Sceptile|Sceptile-Mega-Sword, M|100\/100
|-start|p2a: Sceptile|typechange|Grass\/Rock|[silent]
|raw|<ul class="utilichart"><li class="result"><span class="col pokemonnamecol" style="white-space: nowrap">Sceptile-Mega-Sword<\/span> <span class="col typecol"><img src="https:\/\/play.pokemonshowdown.com\/sprites\/types\/Grass.png" alt="Grass" height="14" width="32"><img src="https:\/\/play.pokemonshowdown.com\/sprites\/types\/Rock.png" alt="Rock" height="14" width="32"><\/span> <span style="float: left ; min-height: 26px"><span class="col abilitycol">Stonilate<\/span><span class="col abilitycol"><\/span><\/span><\/li><li style="clear: both"><\/li><\/ul>
|raw|<ul class="utilichart"><li class="result"><span style="float: left ; min-height: 26px"><span class="col statcol"><em>HP<\/em><br>70<\/span> <span class="col statcol"><em>Atk<\/em><br>135<\/span> <span class="col statcol"><em>Def<\/em><br>85<\/span> <span class="col statcol"><em>SpA<\/em><br>105<\/span> <span class="col statcol"><em>SpD<\/em><br>85<\/span> <span class="col statcol"><em>Spe<\/em><br>150<\/span> <\/span><\/li><li style="clear: both"><\/li><\/ul>
|-start|p2a: Sceptile|typechange|Grass\/Rock|[silent]
|turn|15
|
|t:|1621880349
|move|p2a: Sceptile|Swords Dance|p2a: Sceptile
|-boost|p2a: Sceptile|atk|2
|move|p1a: Venonator|Dragon Dance|p1a: Venonator
|-boost|p1a: Venonator|atk|1
|-boost|p1a: Venonator|spe|1
|
|-heal|p1a: Venonator|63\/100|[from] item: Leftovers
|upkeep
|turn|16
|
|t:|1621880356
|move|p1a: Venonator|Leech Life|p2a: Sceptile
|-supereffective|p2a: Sceptile
|-damage|p2a: Sceptile|0 fnt
|-heal|p1a: Venonator|99\/100|[from] drain|[of] p2a: Sceptile
|faint|p2a: Sceptile
|
|-heal|p1a: Venonator|100\/100|[from] item: Leftovers
|upkeep
|
|t:|1621880364
|switch|p2a: Flufnir|Flufnir, M|13\/100
|-start|p2a: Flufnir|typechange|Normal\/Dragon|[silent]
|turn|17
|c|☆menzareon|gg
|c|☆Rebel Noivern|gg
|
|t:|1621880379
|move|p1a: Venonator|Hunting Dive||[still]
|-anim|p1a: Venonator|Dive|p2a: Flufnir
|-supereffective|p2a: Flufnir
|-damage|p2a: Flufnir|0 fnt
|faint|p2a: Flufnir
|
|win|Rebel Noivern
|c|☆menzareon|!\/dt hunting dive
|c|☆menzareon|ooops
</script>
</div>
<div class="battle-log battle-log-inline"><div class="inner"><div class="battle-options"></div><div class="inner message-log"><div class="chat"><div class="broadcast-red"><strong>This battle is invite-only!</strong><br>Users must be invited with <code>/invite</code> (or be staff) to join</div></div><div class="chat"><small>☆Rebel Noivern and ☆menzareon joined</small></div><div class=""><small>Format:</small> <br><strong>[Gen 8] Conniecord Draft League</strong></div><div class=""><small><em>HP Percentage Mod:</em> HP is shown in percentages</small></div><div class=""><small><em>Endless Battle Clause:</em> Forcing endless battles is banned</small></div><div class=""><small><em>OHKO Clause:</em> OHKO moves are banned</small></div><div class=""><small><em>Evasion Moves Clause:</em> Evasion moves are banned</small></div><div class=""><small><em>Species Clause:</em> Limit one of each Pokémon (not counting forms)</small></div><div class=""><small><em>Dynamax Clause:</em> You cannot dynamax</small></div><div class=""><small><em>Sleep Clause Mod:</em> Limit one foe put to sleep</small></div><div class=""><small><em>Z-Move Clause:</em> Z-Moves are banned</small></div><div class="chat battle-history"><strong>Rebel Noivern's team:</strong> <em style="color:#445566;display:block;">Venonator / Poultergeist / Marabastion / Sceptile-Mega-Sword / Locustab / Tatsunami</em></div><div class="chat battle-history"><strong>menzareon's team:</strong> <em style="color:#445566;display:block;">Flufnir / Poultergeist / Marabastion / Buzzstacian / Boohawk / Sceptile-Mega-Sword</em></div><div class="spacer battle-history"><br></div><div class="battle-history">Battle started between Rebel Noivern and menzareon!<br></div><div class="spacer battle-history"><br></div><div class="battle-history">Go! Sceptile (<strong>Sceptile-Mega-Sword</strong>)!<br></div><div class="spacer battle-history"><br></div><div class="battle-history">menzareon sent out <strong>Boohawk</strong>!<br></div><div class="chat"><ul class="utilichart"><li class="result"><span class="col pokemonnamecol">Sceptile-Mega-Sword</span> <span class="col typecol"><img src="https://play.pokemonshowdown.com/sprites/types/Grass.png" alt="Grass" height="14" width="32"><img src="https://play.pokemonshowdown.com/sprites/types/Rock.png" alt="Rock" height="14" width="32"></span> <span><span class="col abilitycol">Stonilate</span><span class="col abilitycol"></span></span></li><li></li></ul></div><div class="chat"><ul class="utilichart"><li class="result"><span><span class="col statcol"><em>HP</em><br>70</span> <span class="col statcol"><em>Atk</em><br>135</span> <span class="col statcol"><em>Def</em><br>85</span> <span class="col statcol"><em>SpA</em><br>105</span> <span class="col statcol"><em>SpD</em><br>85</span> <span class="col statcol"><em>Spe</em><br>150</span> </span></li><li></li></ul></div><div class="chat"><ul class="utilichart"><li class="result"><span class="col pokemonnamecol">Boohawk</span> <span class="col typecol"><img src="https://play.pokemonshowdown.com/sprites/types/Ghost.png" alt="Ghost" height="14" width="32"><img src="https://play.pokemonshowdown.com/sprites/types/Flying.png" alt="Flying" height="14" width="32"></span> <span><span class="col abilitycol">Dialogue</span><span class="col abilitycol"></span></span></li><li></li></ul></div><div class="chat"><ul class="utilichart"><li class="result"><span><span class="col statcol"><em>HP</em><br>85</span> <span class="col statcol"><em>Atk</em><br>70</span> <span class="col statcol"><em>Def</em><br>100</span> <span class="col statcol"><em>SpA</em><br>55</span> <span class="col statcol"><em>SpD</em><br>170</span> <span class="col statcol"><em>Spe</em><br>50</span> </span></li><li></li></ul></div><div class="battle-history">[Sceptile's Contrary]<br><small>Sceptile acquired Contrary!</small><br></div><div class="spacer battle-history"><br></div><h2 class="battle-history">Turn 1</h2><div class="spacer battle-history"><br></div><div class="battle-history">Sceptile used <strong>Hone Claws</strong>!<br></div><div class="battle-history"><small>Sceptile's Attack fell!</small><br></div><div class="battle-history"><small>Sceptile's accuracy fell!</small><br></div><div class="spacer battle-history"><br></div><div class="battle-history">The opposing Boohawk used <strong>Brave Bird</strong>!<br></div><div class="battle-history"><small>(Sceptile lost 45% of its health!)</small><br></div><div class="battle-history"><small>The opposing Boohawk was damaged by the recoil!</small><br></div><div class="spacer battle-history"><br></div><h2 class="battle-history">Turn 2</h2><div class="spacer battle-history"><br></div><div class="battle-history">Sceptile, come back!<br></div><div class="battle-history">Go! <strong>Poultergeist</strong>!<br></div><div class="chat"><ul class="utilichart"><li class="result"><span class="col pokemonnamecol">Poultergeist</span> <span class="col typecol"><img src="https://play.pokemonshowdown.com/sprites/types/Fire.png" alt="Fire" height="14" width="32"><img src="https://play.pokemonshowdown.com/sprites/types/Flying.png" alt="Flying" height="14" width="32"></span> <span><span class="col abilitycol">Chicken Out</span><span class="col abilitycol"></span></span></li><li></li></ul></div><div class="chat"><ul class="utilichart"><li class="result"><span><span class="col statcol"><em>HP</em><br>105</span> <span class="col statcol"><em>Atk</em><br>65</span> <span class="col statcol"><em>Def</em><br>85</span> <span class="col statcol"><em>SpA</em><br>105</span> <span class="col statcol"><em>SpD</em><br>85</span> <span class="col statcol"><em>Spe</em><br>73</span> </span></li><li></li></ul></div><div class="spacer battle-history"><br></div><div class="battle-history">The opposing Boohawk used <strong>Brave Bird</strong>!<br></div><div class="battle-history"><small>(Poultergeist lost 31% of its health!)</small><br></div><div class="battle-history"><small>The opposing Boohawk was damaged by the recoil!</small><br></div><div class="battle-history"><small>(Poultergeist used its Big Red Button!)</small><br></div><div class="spacer battle-history"><br></div><div class="battle-history">Poultergeist used <strong>Explosion</strong>!<br></div><div class="battle-history"><small>It doesn't affect the opposing Boohawk...</small><br></div><div class="spacer battle-history"><br></div><div class="battle-history">Poultergeist fainted!<br></div><div class="battle-history">[Poultergeist's Chicken Out]<br></div><div class="battle-history"><small>Poultergeist ran off somewhere...</small><br></div><div class="spacer battle-history"><br></div><div class="battle-history">Go! <strong>Marabastion</strong>!<br></div><div class="chat"><ul class="utilichart"><li class="result"><span class="col pokemonnamecol">Marabastion</span> <span class="col typecol"><img src="https://play.pokemonshowdown.com/sprites/types/Bug.png" alt="Bug" height="14" width="32"><img src="https://play.pokemonshowdown.com/sprites/types/Steel.png" alt="Steel" height="14" width="32"></span> <span><span class="col abilitycol">Skill Link / Heavy Metal / Return Fire</span><span class="col abilitycol"></span></span></li><li></li></ul></div><div class="chat"><ul class="utilichart"><li class="result"><span><span class="col statcol"><em>HP</em><br>85</span> <span class="col statcol"><em>Atk</em><br>120</span> <span class="col statcol"><em>Def</em><br>165</span> <span class="col statcol"><em>SpA</em><br>50</span> <span class="col statcol"><em>SpD</em><br>90</span> <span class="col statcol"><em>Spe</em><br>20</span> </span></li><li></li></ul></div><div class="spacer battle-history"><br></div><h2 class="battle-history">Turn 3</h2><div class="spacer battle-history"><br></div><div class="battle-history">The opposing Boohawk used <strong>Fire Lash</strong>!<br></div><div class="battle-history"><small>It's super effective!</small><br></div><div class="battle-history"><small>(Marabastion lost 33% of its health!)</small><br></div><div class="battle-history"><small>Marabastion's Defense fell!</small><br></div><div class="spacer battle-history"><br></div><div class="battle-history">Marabastion used <strong>Rock Blast</strong>!<br></div><div class="battle-history"><small>It's super effective!</small><br></div><div class="battle-history"><small>(The opposing Boohawk lost 19% of its health!)</small><br></div><div class="battle-history"><small>It's super effective!</small><br></div><div class="battle-history"><small>(The opposing Boohawk lost 19% of its health!)</small><br></div><div class="battle-history"><small>It's super effective!</small><br></div><div class="battle-history"><small>(The opposing Boohawk lost 18% of its health!)</small><br></div><div class="battle-history"><small>It's super effective!</small><br></div><div class="battle-history"><small>(The opposing Boohawk lost 17% of its health!)</small><br></div><div class="battle-history"><small>It's super effective!</small><br></div><div class="battle-history"><small>(The opposing Boohawk lost 5% of its health!)</small><br></div><div class="battle-history"><small>The Pokémon was hit 5 times!</small><br></div><div class="spacer battle-history"><br></div><div class="battle-history">The opposing Boohawk fainted!<br></div><div class="chat chatmessage-rebelnoivern"><strong style="color:#27a80e"><small>☆</small><span class="username" data-name="Rebel Noivern">Rebel Noivern</span>:</strong> <em>lol</em></div><div class="spacer battle-history"><br></div><div class="battle-history">menzareon sent out <strong>Poultergeist</strong>!<br></div><div class="chat"><ul class="utilichart"><li class="result"><span class="col pokemonnamecol">Poultergeist</span> <span class="col typecol"><img src="https://play.pokemonshowdown.com/sprites/types/Fire.png" alt="Fire" height="14" width="32"><img src="https://play.pokemonshowdown.com/sprites/types/Flying.png" alt="Flying" height="14" width="32"></span> <span><span class="col abilitycol">Chicken Out</span><span class="col abilitycol"></span></span></li><li></li></ul></div><div class="chat"><ul class="utilichart"><li class="result"><span><span class="col statcol"><em>HP</em><br>105</span> <span class="col statcol"><em>Atk</em><br>65</span> <span class="col statcol"><em>Def</em><br>85</span> <span class="col statcol"><em>SpA</em><br>105</span> <span class="col statcol"><em>SpD</em><br>85</span> <span class="col statcol"><em>Spe</em><br>73</span> </span></li><li></li></ul></div><div class="spacer battle-history"><br></div><h2 class="battle-history">Turn 4</h2><div class="spacer battle-history"><br></div><div class="battle-history">The opposing Poultergeist used <strong>Mind Blown</strong>!<br></div><div class="battle-history"><small>It's super effective!</small><br></div><div class="battle-history"><small>(Marabastion lost 67% of its health!)</small><br></div><div class="battle-history"><small>(The opposing Poultergeist cut its own HP to power up its move!)</small><br></div><div class="spacer battle-history"><br></div><div class="battle-history">Marabastion fainted!<br></div><div class="spacer battle-history"><br></div><div class="battle-history">Go! <strong>Locustab</strong>!<br></div><div class="chat"><ul class="utilichart"><li class="result"><span class="col pokemonnamecol">Locustab</span> <span class="col typecol"><img src="https://play.pokemonshowdown.com/sprites/types/Bug.png" alt="Bug" height="14" width="32"><img src="https://play.pokemonshowdown.com/sprites/types/Dark.png" alt="Dark" height="14" width="32"></span> <span><span class="col abilitycol">Tough Claws / Sand Veil / Sand Rush</span><span class="col abilitycol"></span></span></li><li></li></ul></div><div class="chat"><ul class="utilichart"><li class="result"><span><span class="col statcol"><em>HP</em><br>65</span> <span class="col statcol"><em>Atk</em><br>133</span> <span class="col statcol"><em>Def</em><br>72</span> <span class="col statcol"><em>SpA</em><br>69</span> <span class="col statcol"><em>SpD</em><br>62</span> <span class="col statcol"><em>Spe</em><br>104</span> </span></li><li></li></ul></div><div class="spacer battle-history"><br></div><h2 class="battle-history">Turn 5</h2><div class="spacer battle-history"><br></div><div class="battle-history">Locustab used <strong>Knock Off</strong>!<br></div><div class="battle-history"><small>(The opposing Poultergeist lost 50% of its health!)</small><br></div><div class="battle-history"><small>Locustab knocked off the opposing Poultergeist's Heavy-Duty Boots!</small><br></div><div class="battle-history"><small>Locustab lost some of its HP!</small><br></div><div class="spacer battle-history"><br></div><div class="battle-history">The opposing Poultergeist fainted!<br></div><div class="battle-history">[The opposing Poultergeist's Chicken Out]<br></div><div class="battle-history"><small>Poultergeist ran off somewhere...</small><br></div><div class="spacer battle-history"><br></div><div class="battle-history">menzareon sent out <strong>Flufnir</strong>!<br></div><div class="chat"><ul class="utilichart"><li class="result"><span class="col pokemonnamecol">Flufnir</span> <span class="col typecol"><img src="https://play.pokemonshowdown.com/sprites/types/Normal.png" alt="Normal" height="14" width="32"><img src="https://play.pokemonshowdown.com/sprites/types/Dragon.png" alt="Dragon" height="14" width="32"></span> <span><span class="col abilitycol">Fluffy / Hustle / Natural Cure</span><span class="col abilitycol"></span></span></li><li></li></ul></div><div class="chat"><ul class="utilichart"><li class="result"><span><span class="col statcol"><em>HP</em><br>128</span> <span class="col statcol"><em>Atk</em><br>136</span> <span class="col statcol"><em>Def</em><br>64</span> <span class="col statcol"><em>SpA</em><br>80</span> <span class="col statcol"><em>SpD</em><br>64</span> <span class="col statcol"><em>Spe</em><br>63</span> </span></li><li></li></ul></div><div class="spacer battle-history"><br></div><h2 class="battle-history">Turn 6</h2><div class="spacer battle-history"><br></div><div class="battle-history">Locustab used <strong>Close Combat</strong>!<br></div><div class="battle-history"><small>It's super effective!</small><br></div><div class="battle-history"><small>(The opposing Flufnir lost 70% of its health!)</small><br></div><div class="battle-history"><small>Locustab's Defense fell!</small><br></div><div class="battle-history"><small>Locustab's Sp. Def fell!</small><br></div><div class="battle-history"><small>Locustab lost some of its HP!</small><br></div><div class="spacer battle-history"><br></div><div class="battle-history">The opposing Flufnir used <strong>Body Slam</strong>!<br></div><div class="battle-history"><small>(Locustab lost 81% of its health!)</small><br></div><div class="spacer battle-history"><br></div><div class="battle-history">Locustab fainted!<br></div><div class="spacer battle-history"><br></div><div class="battle-history">Go! Sceptile (<strong>Sceptile-Mega-Sword</strong>)!<br></div><div class="spacer battle-history"><br></div><h2 class="battle-history">Turn 7</h2><div class="spacer battle-history"><br></div><div class="battle-history">Sceptile used <strong>Hone Claws</strong>!<br></div><div class="battle-history"><small>Sceptile's Attack rose!</small><br></div><div class="battle-history"><small>Sceptile's accuracy rose!</small><br></div><div class="spacer battle-history"><br></div><div class="battle-history">The opposing Flufnir used <strong>Iron Head</strong>!<br></div><div class="battle-history"><small>It's super effective!</small><br></div><div class="battle-history"><small>A critical hit!</small><br></div><div class="battle-history"><small>(Sceptile lost 55% of its health!)</small><br></div><div class="spacer battle-history"><br></div><div class="battle-history">Sceptile fainted!<br></div><div class="chat chatmessage-rebelnoivern"><strong style="color:#27a80e"><small>☆</small><span class="username" data-name="Rebel Noivern">Rebel Noivern</span>:</strong> <em>Ok</em></div><div class="spacer battle-history"><br></div><div class="battle-history">Go! Poultergeist (<strong>Poultergeist-Headless</strong>)!<br></div><div class="chat"><ul class="utilichart"><li class="result"><span class="col pokemonnamecol">Poultergeist-Headless</span> <span class="col typecol"><img src="https://play.pokemonshowdown.com/sprites/types/Fire.png" alt="Fire" height="14" width="32"><img src="https://play.pokemonshowdown.com/sprites/types/Ghost.png" alt="Ghost" height="14" width="32"></span> <span><span class="col abilitycol">Wonder Guard</span><span class="col abilitycol"></span></span></li><li></li></ul></div><div class="chat"><ul class="utilichart"><li class="result"><span><span class="col statcol"><em>HP</em><br>1</span> <span class="col statcol"><em>Atk</em><br>65</span> <span class="col statcol"><em>Def</em><br>85</span> <span class="col statcol"><em>SpA</em><br>105</span> <span class="col statcol"><em>SpD</em><br>85</span> <span class="col statcol"><em>Spe</em><br>113</span> </span></li><li></li></ul></div><div class="spacer battle-history"><br></div><h2 class="battle-history">Turn 8</h2><div class="spacer battle-history"><br></div><div class="battle-history">Poultergeist used <strong>Air Slash</strong>!<br></div><div class="battle-history"><small>(The opposing Flufnir lost 17% of its health!)</small><br></div><div class="spacer battle-history"><br></div><div class="battle-history">The opposing Flufnir used <strong>Aqua Tail</strong>!<br></div><div class="battle-history"><small>It's super effective!</small><br></div><div class="battle-history"><small>(Poultergeist lost 100% of its health!)</small><br></div><div class="spacer battle-history"><br></div><div class="battle-history">Poultergeist fainted!<br></div><div class="spacer battle-history"><br></div><div class="battle-history">Go! <strong>Tatsunami</strong>!<br></div><div class="chat"><ul class="utilichart"><li class="result"><span class="col pokemonnamecol">Tatsunami</span> <span class="col typecol"><img src="https://play.pokemonshowdown.com/sprites/types/Dragon.png" alt="Dragon" height="14" width="32"><img src="https://play.pokemonshowdown.com/sprites/types/Water.png" alt="Water" height="14" width="32"></span> <span><span class="col abilitycol">Epipelagic Deity / Bathypelagic Deity / Mesopelagic Deity</span><span class="col abilitycol"></span></span></li><li></li></ul></div><div class="chat"><ul class="utilichart"><li class="result"><span><span class="col statcol"><em>HP</em><br>111</span> <span class="col statcol"><em>Atk</em><br>88</span> <span class="col statcol"><em>Def</em><br>77</span> <span class="col statcol"><em>SpA</em><br>121</span> <span class="col statcol"><em>SpD</em><br>77</span> <span class="col statcol"><em>Spe</em><br>101</span> </span></li><li></li></ul></div><div class="spacer battle-history"><br></div><h2 class="battle-history">Turn 9</h2><div class="spacer battle-history"><br></div><div class="battle-history">menzareon withdrew Flufnir!<br></div><div class="battle-history">menzareon sent out <strong>Buzzstacian</strong>!<br></div><div class="chat"><ul class="utilichart"><li class="result"><span class="col pokemonnamecol">Buzzstacian</span> <span class="col typecol"><img src="https://play.pokemonshowdown.com/sprites/types/Grass.png" alt="Grass" height="14" width="32"><img src="https://play.pokemonshowdown.com/sprites/types/Electric.png" alt="Electric" height="14" width="32"></span> <span><span class="col abilitycol">Natural Cure / Leaf Guard / Marvel Scale</span><span class="col abilitycol"></span></span></li><li></li></ul></div><div class="chat"><ul class="utilichart"><li class="result"><span><span class="col statcol"><em>HP</em><br>117</span> <span class="col statcol"><em>Atk</em><br>49</span> <span class="col statcol"><em>Def</em><br>84</span> <span class="col statcol"><em>SpA</em><br>101</span> <span class="col statcol"><em>SpD</em><br>106</span> <span class="col statcol"><em>Spe</em><br>63</span> </span></li><li></li></ul></div><div class="spacer battle-history"><br></div><div class="battle-history">Tatsunami used <strong>Calm Mind</strong>!<br></div><div class="battle-history"><small>Tatsunami's Sp. Atk rose!</small><br></div><div class="battle-history"><small>Tatsunami's Sp. Def rose!</small><br></div><div class="spacer battle-history"><br></div><h2 class="battle-history">Turn 10</h2><div class="spacer battle-history"><br></div><div class="battle-history">Tatsunami used <strong>Calm Mind</strong>!<br></div><div class="battle-history"><small>Tatsunami's Sp. Atk rose!</small><br></div><div class="battle-history"><small>Tatsunami's Sp. Def rose!</small><br></div><div class="spacer battle-history"><br></div><div class="battle-history">The opposing Buzzstacian used <strong>Surf</strong>!<br></div><div class="battle-history"><small>It's not very effective...</small><br></div><div class="battle-history"><small>A critical hit!</small><br></div><div class="battle-history"><small>(Tatsunami lost 17% of its health!)</small><br></div><div class="spacer battle-history"><br></div><div class="battle-history"><small>Tatsunami restored a little HP using its Leftovers!</small><br></div><div class="spacer battle-history"><br></div><h2 class="battle-history">Turn 11</h2><div class="spacer battle-history"><br></div><div class="battle-history">Tatsunami used <strong>Calm Mind</strong>!<br></div><div class="battle-history"><small>Tatsunami's Sp. Atk rose!</small><br></div><div class="battle-history"><small>Tatsunami's Sp. Def rose!</small><br></div><div class="spacer battle-history"><br></div><div class="battle-history">The opposing Buzzstacian used <strong>Surf</strong>!<br></div><div class="battle-history"><small>It's not very effective...</small><br></div><div class="battle-history"><small>(Tatsunami lost 6% of its health!)</small><br></div><div class="spacer battle-history"><br></div><div class="battle-history"><small>Tatsunami restored a little HP using its Leftovers!</small><br></div><div class="spacer battle-history"><br></div><h2 class="battle-history">Turn 12</h2><div class="spacer battle-history"><br></div><div class="battle-history">Tatsunami used <strong>Ice Beam</strong>!<br></div><div class="battle-history"><small>It's super effective!</small><br></div><div class="battle-history"><small>(The opposing Buzzstacian lost 100% of its health!)</small><br></div><div class="spacer battle-history"><br></div><div class="battle-history">The opposing Buzzstacian fainted!<br></div><div class="spacer battle-history"><br></div><div class="battle-history"><small>Tatsunami restored a little HP using its Leftovers!</small><br></div><div class="spacer battle-history"><br></div><div class="battle-history">menzareon sent out <strong>Marabastion</strong>!<br></div><div class="chat"><ul class="utilichart"><li class="result"><span class="col pokemonnamecol">Marabastion</span> <span class="col typecol"><img src="https://play.pokemonshowdown.com/sprites/types/Bug.png" alt="Bug" height="14" width="32"><img src="https://play.pokemonshowdown.com/sprites/types/Steel.png" alt="Steel" height="14" width="32"></span> <span><span class="col abilitycol">Skill Link / Heavy Metal / Return Fire</span><span class="col abilitycol"></span></span></li><li></li></ul></div><div class="chat"><ul class="utilichart"><li class="result"><span><span class="col statcol"><em>HP</em><br>85</span> <span class="col statcol"><em>Atk</em><br>120</span> <span class="col statcol"><em>Def</em><br>165</span> <span class="col statcol"><em>SpA</em><br>50</span> <span class="col statcol"><em>SpD</em><br>90</span> <span class="col statcol"><em>Spe</em><br>20</span> </span></li><li></li></ul></div><div class="spacer battle-history"><br></div><h2 class="battle-history">Turn 13</h2><div class="spacer battle-history"><br></div><div class="battle-history">Tatsunami used <strong>Surf</strong>!<br></div><div class="battle-history"><small>(The opposing Marabastion lost 100% of its health!)</small><br></div><div class="spacer battle-history"><br></div><div class="battle-history">The opposing Marabastion fainted!<br></div><div class="spacer battle-history"><br></div><div class="battle-history"><small>Tatsunami restored a little HP using its Leftovers!</small><br></div><div class="spacer battle-history"><br></div><div class="battle-history">menzareon sent out Poultergeist (<strong>Poultergeist-Headless</strong>)!<br></div><div class="chat"><ul class="utilichart"><li class="result"><span class="col pokemonnamecol">Poultergeist-Headless</span> <span class="col typecol"><img src="https://play.pokemonshowdown.com/sprites/types/Fire.png" alt="Fire" height="14" width="32"><img src="https://play.pokemonshowdown.com/sprites/types/Ghost.png" alt="Ghost" height="14" width="32"></span> <span><span class="col abilitycol">Wonder Guard</span><span class="col abilitycol"></span></span></li><li></li></ul></div><div class="chat"><ul class="utilichart"><li class="result"><span><span class="col statcol"><em>HP</em><br>1</span> <span class="col statcol"><em>Atk</em><br>65</span> <span class="col statcol"><em>Def</em><br>85</span> <span class="col statcol"><em>SpA</em><br>105</span> <span class="col statcol"><em>SpD</em><br>85</span> <span class="col statcol"><em>Spe</em><br>113</span> </span></li><li></li></ul></div><div class="spacer battle-history"><br></div><h2 class="battle-history">Turn 14</h2><div class="spacer battle-history"><br></div><div class="battle-history">Tatsunami, come back!<br></div><div class="battle-history">Go! <strong>Venonator</strong>!<br></div><div class="chat"><ul class="utilichart"><li class="result"><span class="col pokemonnamecol">Venonator</span> <span class="col typecol"><img src="https://play.pokemonshowdown.com/sprites/types/Poison.png" alt="Poison" height="14" width="32"><img src="https://play.pokemonshowdown.com/sprites/types/Dragon.png" alt="Dragon" height="14" width="32"></span> <span><span class="col abilitycol">Swift Swim / Strong Jaw / Venom Drain</span><span class="col abilitycol"></span></span></li><li></li></ul></div><div class="chat"><ul class="utilichart"><li class="result"><span><span class="col statcol"><em>HP</em><br>120</span> <span class="col statcol"><em>Atk</em><br>135</span> <span class="col statcol"><em>Def</em><br>100</span> <span class="col statcol"><em>SpA</em><br>79</span> <span class="col statcol"><em>SpD</em><br>60</span> <span class="col statcol"><em>Spe</em><br>106</span> </span></li><li></li></ul></div><div class="spacer battle-history"><br></div><div class="battle-history">The opposing Poultergeist used <strong>Mind Blown</strong>!<br></div><div class="battle-history"><small>It's not very effective...</small><br></div><div class="battle-history"><small>(Venonator lost 49% of its health!)</small><br></div><div class="battle-history"><small>(The opposing Poultergeist cut its own HP to power up its move!)</small><br></div><div class="spacer battle-history"><br></div><div class="battle-history">The opposing Poultergeist fainted!<br></div><div class="spacer battle-history"><br></div><div class="battle-history"><small>Venonator restored a little HP using its Leftovers!</small><br></div><div class="spacer battle-history"><br></div><div class="battle-history">menzareon sent out Sceptile (<strong>Sceptile-Mega-Sword</strong>)!<br></div><div class="chat"><ul class="utilichart"><li class="result"><span class="col pokemonnamecol">Sceptile-Mega-Sword</span> <span class="col typecol"><img src="https://play.pokemonshowdown.com/sprites/types/Grass.png" alt="Grass" height="14" width="32"><img src="https://play.pokemonshowdown.com/sprites/types/Rock.png" alt="Rock" height="14" width="32"></span> <span><span class="col abilitycol">Stonilate</span><span class="col abilitycol"></span></span></li><li></li></ul></div><div class="chat"><ul class="utilichart"><li class="result"><span><span class="col statcol"><em>HP</em><br>70</span> <span class="col statcol"><em>Atk</em><br>135</span> <span class="col statcol"><em>Def</em><br>85</span> <span class="col statcol"><em>SpA</em><br>105</span> <span class="col statcol"><em>SpD</em><br>85</span> <span class="col statcol"><em>Spe</em><br>150</span> </span></li><li></li></ul></div><div class="spacer battle-history"><br></div><h2 class="battle-history">Turn 15</h2><div class="spacer battle-history"><br></div><div class="battle-history">The opposing Sceptile used <strong>Swords Dance</strong>!<br></div><div class="battle-history"><small>The opposing Sceptile's Attack rose sharply!</small><br></div><div class="spacer battle-history"><br></div><div class="battle-history">Venonator used <strong>Dragon Dance</strong>!<br></div><div class="battle-history"><small>Venonator's Attack rose!</small><br></div><div class="battle-history"><small>Venonator's Speed rose!</small><br></div><div class="spacer battle-history"><br></div><div class="battle-history"><small>Venonator restored a little HP using its Leftovers!</small><br></div><div class="spacer battle-history"><br></div><h2 class="battle-history">Turn 16</h2><div class="spacer battle-history"><br></div><div class="battle-history">Venonator used <strong>Leech Life</strong>!<br></div><div class="battle-history"><small>It's super effective!</small><br></div><div class="battle-history"><small>(The opposing Sceptile lost 100% of its health!)</small><br></div><div class="battle-history"><small>The opposing Sceptile had its energy drained!</small><br></div><div class="spacer battle-history"><br></div><div class="battle-history">The opposing Sceptile fainted!<br></div><div class="spacer battle-history"><br></div><div class="battle-history"><small>Venonator restored a little HP using its Leftovers!</small><br></div><div class="spacer battle-history"><br></div><div class="battle-history">menzareon sent out <strong>Flufnir</strong>!<br></div><div class="spacer battle-history"><br></div><h2 class="battle-history">Turn 17</h2><div class="chat chatmessage-menzareon"><strong style="color:#b135a9"><small>☆</small><span class="username" data-name="menzareon">menzareon</span>:</strong> <em>gg</em></div><div class="chat chatmessage-rebelnoivern"><strong style="color:#27a80e"><small>☆</small><span class="username" data-name="Rebel Noivern">Rebel Noivern</span>:</strong> <em>gg</em></div><div class="spacer battle-history"><br></div><div class="battle-history">Venonator used <strong>Hunting Dive</strong>!<br></div><div class="battle-history"><small>It's super effective!</small><br></div><div class="battle-history"><small>(The opposing Flufnir lost 13% of its health!)</small><br></div><div class="spacer battle-history"><br></div><div class="battle-history">The opposing Flufnir fainted!<br></div><div class="spacer battle-history"><br></div><div class="battle-history"><strong>Rebel Noivern</strong> won the battle!<br></div><div class="chat chatmessage-menzareon"><strong style="color:#b135a9"><small>☆</small><span class="username" data-name="menzareon">menzareon</span>:</strong> <em>!/dt hunting dive</em></div><div class="chat chatmessage-menzareon"><strong style="color:#b135a9"><small>☆</small><span class="username" data-name="menzareon">menzareon</span>:</strong> <em>ooops</em></div></div><div class="inner-preempt message-log"></div></div></div>
</div>
<script>
let daily = Math.floor(Date.now()/1000/60/60/24);document.write('<script src="https://play.pokemonshowdown.com/js/replay-embed.js?version'+daily+'"></'+'script>');
</script>
