<!DOCTYPE html>
<meta charset="utf-8" />
<!-- version 1 -->
<title>[Gen 8] Conniecord Draft League replay: H2OPulse vs. inkbug1</title>
<style>
html,body {font-family:Verdana, sans-serif;font-size:10pt;margin:0;padding:0;}body{padding:12px 0;} .battle-log {font-family:Verdana, sans-serif;font-size:10pt;} .battle-log-inline {border:1px solid #AAAAAA;background:#EEF2F5;color:black;max-width:640px;margin:0 auto 80px;padding-bottom:5px;} .battle-log .inner {padding:4px 8px 0px 8px;} .battle-log .inner-preempt {padding:0 8px 4px 8px;} .battle-log .inner-after {margin-top:0.5em;} .battle-log h2 {margin:0.5em -8px;padding:4px 8px;border:1px solid #AAAAAA;background:#E0E7EA;border-left:0;border-right:0;font-family:Verdana, sans-serif;font-size:13pt;} .battle-log .chat {vertical-align:middle;padding:3px 0 3px 0;font-size:8pt;} .battle-log .chat strong {color:#40576A;} .battle-log .chat em {padding:1px 4px 1px 3px;color:#000000;font-style:normal;} .chat.mine {background:rgba(0,0,0,0.05);margin-left:-8px;margin-right:-8px;padding-left:8px;padding-right:8px;} .spoiler {color:#BBBBBB;background:#BBBBBB;padding:0px 3px;} .spoiler:hover, .spoiler:active, .spoiler-shown {color:#000000;background:#E2E2E2;padding:0px 3px;} .spoiler a {color:#BBBBBB;} .spoiler:hover a, .spoiler:active a, .spoiler-shown a {color:#2288CC;} .chat code, .chat .spoiler:hover code, .chat .spoiler:active code, .chat .spoiler-shown code {border:1px solid #C0C0C0;background:#EEEEEE;color:black;padding:0 2px;} .chat .spoiler code {border:1px solid #CCCCCC;background:#CCCCCC;color:#CCCCCC;} .battle-log .rated {padding:3px 4px;} .battle-log .rated strong {color:white;background:#89A;padding:1px 4px;border-radius:4px;} .spacer {margin-top:0.5em;} .message-announce {background:#6688AA;color:white;padding:1px 4px 2px;} .message-announce a, .broadcast-green a, .broadcast-blue a, .broadcast-red a {color:#DDEEFF;} .broadcast-green {background-color:#559955;color:white;padding:2px 4px;} .broadcast-blue {background-color:#6688AA;color:white;padding:2px 4px;} .infobox {border:1px solid #6688AA;padding:2px 4px;} .infobox-limited {max-height:200px;overflow:auto;overflow-x:hidden;} .broadcast-red {background-color:#AA5544;color:white;padding:2px 4px;} .message-learn-canlearn {font-weight:bold;color:#228822;text-decoration:underline;} .message-learn-cannotlearn {font-weight:bold;color:#CC2222;text-decoration:underline;} .message-effect-weak {font-weight:bold;color:#CC2222;} .message-effect-resist {font-weight:bold;color:#6688AA;} .message-effect-immune {font-weight:bold;color:#666666;} .message-learn-list {margin-top:0;margin-bottom:0;} .message-throttle-notice, .message-error {color:#992222;} .message-overflow, .chat small.message-overflow {font-size:0pt;} .message-overflow::before {font-size:9pt;content:'...';} .subtle {color:#3A4A66;}
</style>
<div class="wrapper replay-wrapper" style="max-width:1180px;margin:0 auto">
<input type="hidden" name="replayid" value="dragonheaven-gen8conniecorddraftleague-1046" />
<div class="battle"></div><div class="battle-log"></div><div class="replay-controls"></div><div class="replay-controls-2"></div>
<h1 style="font-weight:normal;text-align:center"><strong>[Gen 8] Conniecord Draft League</strong><br /><a href="http://pokemonshowdown.com/users/h2opulse" class="subtle" target="_blank">H2OPulse</a> vs. <a href="http://pokemonshowdown.com/users/inkbug1" class="subtle" target="_blank">inkbug1</a></h1>
<script type="text/plain" class="battle-log-data">|j|☆H2OPulse
|j|☆inkbug1

|t:|1611042694
|player|p1|H2OPulse|aetherfoundation|
|player|p2|inkbug1|burgh|
|teamsize|p1|6
|teamsize|p2|6
|gametype|singles
|gen|8
|tier|[Gen 8] Conniecord Draft League
|clearpoke
|poke|p1|Araquanid, M|
|poke|p1|Vaporeon, F|
|poke|p1|Flygon, F|
|poke|p1|Zoroark, M|
|poke|p1|Scizor, F|
|poke|p1|Poultergeist, M|
|poke|p2|Landorus-Therian, M|
|poke|p2|Incineroar, F|
|poke|p2|Neuroboxin, M|
|poke|p2|Manectric, F|
|poke|p2|Golisopod, M|
|poke|p2|Eldegoss, M|
|rule|HP Percentage Mod: HP is shown in percentages
|rule|Endless Battle Clause: Forcing endless battles is banned
|rule|OHKO Clause: OHKO moves are banned
|rule|Evasion Moves Clause: Evasion moves are banned
|rule|Species Clause: Limit one of each Pokémon (not counting forms)
|rule|Dynamax Clause: You cannot dynamax
|rule|Sleep Clause Mod: Limit one foe put to sleep
|rule|Z-Move Clause: Z-Moves are banned
|teampreview
|
|t:|1611042707
|start
|switch|p1a: Spilly|Araquanid, M|100\/100
|switch|p2a: Neuroboxin|Neuroboxin, M|289\/289
|-start|p2a: Neuroboxin|typechange|Poison\/Fighting|[silent]
|raw|<ul class="utilichart"><li class="result"><span class="col pokemonnamecol" style="white-space: nowrap">Neuroboxin<\/span> <span class="col typecol"><img src="https:\/\/play.pokemonshowdown.com\/sprites\/types\/Poison.png" alt="Poison" height="14" width="32"><img src="https:\/\/play.pokemonshowdown.com\/sprites\/types\/Fighting.png" alt="Fighting" height="14" width="32"><\/span> <span style="float: left ; min-height: 26px"><span class="col abilitycol">Infiltrator \/ Sticky Hold \/ Trace<\/span><span class="col abilitycol"><\/span><\/span><span style="float: left ; min-height: 26px"><span class="col statcol"><em>HP<\/em><br>74<\/span> <span class="col statcol"><em>Atk<\/em><br>85<\/span> <span class="col statcol"><em>Def<\/em><br>96<\/span> <span class="col statcol"><em>SpA<\/em><br>72<\/span> <span class="col statcol"><em>SpD<\/em><br>81<\/span> <span class="col statcol"><em>Spe<\/em><br>109<\/span> <\/span><\/li><li style="clear: both"><\/li><\/ul>
|-ability|p2a: Neuroboxin|Water Bubble|[from] ability: Trace|[of] p1a: Spilly
|turn|1
|
|t:|1611042716
|move|p2a: Neuroboxin|U-turn|p1a: Spilly
|-damage|p1a: Spilly|76\/100
|
|t:|1611042724
|switch|p2a: Goliso Padre|Golisopod, M|354\/354
|move|p1a: Spilly|Sticky Web|p2a: Goliso Padre
|-sidestart|p2: inkbug1|move: Sticky Web
|
|upkeep
|turn|2
|
|t:|1611042747
|switch|p1a: Ophrys|Scizor, F|100\/100
|move|p2a: Goliso Padre|First Impression|p1a: Ophrys
|-resisted|p1a: Ophrys
|-damage|p1a: Ophrys|82\/100
|
|upkeep
|turn|3
|
|t:|1611042754
|switch|p2a: Donner|Manectric, F|281\/281
|-activate|p2a: Donner|move: Sticky Web
|-unboost|p2a: Donner|spe|1
|detailschange|p1a: Ophrys|Scizor-Mega, F
|-mega|p1a: Ophrys|Scizor|Scizorite
|move|p1a: Ophrys|Swords Dance|p1a: Ophrys
|-boost|p1a: Ophrys|atk|2
|
|upkeep
|turn|4
|
|t:|1611042771
|switch|p1a: Lotus|Flygon, F|100\/100
|detailschange|p2a: Donner|Manectric-Mega, F
|-mega|p2a: Donner|Manectric|Manectite
|-ability|p2a: Donner|Intimidate|boost
|-unboost|p1a: Lotus|atk|1
|move|p2a: Donner|Volt Switch|p1a: Lotus
|-immune|p1a: Lotus
|
|upkeep
|turn|5
|
|t:|1611042786
|switch|p2a: Caramel|Landorus-Therian, M|382\/382
|-ability|p2a: Caramel|Intimidate|boost
|-unboost|p1a: Lotus|atk|1
|move|p1a: Lotus|U-turn|p2a: Caramel
|-resisted|p2a: Caramel
|-damage|p2a: Caramel|364\/382
|
|t:|1611042789
|switch|p1a: Spilly|Araquanid, M|76\/100|[from]move: U-turn
|
|-heal|p2a: Caramel|382\/382|[from] item: Leftovers
|upkeep
|turn|6
|
|t:|1611042804
|switch|p2a: Donner|Manectric-Mega, F|281\/281
|-activate|p2a: Donner|move: Sticky Web
|-unboost|p2a: Donner|spe|1
|-ability|p2a: Donner|Intimidate|boost
|-unboost|p1a: Spilly|atk|1
|move|p1a: Spilly|Liquidation|p2a: Donner
|-damage|p2a: Donner|77\/281
|
|upkeep
|turn|7
|
|t:|1611042839
|switch|p1a: Lotus|Flygon, F|100\/100
|move|p2a: Donner|Ice Fang|p1a: Lotus
|-supereffective|p1a: Lotus
|-damage|p1a: Lotus|0 fnt
|faint|p1a: Lotus
|
|upkeep
|c|☆H2OPulse|__The tech__
|c|☆H2OPulse|Okay
|
|t:|1611042850
|switch|p1a: Rosemary|Poultergeist, M|100\/100
|turn|8
|
|t:|1611042860
|switch|p2a: Caramel|Landorus-Therian, M|382\/382
|-ability|p2a: Caramel|Intimidate|boost
|-unboost|p1a: Rosemary|atk|1
|move|p1a: Rosemary|Focus Blast|p2a: Caramel|[miss]
|-miss|p1a: Rosemary|p2a: Caramel
|
|upkeep
|turn|9
|c|☆inkbug1|oh now its 
|c|☆inkbug1|oh thats not
|c|☆inkbug1|okay
|c|☆inkbug1|i was abt to complain abt the type display
|c|☆H2OPulse|Fhjgkj
|
|t:|1611042886
|switch|p1a: Spilly|Araquanid, M|76\/100
|move|p2a: Caramel|U-turn|p1a: Spilly
|-damage|p1a: Spilly|49\/100
|c|☆H2OPulse|Yeah nope I just have to add Illusion support there :'D
|
|t:|1611042893
|switch|p2a: Candyfloss|Eldegoss, M|261\/261
|-activate|p2a: Candyfloss|move: Sticky Web
|-unboost|p2a: Candyfloss|spe|1
|
|upkeep
|turn|10
|
|t:|1611042904
|move|p1a: Spilly|Leech Life|p2a: Candyfloss
|-supereffective|p2a: Candyfloss
|-damage|p2a: Candyfloss|81\/261
|-heal|p1a: Spilly|80\/100|[from] drain|[of] p2a: Candyfloss
|move|p2a: Candyfloss|Rapid Spin|p1a: Spilly
|-damage|p1a: Spilly|74\/100
|-boost|p2a: Candyfloss|spe|1
|-sideend|p2: inkbug1|Sticky Web|[from] move: Rapid Spin|[of] p2a: Candyfloss
|
|upkeep
|turn|11
|
|t:|1611042918
|switch|p2a: Caramel|Landorus-Therian, M|382\/382
|-ability|p2a: Caramel|Intimidate|boost
|-unboost|p1a: Spilly|atk|1
|move|p1a: Spilly|Sticky Web|p2a: Caramel
|-sidestart|p2: inkbug1|move: Sticky Web
|
|upkeep
|turn|12
|
|t:|1611042925
|move|p2a: Caramel|U-turn|p1a: Spilly
|-crit|p1a: Spilly
|-damage|p1a: Spilly|31\/100
|
|t:|1611042936
|switch|p2a: Neuroboxin|Neuroboxin, M|289\/289
|-start|p2a: Neuroboxin|typechange|Poison\/Fighting|[silent]
|-activate|p2a: Neuroboxin|move: Sticky Web
|-unboost|p2a: Neuroboxin|spe|1
|-ability|p2a: Neuroboxin|Water Bubble|[from] ability: Trace|[of] p1a: Spilly
|move|p1a: Spilly|Liquidation|p2a: Neuroboxin
|-damage|p2a: Neuroboxin|144\/289
|
|-heal|p2a: Neuroboxin|162\/289|[from] item: Black Sludge
|upkeep
|turn|13
|
|t:|1611042956
|switch|p1a: Ophrys|Scizor-Mega, F|82\/100
|move|p2a: Neuroboxin|Toxic Spikes|p1a: Ophrys
|-sidestart|p1: H2OPulse|move: Toxic Spikes
|
|-heal|p2a: Neuroboxin|180\/289|[from] item: Black Sludge
|upkeep
|turn|14
|
|t:|1611042968
|-singleturn|p2a: Neuroboxin|move: Focus Punch
|move|p1a: Ophrys|Swords Dance|p1a: Ophrys
|-boost|p1a: Ophrys|atk|2
|move|p2a: Neuroboxin|Focus Punch|p1a: Ophrys
|-damage|p1a: Ophrys|50\/100
|
|-heal|p2a: Neuroboxin|198\/289|[from] item: Black Sludge
|upkeep
|turn|15
|c|☆H2OPulse|__fhgdjfkg respect__
|c|☆inkbug1|well that was anticlimatic
|
|t:|1611042983
|switch|p2a: Caramel|Landorus-Therian, M|382\/382
|-ability|p2a: Caramel|Intimidate|boost
|-unboost|p1a: Ophrys|atk|1
|move|p1a: Ophrys|Roost|p1a: Ophrys
|-heal|p1a: Ophrys|100\/100
|-singleturn|p1a: Ophrys|move: Roost
|
|upkeep
|turn|16
|
|t:|1611042994
|move|p1a: Ophrys|Bullet Punch|p2a: Caramel
|-damage|p2a: Caramel|214\/382
|move|p2a: Caramel|Defog|p1a: Ophrys
|-unboost|p1a: Ophrys|evasion|1
|-sideend|p1: H2OPulse|Toxic Spikes|[from] move: Defog|[of] p2a: Caramel
|-sideend|p2: inkbug1|Sticky Web|[from] move: Defog|[of] p2a: Caramel
|
|-heal|p2a: Caramel|237\/382|[from] item: Leftovers
|upkeep
|turn|17
|
|t:|1611043004
|move|p2a: Caramel|U-turn|p1a: Ophrys
|-resisted|p1a: Ophrys
|-damage|p1a: Ophrys|95\/100
|
|t:|1611043008
|switch|p2a: Goliso Padre|Golisopod, M|354\/354
|move|p1a: Ophrys|Swords Dance|p1a: Ophrys
|-boost|p1a: Ophrys|atk|2
|
|upkeep
|turn|18
|
|t:|1611043013
|move|p1a: Ophrys|Bullet Punch|p2a: Goliso Padre
|-resisted|p2a: Goliso Padre
|-damage|p2a: Goliso Padre|254\/354
|move|p2a: Goliso Padre|Liquidation|p1a: Ophrys
|-damage|p1a: Ophrys|68\/100
|
|upkeep
|turn|19
|c|☆inkbug1|guh
|c|☆inkbug1|thts bad'
|
|t:|1611043039
|switch|p2a: Caramel|Landorus-Therian, M|237\/382
|-ability|p2a: Caramel|Intimidate|boost
|-unboost|p1a: Ophrys|atk|1
|move|p1a: Ophrys|Bullet Punch|p2a: Caramel
|-damage|p2a: Caramel|0 fnt
|faint|p2a: Caramel
|
|upkeep
|
|t:|1611043046
|switch|p2a: Cindy|Incineroar, F|394\/394
|-ability|p2a: Cindy|Intimidate|boost
|-unboost|p1a: Ophrys|atk|1
|turn|20
|c|☆inkbug1|wait wqhat am i doing
|c|☆inkbug1|i straight up forgot i had incineroar in the party
|c|☆H2OPulse|FNjkfg
|
|t:|1611043061
|move|p1a: Ophrys|U-turn|p2a: Cindy
|-damage|p2a: Cindy|211\/394
|
|t:|1611043072
|switch|p1a: Cattail|Vaporeon, F|100\/100|[from]move: U-turn
|move|p2a: Cindy|Will-O-Wisp|p1a: Cattail
|-status|p1a: Cattail|brn
|
|-damage|p1a: Cattail|94\/100 brn|[from] brn
|upkeep
|turn|21
|
|t:|1611043081
|switch|p2a: Candyfloss|Eldegoss, M|168\/261
|move|p1a: Cattail|Wish|p1a: Cattail
|
|-heal|p1a: Cattail|100\/100 brn|[from] item: Leftovers
|-damage|p1a: Cattail|94\/100 brn|[from] brn
|upkeep
|turn|22
|
|t:|1611043088
|switch|p1a: Spilly|Araquanid, M|31\/100
|move|p2a: Candyfloss|Leech Seed|p1a: Spilly
|-start|p1a: Spilly|move: Leech Seed
|
|-heal|p1a: Spilly|100\/100|[from] move: Wish|[wisher] Cattail
|-damage|p1a: Spilly|88\/100|[from] Leech Seed|[of] p2a: Candyfloss
|-heal|p2a: Candyfloss|215\/261|[silent]
|upkeep
|turn|23
|
|t:|1611043097
|switch|p2a: Donner|Manectric-Mega, F|77\/281
|-ability|p2a: Donner|Intimidate|boost
|-unboost|p1a: Spilly|atk|1
|move|p1a: Spilly|Leech Life|p2a: Donner
|-damage|p2a: Donner|0 fnt
|-heal|p1a: Spilly|100\/100|[from] drain|[of] p2a: Donner
|faint|p2a: Donner
|
|upkeep
|c|☆inkbug1|noooooo
|c|☆inkbug1|ok
|
|t:|1611043125
|switch|p2a: Neuroboxin|Neuroboxin, M|198\/289
|-start|p2a: Neuroboxin|typechange|Poison\/Fighting|[silent]
|-ability|p2a: Neuroboxin|Water Bubble|[from] ability: Trace|[of] p1a: Spilly
|turn|24
|
|t:|1611043147
|switch|p1a: Ophrys|Scizor-Mega, F|68\/100
|move|p2a: Neuroboxin|Gunk Shot|p1a: Ophrys
|-immune|p1a: Ophrys
|
|-heal|p2a: Neuroboxin|216\/289|[from] item: Black Sludge
|upkeep
|turn|25
|
|t:|1611043155
|move|p2a: Neuroboxin|U-turn|p1a: Ophrys
|-resisted|p1a: Ophrys
|-damage|p1a: Ophrys|63\/100
|
|t:|1611043174
|switch|p2a: Cindy|Incineroar, F|211\/394
|-ability|p2a: Cindy|Intimidate|boost
|-unboost|p1a: Ophrys|atk|1
|move|p1a: Ophrys|Swords Dance|p1a: Ophrys
|-boost|p1a: Ophrys|atk|2
|
|upkeep
|turn|26
|
|t:|1611043182
|move|p1a: Ophrys|U-turn|p2a: Cindy
|-damage|p2a: Cindy|24\/394
|
|t:|1611043186
|switch|p1a: Cattail|Vaporeon, F|94\/100 brn|[from]move: U-turn
|move|p2a: Cindy|Fire Punch|p1a: Cattail
|-resisted|p1a: Cattail
|-damage|p1a: Cattail|83\/100 brn
|
|-heal|p1a: Cattail|90\/100 brn|[from] item: Leftovers
|-damage|p1a: Cattail|83\/100 brn|[from] brn
|upkeep
|turn|27
|
|t:|1611043195
|switch|p2a: Neuroboxin|Neuroboxin, M|216\/289
|-start|p2a: Neuroboxin|typechange|Poison\/Fighting|[silent]
|-ability|p2a: Neuroboxin|Water Absorb|[from] ability: Trace|[of] p1a: Cattail
|move|p1a: Cattail|Flip Turn|p2a: Neuroboxin
|-heal|p2a: Neuroboxin|288\/289|[from] ability: Water Absorb|[of] p1a: Cattail
|
|-heal|p2a: Neuroboxin|289\/289|[from] item: Black Sludge
|-heal|p1a: Cattail|90\/100 brn|[from] item: Leftovers
|-damage|p1a: Cattail|83\/100 brn|[from] brn
|upkeep
|turn|28
|
|t:|1611043215
|switch|p2a: Candyfloss|Eldegoss, M|261\/261
|switch|p1a: Ophrys|Scizor-Mega, F|63\/100
|
|upkeep
|turn|29
|
|t:|1611043222
|move|p1a: Ophrys|Swords Dance|p1a: Ophrys
|-boost|p1a: Ophrys|atk|2
|move|p2a: Candyfloss|Leech Seed|p1a: Ophrys
|-start|p1a: Ophrys|move: Leech Seed
|
|-damage|p1a: Ophrys|50\/100|[from] Leech Seed|[of] p2a: Candyfloss
|upkeep
|turn|30
|
|t:|1611043231
|switch|p2a: Cindy|Incineroar, F|24\/394
|-ability|p2a: Cindy|Intimidate|boost
|-unboost|p1a: Ophrys|atk|1
|move|p1a: Ophrys|Roost|p1a: Ophrys
|-heal|p1a: Ophrys|100\/100
|-singleturn|p1a: Ophrys|move: Roost
|
|-damage|p1a: Ophrys|88\/100|[from] Leech Seed|[of] p2a: Cindy
|-heal|p2a: Cindy|66\/394|[silent]
|upkeep
|turn|31
|
|t:|1611043240
|switch|p2a: Goliso Padre|Golisopod, M|254\/354
|move|p1a: Ophrys|U-turn|p2a: Goliso Padre
|-damage|p2a: Goliso Padre|128\/354
|-activate|p2a: Goliso Padre|ability: Emergency Exit
|c|☆inkbug1|thats 
|c|☆inkbug1|not what i wanted
|c|☆H2OPulse|I love this interaction
|
|t:|1611043259
|switch|p2a: Neuroboxin|Neuroboxin, M|289\/289
|-start|p2a: Neuroboxin|typechange|Poison\/Fighting|[silent]
|-ability|p2a: Neuroboxin|Technician|[from] ability: Trace|[of] p1a: Ophrys
|
|-damage|p1a: Ophrys|76\/100|[from] Leech Seed|[of] p2a: Neuroboxin
|upkeep
|turn|32
|
|t:|1611043273
|move|p2a: Neuroboxin|U-turn|p1a: Ophrys
|-resisted|p1a: Ophrys
|-damage|p1a: Ophrys|71\/100
|
|t:|1611043276
|switch|p2a: Cindy|Incineroar, F|66\/394
|-ability|p2a: Cindy|Intimidate|boost
|-unboost|p1a: Ophrys|atk|1
|move|p1a: Ophrys|Swords Dance|p1a: Ophrys
|-boost|p1a: Ophrys|atk|2
|
|-damage|p1a: Ophrys|59\/100|[from] Leech Seed|[of] p2a: Cindy
|-heal|p2a: Cindy|108\/394|[silent]
|upkeep
|turn|33
|
|t:|1611043285
|move|p1a: Ophrys|U-turn|p2a: Cindy
|-damage|p2a: Cindy|0 fnt
|faint|p2a: Cindy
|c|☆inkbug1|a
|c|☆inkbug1|uhg
|
|t:|1611043300
|switch|p1a: Rosemary|Poultergeist, M|100\/100|[from]move: U-turn
|
|upkeep
|c|☆inkbug1|this just is not working
|
|t:|1611043308
|switch|p2a: Goliso Padre|Golisopod, M|128\/354
|turn|34
|
|t:|1611043315
|switch|p1a: Ophrys|Scizor-Mega, F|59\/100
|move|p2a: Goliso Padre|First Impression|p1a: Ophrys
|-resisted|p1a: Ophrys
|-damage|p1a: Ophrys|44\/100
|
|upkeep
|turn|35
|
|t:|1611043324
|move|p1a: Ophrys|Roost|p1a: Ophrys
|-heal|p1a: Ophrys|94\/100
|-singleturn|p1a: Ophrys|move: Roost
|move|p2a: Goliso Padre|Liquidation|p1a: Ophrys
|-damage|p1a: Ophrys|69\/100
|
|upkeep
|turn|36
|
|t:|1611043374
|move|p1a: Ophrys|Swords Dance|p1a: Ophrys
|-boost|p1a: Ophrys|atk|2
|move|p2a: Goliso Padre|Liquidation|p1a: Ophrys
|-damage|p1a: Ophrys|43\/100
|
|upkeep
|turn|37
|
|t:|1611043381
|move|p1a: Ophrys|Roost|p1a: Ophrys
|-heal|p1a: Ophrys|94\/100
|-singleturn|p1a: Ophrys|move: Roost
|move|p2a: Goliso Padre|Liquidation|p1a: Ophrys
|-damage|p1a: Ophrys|69\/100
|
|upkeep
|turn|38
|
|t:|1611043388
|move|p1a: Ophrys|Bullet Punch|p2a: Goliso Padre
|-resisted|p2a: Goliso Padre
|-damage|p2a: Goliso Padre|58\/354
|move|p2a: Goliso Padre|Liquidation|p1a: Ophrys
|-damage|p1a: Ophrys|42\/100
|
|upkeep
|turn|39
|
|t:|1611043394
|move|p1a: Ophrys|Roost|p1a: Ophrys
|-heal|p1a: Ophrys|93\/100
|-singleturn|p1a: Ophrys|move: Roost
|move|p2a: Goliso Padre|Liquidation|p1a: Ophrys
|-damage|p1a: Ophrys|66\/100
|
|upkeep
|turn|40
|
|t:|1611043399
|move|p1a: Ophrys|Bullet Punch|p2a: Goliso Padre
|-resisted|p2a: Goliso Padre
|-damage|p2a: Goliso Padre|0 fnt
|faint|p2a: Goliso Padre
|
|upkeep
|
|t:|1611043405
|switch|p2a: Candyfloss|Eldegoss, M|261\/261
|turn|41
|
|t:|1611043412
|move|p1a: Ophrys|U-turn|p2a: Candyfloss
|-supereffective|p2a: Candyfloss
|-damage|p2a: Candyfloss|0 fnt
|faint|p2a: Candyfloss
|
|t:|1611043415
|switch|p1a: Rosemary|Poultergeist, M|100\/100|[from]move: U-turn
|-start|p1a: Rosemary|typechange|Fire\/Flying|[silent]
|raw|<ul class="utilichart"><li class="result"><span class="col pokemonnamecol" style="white-space: nowrap">Poultergeist<\/span> <span class="col typecol"><img src="https:\/\/play.pokemonshowdown.com\/sprites\/types\/Fire.png" alt="Fire" height="14" width="32"><img src="https:\/\/play.pokemonshowdown.com\/sprites\/types\/Flying.png" alt="Flying" height="14" width="32"><\/span> <span style="float: left ; min-height: 26px"><span class="col abilitycol">Chicken Out<\/span><span class="col abilitycol"><\/span><\/span><span style="float: left ; min-height: 26px"><span class="col statcol"><em>HP<\/em><br>105<\/span> <span class="col statcol"><em>Atk<\/em><br>65<\/span> <span class="col statcol"><em>Def<\/em><br>85<\/span> <span class="col statcol"><em>SpA<\/em><br>105<\/span> <span class="col statcol"><em>SpD<\/em><br>85<\/span> <span class="col statcol"><em>Spe<\/em><br>73<\/span> <\/span><\/li><li style="clear: both"><\/li><\/ul>
|
|upkeep
|c|☆inkbug1|think i mightbe made another unusable thing by accident lads
|
|t:|1611043423
|switch|p2a: Neuroboxin|Neuroboxin, M|289\/289
|-start|p2a: Neuroboxin|typechange|Poison\/Fighting|[silent]
|turn|42
|c|☆H2OPulse|aaaaa I'm sorry
|c|☆H2OPulse|if it's any consolation, a) you beat me last time and b) you have thrown a massive wrench in every attempt at Wish passing
|
|t:|1611043470
|move|p2a: Neuroboxin|Gunk Shot|p1a: Rosemary|[miss]
|-miss|p2a: Neuroboxin|p1a: Rosemary
|move|p1a: Rosemary|Will-O-Wisp|p2a: Neuroboxin
|-status|p2a: Neuroboxin|brn
|
|-damage|p2a: Neuroboxin|271\/289 brn|[from] brn
|upkeep
|turn|43
|
|t:|1611043490
|move|p2a: Neuroboxin|Gunk Shot|p1a: Rosemary
|-damage|p1a: Rosemary|77\/100
|move|p1a: Rosemary|Overheat|p2a: Neuroboxin
|-damage|p2a: Neuroboxin|33\/289 brn
|-unboost|p1a: Rosemary|spa|2
|
|-heal|p2a: Neuroboxin|51\/289 brn|[from] item: Black Sludge
|-damage|p2a: Neuroboxin|33\/289 brn|[from] brn
|upkeep
|turn|44
|c|☆inkbug1|rly need to figure this out
|
|t:|1611043499
|move|p2a: Neuroboxin|Gunk Shot|p1a: Rosemary
|-damage|p1a: Rosemary|52\/100
|move|p1a: Rosemary|Hex|p2a: Neuroboxin
|-damage|p2a: Neuroboxin|0 fnt
|faint|p2a: Neuroboxin
|
|win|H2OPulse
|c|☆inkbug1|mk
|c|☆inkbug1|i will come back to this
|c|☆H2OPulse|Good game in any case!!!
|c|☆H2OPulse|And fair haha</script>
</div>
<div class="battle-log battle-log-inline"><div class="inner"><div class="battle-options"><div style="padding-top: 3px; padding-right: 3px; text-align: right"><button class="icon button" name="openBattleOptions" title="Options">Battle Options</button></div></div><div class="inner message-log"><div class="chat"><small>☆H2OPulse and ☆inkbug1 joined</small></div><div class=""><small>Format:</small> <br><strong>[Gen 8] Conniecord Draft League</strong></div><div class=""><small><em>HP Percentage Mod:</em> HP is shown in percentages</small></div><div class=""><small><em>Endless Battle Clause:</em> Forcing endless battles is banned</small></div><div class=""><small><em>OHKO Clause:</em> OHKO moves are banned</small></div><div class=""><small><em>Evasion Moves Clause:</em> Evasion moves are banned</small></div><div class=""><small><em>Species Clause:</em> Limit one of each Pokémon (not counting forms)</small></div><div class=""><small><em>Dynamax Clause:</em> You cannot dynamax</small></div><div class=""><small><em>Sleep Clause Mod:</em> Limit one foe put to sleep</small></div><div class=""><small><em>Z-Move Clause:</em> Z-Moves are banned</small></div><div class="chat battle-history"><strong>H2OPulse's team:</strong> <em style="color:#445566;display:block;">Araquanid / Vaporeon / Flygon / Zoroark / Scizor / Poultergeist</em></div><div class="chat battle-history"><strong>inkbug1's team:</strong> <em style="color:#445566;display:block;">Landorus-Therian / Incineroar / Neuroboxin / Manectric / Golisopod / Eldegoss</em></div><div class="spacer battle-history"><br></div><div class="battle-history">Battle started between H2OPulse and inkbug1!<br></div><div class="spacer battle-history"><br></div><div class="battle-history">H2OPulse sent out Spilly (<strong>Araquanid</strong>)!<br></div><div class="spacer battle-history"><br></div><div class="battle-history">Go! <strong>Neuroboxin</strong>!<br></div><div class="chat"><ul class="utilichart"><li class="result"><span class="col pokemonnamecol" style="white-space: nowrap">Neuroboxin</span> <span class="col typecol"><img src="https://play.pokemonshowdown.com/sprites/types/Poison.png" alt="Poison" height="14" width="32"><img src="https://play.pokemonshowdown.com/sprites/types/Fighting.png" alt="Fighting" height="14" width="32"></span> <span style="float: left ; min-height: 26px"><span class="col abilitycol">Infiltrator / Sticky Hold / Trace</span><span class="col abilitycol"></span></span><span style="float: left ; min-height: 26px"><span class="col statcol"><em>HP</em><br>74</span> <span class="col statcol"><em>Atk</em><br>85</span> <span class="col statcol"><em>Def</em><br>96</span> <span class="col statcol"><em>SpA</em><br>72</span> <span class="col statcol"><em>SpD</em><br>81</span> <span class="col statcol"><em>Spe</em><br>109</span> </span></li><li style="clear: both"></li></ul></div><div class="battle-history">[Neuroboxin's Trace]<br>[Neuroboxin's Water Bubble]<br><small>Neuroboxin traced the opposing Spilly's Water Bubble!</small><br></div><div class="spacer battle-history"><br></div><h2 class="battle-history">Turn 1</h2><div class="spacer battle-history"><br></div><div class="battle-history">Neuroboxin used <strong>U-turn</strong>!<br></div><div class="battle-history"><small>(The opposing Spilly lost 24% of its health!)</small><br></div><div class="spacer battle-history"><br></div><div class="battle-history">Neuroboxin went back to inkbug1!<br></div><div class="battle-history">Go! Goliso Padre (<strong>Golisopod</strong>)!<br></div><div class="spacer battle-history"><br></div><div class="battle-history">The opposing Spilly used <strong>Sticky Web</strong>!<br></div><div class="battle-history"><small>A sticky web has been laid out on the ground around your team!</small><br></div><div class="spacer battle-history"><br></div><h2 class="battle-history">Turn 2</h2><div class="spacer battle-history"><br></div><div class="battle-history">H2OPulse withdrew Spilly!<br></div><div class="battle-history">H2OPulse sent out Ophrys (<strong>Scizor</strong>)!<br></div><div class="spacer battle-history"><br></div><div class="battle-history">Goliso Padre used <strong>First Impression</strong>!<br></div><div class="battle-history"><small>It's not very effective...</small><br></div><div class="battle-history"><small>(The opposing Ophrys lost 18% of its health!)</small><br></div><div class="spacer battle-history"><br></div><h2 class="battle-history">Turn 3</h2><div class="spacer battle-history"><br></div><div class="battle-history">Goliso Padre, come back!<br></div><div class="battle-history">Go! Donner (<strong>Manectric</strong>)!<br></div><div class="battle-history"><small>Donner was caught in a sticky web!</small><br></div><div class="battle-history"><small>Donner's Speed fell!</small><br></div><div class="spacer battle-history"><br></div><div class="battle-history"><small>The opposing Ophrys's Scizorite is reacting to the Key Stone!</small><br>The opposing Ophrys has Mega Evolved into Mega Scizor!<br></div><div class="spacer battle-history"><br></div><div class="battle-history">The opposing Ophrys used <strong>Swords Dance</strong>!<br></div><div class="battle-history"><small>The opposing Ophrys's Attack rose sharply!</small><br></div><div class="spacer battle-history"><br></div><h2 class="battle-history">Turn 4</h2><div class="spacer battle-history"><br></div><div class="battle-history">H2OPulse withdrew Ophrys!<br></div><div class="battle-history">H2OPulse sent out Lotus (<strong>Flygon</strong>)!<br></div><div class="spacer battle-history"><br></div><div class="battle-history"><small>Donner's Manectite is reacting to the Key Stone!</small><br>Donner has Mega Evolved into Mega Manectric!<br></div><div class="battle-history">[Donner's Intimidate]<br></div><div class="battle-history"><small>The opposing Lotus's Attack fell!</small><br></div><div class="spacer battle-history"><br></div><div class="battle-history">Donner used <strong>Volt Switch</strong>!<br></div><div class="battle-history"><small>It doesn't affect the opposing Lotus...</small><br></div><div class="spacer battle-history"><br></div><h2 class="battle-history">Turn 5</h2><div class="spacer battle-history"><br></div><div class="battle-history">Donner went back to inkbug1!<br></div><div class="battle-history">Go! Caramel (<strong>Landorus-Therian</strong>)!<br></div><div class="battle-history">[Caramel's Intimidate]<br></div><div class="battle-history"><small>The opposing Lotus's Attack fell!</small><br></div><div class="spacer battle-history"><br></div><div class="battle-history">The opposing Lotus used <strong>U-turn</strong>!<br></div><div class="battle-history"><small>It's not very effective...</small><br></div><div class="battle-history"><small>(Caramel lost <abbr title="−18/382">4.7%</abbr> of its health!)</small><br></div><div class="spacer battle-history"><br></div><div class="battle-history">The opposing Lotus went back to H2OPulse!<br></div><div class="battle-history">H2OPulse sent out Spilly (<strong>Araquanid</strong>)!<br></div><div class="spacer battle-history"><br></div><div class="battle-history"><small>Caramel restored a little HP using its Leftovers!</small><br></div><div class="spacer battle-history"><br></div><h2 class="battle-history">Turn 6</h2><div class="spacer battle-history"><br></div><div class="battle-history">Caramel, come back!<br></div><div class="battle-history">Go! Donner (<strong>Manectric-Mega</strong>)!<br></div><div class="battle-history"><small>Donner was caught in a sticky web!</small><br></div><div class="battle-history"><small>Donner's Speed fell!</small><br></div><div class="battle-history">[Donner's Intimidate]<br></div><div class="battle-history"><small>The opposing Spilly's Attack fell!</small><br></div><div class="spacer battle-history"><br></div><div class="battle-history">The opposing Spilly used <strong>Liquidation</strong>!<br></div><div class="battle-history"><small>(Donner lost <abbr title="−204/281">72.6%</abbr> of its health!)</small><br></div><div class="spacer battle-history"><br></div><h2 class="battle-history">Turn 7</h2><div class="spacer battle-history"><br></div><div class="battle-history">H2OPulse withdrew Spilly!<br></div><div class="battle-history">H2OPulse sent out Lotus (<strong>Flygon</strong>)!<br></div><div class="spacer battle-history"><br></div><div class="battle-history">Donner used <strong>Ice Fang</strong>!<br></div><div class="battle-history"><small>It's super effective!</small><br></div><div class="battle-history"><small>(The opposing Lotus lost 100% of its health!)</small><br></div><div class="spacer battle-history"><br></div><div class="battle-history">The opposing Lotus fainted!<br></div><div class="chat chatmessage-h2opulse"><strong style="color:#6e8c2b"><small>☆</small><span class="username" data-name="H2OPulse">H2OPulse</span>:</strong> <em><i>The tech</i></em></div><div class="chat chatmessage-h2opulse"><strong style="color:#6e8c2b"><small>☆</small><span class="username" data-name="H2OPulse">H2OPulse</span>:</strong> <em>Okay</em></div><div class="spacer battle-history"><br></div><div class="battle-history">H2OPulse sent out Rosemary (<strong>Poultergeist</strong>)!<br></div><div class="spacer battle-history"><br></div><h2 class="battle-history">Turn 8</h2><div class="spacer battle-history"><br></div><div class="battle-history">Donner, come back!<br></div><div class="battle-history">Go! Caramel (<strong>Landorus-Therian</strong>)!<br></div><div class="battle-history">[Caramel's Intimidate]<br></div><div class="battle-history"><small>The opposing Rosemary's Attack fell!</small><br></div><div class="spacer battle-history"><br></div><div class="battle-history">The opposing Rosemary used <strong>Focus Blast</strong>!<br></div><div class="battle-history"><small>Caramel avoided the attack!</small><br></div><div class="spacer battle-history"><br></div><h2 class="battle-history">Turn 9</h2><div class="chat chatmessage-inkbug1 mine"><strong style="color:#e46e0f"><small>☆</small><span class="username" data-name="inkbug1">inkbug1</span>:</strong> <em>oh now its </em></div><div class="chat chatmessage-inkbug1 mine"><strong style="color:#e46e0f"><small>☆</small><span class="username" data-name="inkbug1">inkbug1</span>:</strong> <em>oh thats not</em></div><div class="chat chatmessage-inkbug1 mine"><strong style="color:#e46e0f"><small>☆</small><span class="username" data-name="inkbug1">inkbug1</span>:</strong> <em>okay</em></div><div class="chat chatmessage-inkbug1 mine"><strong style="color:#e46e0f"><small>☆</small><span class="username" data-name="inkbug1">inkbug1</span>:</strong> <em>i was abt to complain abt the type display</em></div><div class="chat chatmessage-h2opulse"><strong style="color:#6e8c2b"><small>☆</small><span class="username" data-name="H2OPulse">H2OPulse</span>:</strong> <em>Fhjgkj</em></div><div class="spacer battle-history"><br></div><div class="battle-history">H2OPulse withdrew Rosemary!<br></div><div class="battle-history">H2OPulse sent out Spilly (<strong>Araquanid</strong>)!<br></div><div class="spacer battle-history"><br></div><div class="battle-history">Caramel used <strong>U-turn</strong>!<br></div><div class="battle-history"><small>(The opposing Spilly lost 27% of its health!)</small><br></div><div class="chat chatmessage-h2opulse"><strong style="color:#6e8c2b"><small>☆</small><span class="username" data-name="H2OPulse">H2OPulse</span>:</strong> <em>Yeah nope I just have to add Illusion support there :'D</em></div><div class="spacer battle-history"><br></div><div class="battle-history">Caramel went back to inkbug1!<br></div><div class="battle-history">Go! Candyfloss (<strong>Eldegoss</strong>)!<br></div><div class="battle-history"><small>Candyfloss was caught in a sticky web!</small><br></div><div class="battle-history"><small>Candyfloss's Speed fell!</small><br></div><div class="spacer battle-history"><br></div><h2 class="battle-history">Turn 10</h2><div class="spacer battle-history"><br></div><div class="battle-history">The opposing Spilly used <strong>Leech Life</strong>!<br></div><div class="battle-history"><small>It's super effective!</small><br></div><div class="battle-history"><small>(Candyfloss lost <abbr title="−180/261">69.0%</abbr> of its health!)</small><br></div><div class="battle-history"><small>Candyfloss had its energy drained!</small><br></div><div class="spacer battle-history"><br></div><div class="battle-history">Candyfloss used <strong>Rapid Spin</strong>!<br></div><div class="battle-history"><small>(The opposing Spilly lost 6% of its health!)</small><br></div><div class="battle-history"><small>Candyfloss's Speed rose!</small><br></div><div class="battle-history"><small>The sticky web has disappeared from the ground around your team!</small><br></div><div class="spacer battle-history"><br></div><h2 class="battle-history">Turn 11</h2><div class="spacer battle-history"><br></div><div class="battle-history">Candyfloss, come back!<br></div><div class="battle-history">Go! Caramel (<strong>Landorus-Therian</strong>)!<br></div><div class="battle-history">[Caramel's Intimidate]<br></div><div class="battle-history"><small>The opposing Spilly's Attack fell!</small><br></div><div class="spacer battle-history"><br></div><div class="battle-history">The opposing Spilly used <strong>Sticky Web</strong>!<br></div><div class="battle-history"><small>A sticky web has been laid out on the ground around your team!</small><br></div><div class="spacer battle-history"><br></div><h2 class="battle-history">Turn 12</h2><div class="spacer battle-history"><br></div><div class="battle-history">Caramel used <strong>U-turn</strong>!<br></div><div class="battle-history"><small>A critical hit!</small><br></div><div class="battle-history"><small>(The opposing Spilly lost 43% of its health!)</small><br></div><div class="spacer battle-history"><br></div><div class="battle-history">Caramel went back to inkbug1!<br></div><div class="battle-history">Go! <strong>Neuroboxin</strong>!<br></div><div class="battle-history"><small>Neuroboxin was caught in a sticky web!</small><br></div><div class="battle-history"><small>Neuroboxin's Speed fell!</small><br></div><div class="battle-history">[Neuroboxin's Trace]<br>[Neuroboxin's Water Bubble]<br><small>Neuroboxin traced the opposing Spilly's Water Bubble!</small><br></div><div class="spacer battle-history"><br></div><div class="battle-history">The opposing Spilly used <strong>Liquidation</strong>!<br></div><div class="battle-history"><small>(Neuroboxin lost <abbr title="−145/289">50.2%</abbr> of its health!)</small><br></div><div class="spacer battle-history"><br></div><div class="battle-history"><small>Neuroboxin restored a little HP using its Black Sludge!</small><br></div><div class="spacer battle-history"><br></div><h2 class="battle-history">Turn 13</h2><div class="spacer battle-history"><br></div><div class="battle-history">H2OPulse withdrew Spilly!<br></div><div class="battle-history">H2OPulse sent out Ophrys (<strong>Scizor-Mega</strong>)!<br></div><div class="spacer battle-history"><br></div><div class="battle-history">Neuroboxin used <strong>Toxic Spikes</strong>!<br></div><div class="battle-history"><small>Poison spikes were scattered on the ground all around the opposing team!</small><br></div><div class="spacer battle-history"><br></div><div class="battle-history"><small>Neuroboxin restored a little HP using its Black Sludge!</small><br></div><div class="spacer battle-history"><br></div><h2 class="battle-history">Turn 14</h2><div class="spacer battle-history"><br></div><div class="battle-history"><small>Neuroboxin is tightening its focus!</small><br></div><div class="spacer battle-history"><br></div><div class="battle-history">The opposing Ophrys used <strong>Swords Dance</strong>!<br></div><div class="battle-history"><small>The opposing Ophrys's Attack rose sharply!</small><br></div><div class="spacer battle-history"><br></div><div class="battle-history">Neuroboxin used <strong>Focus Punch</strong>!<br></div><div class="battle-history"><small>(The opposing Ophrys lost 32% of its health!)</small><br></div><div class="spacer battle-history"><br></div><div class="battle-history"><small>Neuroboxin restored a little HP using its Black Sludge!</small><br></div><div class="spacer battle-history"><br></div><h2 class="battle-history">Turn 15</h2><div class="chat chatmessage-h2opulse"><strong style="color:#6e8c2b"><small>☆</small><span class="username" data-name="H2OPulse">H2OPulse</span>:</strong> <em><i>fhgdjfkg respect</i></em></div><div class="chat chatmessage-inkbug1 mine"><strong style="color:#e46e0f"><small>☆</small><span class="username" data-name="inkbug1">inkbug1</span>:</strong> <em>well that was anticlimatic</em></div><div class="spacer battle-history"><br></div><div class="battle-history">Neuroboxin, come back!<br></div><div class="battle-history">Go! Caramel (<strong>Landorus-Therian</strong>)!<br></div><div class="battle-history">[Caramel's Intimidate]<br></div><div class="battle-history"><small>The opposing Ophrys's Attack fell!</small><br></div><div class="spacer battle-history"><br></div><div class="battle-history">The opposing Ophrys used <strong>Roost</strong>!<br></div><div class="battle-history"><small>The opposing Ophrys had its HP restored.</small><br></div><div class="spacer battle-history"><br></div><h2 class="battle-history">Turn 16</h2><div class="spacer battle-history"><br></div><div class="battle-history">The opposing Ophrys used <strong>Bullet Punch</strong>!<br></div><div class="battle-history"><small>(Caramel lost <abbr title="−168/382">44.0%</abbr> of its health!)</small><br></div><div class="spacer battle-history"><br></div><div class="battle-history">Caramel used <strong>Defog</strong>!<br></div><div class="battle-history"><small>The opposing Ophrys's evasiveness fell!</small><br></div><div class="battle-history"><small>The poison spikes disappeared from the ground around the opposing team!</small><br></div><div class="battle-history"><small>The sticky web has disappeared from the ground around your team!</small><br></div><div class="spacer battle-history"><br></div><div class="battle-history"><small>Caramel restored a little HP using its Leftovers!</small><br></div><div class="spacer battle-history"><br></div><h2 class="battle-history">Turn 17</h2><div class="spacer battle-history"><br></div><div class="battle-history">Caramel used <strong>U-turn</strong>!<br></div><div class="battle-history"><small>It's not very effective...</small><br></div><div class="battle-history"><small>(The opposing Ophrys lost 5% of its health!)</small><br></div><div class="spacer battle-history"><br></div><div class="battle-history">Caramel went back to inkbug1!<br></div><div class="battle-history">Go! Goliso Padre (<strong>Golisopod</strong>)!<br></div><div class="spacer battle-history"><br></div><div class="battle-history">The opposing Ophrys used <strong>Swords Dance</strong>!<br></div><div class="battle-history"><small>The opposing Ophrys's Attack rose sharply!</small><br></div><div class="spacer battle-history"><br></div><h2 class="battle-history">Turn 18</h2><div class="spacer battle-history"><br></div><div class="battle-history">The opposing Ophrys used <strong>Bullet Punch</strong>!<br></div><div class="battle-history"><small>It's not very effective...</small><br></div><div class="battle-history"><small>(Goliso Padre lost <abbr title="−100/354">28.2%</abbr> of its health!)</small><br></div><div class="spacer battle-history"><br></div><div class="battle-history">Goliso Padre used <strong>Liquidation</strong>!<br></div><div class="battle-history"><small>(The opposing Ophrys lost 27% of its health!)</small><br></div><div class="spacer battle-history"><br></div><h2 class="battle-history">Turn 19</h2><div class="chat chatmessage-inkbug1 mine"><strong style="color:#e46e0f"><small>☆</small><span class="username" data-name="inkbug1">inkbug1</span>:</strong> <em>guh</em></div><div class="chat chatmessage-inkbug1 mine"><strong style="color:#e46e0f"><small>☆</small><span class="username" data-name="inkbug1">inkbug1</span>:</strong> <em>thts bad'</em></div><div class="spacer battle-history"><br></div><div class="battle-history">Goliso Padre, come back!<br></div><div class="battle-history">Go! Caramel (<strong>Landorus-Therian</strong>)!<br></div><div class="battle-history">[Caramel's Intimidate]<br></div><div class="battle-history"><small>The opposing Ophrys's Attack fell!</small><br></div><div class="spacer battle-history"><br></div><div class="battle-history">The opposing Ophrys used <strong>Bullet Punch</strong>!<br></div><div class="battle-history"><small>(Caramel lost <abbr title="−237/382">62.0%</abbr> of its health!)</small><br></div><div class="spacer battle-history"><br></div><div class="battle-history">Caramel fainted!<br></div><div class="spacer battle-history"><br></div><div class="battle-history">Go! Cindy (<strong>Incineroar</strong>)!<br></div><div class="battle-history">[Cindy's Intimidate]<br></div><div class="battle-history"><small>The opposing Ophrys's Attack fell!</small><br></div><div class="spacer battle-history"><br></div><h2 class="battle-history">Turn 20</h2><div class="chat chatmessage-inkbug1 mine"><strong style="color:#e46e0f"><small>☆</small><span class="username" data-name="inkbug1">inkbug1</span>:</strong> <em>wait wqhat am i doing</em></div><div class="chat chatmessage-inkbug1 mine"><strong style="color:#e46e0f"><small>☆</small><span class="username" data-name="inkbug1">inkbug1</span>:</strong> <em>i straight up forgot i had incineroar in the party</em></div><div class="chat chatmessage-h2opulse"><strong style="color:#6e8c2b"><small>☆</small><span class="username" data-name="H2OPulse">H2OPulse</span>:</strong> <em>FNjkfg</em></div><div class="spacer battle-history"><br></div><div class="battle-history">The opposing Ophrys used <strong>U-turn</strong>!<br></div><div class="battle-history"><small>(Cindy lost <abbr title="−183/394">46.4%</abbr> of its health!)</small><br></div><div class="spacer battle-history"><br></div><div class="battle-history">The opposing Ophrys went back to H2OPulse!<br></div><div class="battle-history">H2OPulse sent out Cattail (<strong>Vaporeon</strong>)!<br></div><div class="spacer battle-history"><br></div><div class="battle-history">Cindy used <strong>Will-O-Wisp</strong>!<br></div><div class="battle-history"><small>The opposing Cattail was burned!</small><br></div><div class="spacer battle-history"><br></div><div class="battle-history"><small>The opposing Cattail was hurt by its burn!</small><br></div><div class="spacer battle-history"><br></div><h2 class="battle-history">Turn 21</h2><div class="spacer battle-history"><br></div><div class="battle-history">Cindy, come back!<br></div><div class="battle-history">Go! Candyfloss (<strong>Eldegoss</strong>)!<br></div><div class="spacer battle-history"><br></div><div class="battle-history">The opposing Cattail used <strong>Wish</strong>!<br></div><div class="spacer battle-history"><br></div><div class="battle-history"><small>The opposing Cattail restored a little HP using its Leftovers!</small><br></div><div class="battle-history"><small>The opposing Cattail was hurt by its burn!</small><br></div><div class="spacer battle-history"><br></div><h2 class="battle-history">Turn 22</h2><div class="spacer battle-history"><br></div><div class="battle-history">H2OPulse withdrew Cattail!<br></div><div class="battle-history">H2OPulse sent out Spilly (<strong>Araquanid</strong>)!<br></div><div class="spacer battle-history"><br></div><div class="battle-history">Candyfloss used <strong>Leech Seed</strong>!<br></div><div class="battle-history"><small>The opposing Spilly was seeded!</small><br></div><div class="spacer battle-history"><br></div><div class="battle-history"><small>Cattail's wish came true!</small><br></div><div class="battle-history"><small>The opposing Spilly's health is sapped by Leech Seed!</small><br></div><div class="spacer battle-history"><br></div><h2 class="battle-history">Turn 23</h2><div class="spacer battle-history"><br></div><div class="battle-history">Candyfloss, come back!<br></div><div class="battle-history">Go! Donner (<strong>Manectric-Mega</strong>)!<br></div><div class="battle-history">[Donner's Intimidate]<br></div><div class="battle-history"><small>The opposing Spilly's Attack fell!</small><br></div><div class="spacer battle-history"><br></div><div class="battle-history">The opposing Spilly used <strong>Leech Life</strong>!<br></div><div class="battle-history"><small>(Donner lost <abbr title="−77/281">27.4%</abbr> of its health!)</small><br></div><div class="battle-history"><small>Donner had its energy drained!</small><br></div><div class="spacer battle-history"><br></div><div class="battle-history">Donner fainted!<br></div><div class="chat chatmessage-inkbug1 mine"><strong style="color:#e46e0f"><small>☆</small><span class="username" data-name="inkbug1">inkbug1</span>:</strong> <em>noooooo</em></div><div class="chat chatmessage-inkbug1 mine"><strong style="color:#e46e0f"><small>☆</small><span class="username" data-name="inkbug1">inkbug1</span>:</strong> <em>ok</em></div><div class="spacer battle-history"><br></div><div class="battle-history">Go! <strong>Neuroboxin</strong>!<br></div><div class="battle-history">[Neuroboxin's Trace]<br>[Neuroboxin's Water Bubble]<br><small>Neuroboxin traced the opposing Spilly's Water Bubble!</small><br></div><div class="spacer battle-history"><br></div><h2 class="battle-history">Turn 24</h2><div class="spacer battle-history"><br></div><div class="battle-history">H2OPulse withdrew Spilly!<br></div><div class="battle-history">H2OPulse sent out Ophrys (<strong>Scizor-Mega</strong>)!<br></div><div class="spacer battle-history"><br></div><div class="battle-history">Neuroboxin used <strong>Gunk Shot</strong>!<br></div><div class="battle-history"><small>It doesn't affect the opposing Ophrys...</small><br></div><div class="spacer battle-history"><br></div><div class="battle-history"><small>Neuroboxin restored a little HP using its Black Sludge!</small><br></div><div class="spacer battle-history"><br></div><h2 class="battle-history">Turn 25</h2><div class="spacer battle-history"><br></div><div class="battle-history">Neuroboxin used <strong>U-turn</strong>!<br></div><div class="battle-history"><small>It's not very effective...</small><br></div><div class="battle-history"><small>(The opposing Ophrys lost 5% of its health!)</small><br></div><div class="spacer battle-history"><br></div><div class="battle-history">Neuroboxin went back to inkbug1!<br></div><div class="battle-history">Go! Cindy (<strong>Incineroar</strong>)!<br></div><div class="battle-history">[Cindy's Intimidate]<br></div><div class="battle-history"><small>The opposing Ophrys's Attack fell!</small><br></div><div class="spacer battle-history"><br></div><div class="battle-history">The opposing Ophrys used <strong>Swords Dance</strong>!<br></div><div class="battle-history"><small>The opposing Ophrys's Attack rose sharply!</small><br></div><div class="spacer battle-history"><br></div><h2 class="battle-history">Turn 26</h2><div class="spacer battle-history"><br></div><div class="battle-history">The opposing Ophrys used <strong>U-turn</strong>!<br></div><div class="battle-history"><small>(Cindy lost <abbr title="−187/394">47.5%</abbr> of its health!)</small><br></div><div class="spacer battle-history"><br></div><div class="battle-history">The opposing Ophrys went back to H2OPulse!<br></div><div class="battle-history">H2OPulse sent out Cattail (<strong>Vaporeon</strong>)!<br></div><div class="spacer battle-history"><br></div><div class="battle-history">Cindy used <strong>Fire Punch</strong>!<br></div><div class="battle-history"><small>It's not very effective...</small><br></div><div class="battle-history"><small>(The opposing Cattail lost 11% of its health!)</small><br></div><div class="spacer battle-history"><br></div><div class="battle-history"><small>The opposing Cattail restored a little HP using its Leftovers!</small><br></div><div class="battle-history"><small>The opposing Cattail was hurt by its burn!</small><br></div><div class="spacer battle-history"><br></div><h2 class="battle-history">Turn 27</h2><div class="spacer battle-history"><br></div><div class="battle-history">Cindy, come back!<br></div><div class="battle-history">Go! <strong>Neuroboxin</strong>!<br></div><div class="battle-history">[Neuroboxin's Trace]<br>[Neuroboxin's Water Absorb]<br><small>Neuroboxin traced the opposing Cattail's Water Absorb!</small><br></div><div class="spacer battle-history"><br></div><div class="battle-history">The opposing Cattail used <strong>Flip Turn</strong>!<br></div><div class="battle-history">[Neuroboxin's Water Absorb]<br><small>Neuroboxin had its HP restored.</small><br></div><div class="spacer battle-history"><br></div><div class="battle-history"><small>Neuroboxin restored a little HP using its Black Sludge!</small><br></div><div class="battle-history"><small>The opposing Cattail restored a little HP using its Leftovers!</small><br></div><div class="battle-history"><small>The opposing Cattail was hurt by its burn!</small><br></div><div class="spacer battle-history"><br></div><h2 class="battle-history">Turn 28</h2><div class="spacer battle-history"><br></div><div class="battle-history">Neuroboxin, come back!<br></div><div class="battle-history">Go! Candyfloss (<strong>Eldegoss</strong>)!<br></div><div class="spacer battle-history"><br></div><div class="battle-history">H2OPulse withdrew Cattail!<br></div><div class="battle-history">H2OPulse sent out Ophrys (<strong>Scizor-Mega</strong>)!<br></div><div class="spacer battle-history"><br></div><h2 class="battle-history">Turn 29</h2><div class="spacer battle-history"><br></div><div class="battle-history">The opposing Ophrys used <strong>Swords Dance</strong>!<br></div><div class="battle-history"><small>The opposing Ophrys's Attack rose sharply!</small><br></div><div class="spacer battle-history"><br></div><div class="battle-history">Candyfloss used <strong>Leech Seed</strong>!<br></div><div class="battle-history"><small>The opposing Ophrys was seeded!</small><br></div><div class="spacer battle-history"><br></div><div class="battle-history"><small>The opposing Ophrys's health is sapped by Leech Seed!</small><br></div><div class="spacer battle-history"><br></div><h2 class="battle-history">Turn 30</h2><div class="spacer battle-history"><br></div><div class="battle-history">Candyfloss, come back!<br></div><div class="battle-history">Go! Cindy (<strong>Incineroar</strong>)!<br></div><div class="battle-history">[Cindy's Intimidate]<br></div><div class="battle-history"><small>The opposing Ophrys's Attack fell!</small><br></div><div class="spacer battle-history"><br></div><div class="battle-history">The opposing Ophrys used <strong>Roost</strong>!<br></div><div class="battle-history"><small>The opposing Ophrys had its HP restored.</small><br></div><div class="spacer battle-history"><br></div><div class="battle-history"><small>The opposing Ophrys's health is sapped by Leech Seed!</small><br></div><div class="spacer battle-history"><br></div><h2 class="battle-history">Turn 31</h2><div class="spacer battle-history"><br></div><div class="battle-history">Cindy, come back!<br></div><div class="battle-history">Go! Goliso Padre (<strong>Golisopod</strong>)!<br></div><div class="spacer battle-history"><br></div><div class="battle-history">The opposing Ophrys used <strong>U-turn</strong>!<br></div><div class="battle-history"><small>(Goliso Padre lost <abbr title="−126/354">35.6%</abbr> of its health!)</small><br></div><div class="battle-history">[Goliso Padre's Emergency Exit]<br></div><div class="chat chatmessage-inkbug1 mine"><strong style="color:#e46e0f"><small>☆</small><span class="username" data-name="inkbug1">inkbug1</span>:</strong> <em>thats </em></div><div class="chat chatmessage-inkbug1 mine"><strong style="color:#e46e0f"><small>☆</small><span class="username" data-name="inkbug1">inkbug1</span>:</strong> <em>not what i wanted</em></div><div class="chat chatmessage-h2opulse"><strong style="color:#6e8c2b"><small>☆</small><span class="username" data-name="H2OPulse">H2OPulse</span>:</strong> <em>I love this interaction</em></div><div class="spacer battle-history"><br></div><div class="battle-history">Goliso Padre, come back!<br></div><div class="battle-history">Go! <strong>Neuroboxin</strong>!<br></div><div class="battle-history">[Neuroboxin's Trace]<br>[Neuroboxin's Technician]<br><small>Neuroboxin traced the opposing Ophrys's Technician!</small><br></div><div class="spacer battle-history"><br></div><div class="battle-history"><small>The opposing Ophrys's health is sapped by Leech Seed!</small><br></div><div class="spacer battle-history"><br></div><h2 class="battle-history">Turn 32</h2><div class="spacer battle-history"><br></div><div class="battle-history">Neuroboxin used <strong>U-turn</strong>!<br></div><div class="battle-history"><small>It's not very effective...</small><br></div><div class="battle-history"><small>(The opposing Ophrys lost 5% of its health!)</small><br></div><div class="spacer battle-history"><br></div><div class="battle-history">Neuroboxin went back to inkbug1!<br></div><div class="battle-history">Go! Cindy (<strong>Incineroar</strong>)!<br></div><div class="battle-history">[Cindy's Intimidate]<br></div><div class="battle-history"><small>The opposing Ophrys's Attack fell!</small><br></div><div class="spacer battle-history"><br></div><div class="battle-history">The opposing Ophrys used <strong>Swords Dance</strong>!<br></div><div class="battle-history"><small>The opposing Ophrys's Attack rose sharply!</small><br></div><div class="spacer battle-history"><br></div><div class="battle-history"><small>The opposing Ophrys's health is sapped by Leech Seed!</small><br></div><div class="spacer battle-history"><br></div><h2 class="battle-history">Turn 33</h2><div class="spacer battle-history"><br></div><div class="battle-history">The opposing Ophrys used <strong>U-turn</strong>!<br></div><div class="battle-history"><small>(Cindy lost <abbr title="−108/394">27.4%</abbr> of its health!)</small><br></div><div class="spacer battle-history"><br></div><div class="battle-history">Cindy fainted!<br></div><div class="chat chatmessage-inkbug1 mine"><strong style="color:#e46e0f"><small>☆</small><span class="username" data-name="inkbug1">inkbug1</span>:</strong> <em>a</em></div><div class="chat chatmessage-inkbug1 mine"><strong style="color:#e46e0f"><small>☆</small><span class="username" data-name="inkbug1">inkbug1</span>:</strong> <em>uhg</em></div><div class="spacer battle-history"><br></div><div class="battle-history">The opposing Ophrys went back to H2OPulse!<br></div><div class="battle-history">H2OPulse sent out Rosemary (<strong>Poultergeist</strong>)!<br></div><div class="chat chatmessage-inkbug1 mine"><strong style="color:#e46e0f"><small>☆</small><span class="username" data-name="inkbug1">inkbug1</span>:</strong> <em>this just is not working</em></div><div class="spacer battle-history"><br></div><div class="battle-history">Go! Goliso Padre (<strong>Golisopod</strong>)!<br></div><div class="spacer battle-history"><br></div><h2 class="battle-history">Turn 34</h2><div class="spacer battle-history"><br></div><div class="battle-history">H2OPulse withdrew Rosemary!<br></div><div class="battle-history">H2OPulse sent out Ophrys (<strong>Scizor-Mega</strong>)!<br></div><div class="spacer battle-history"><br></div><div class="battle-history">Goliso Padre used <strong>First Impression</strong>!<br></div><div class="battle-history"><small>It's not very effective...</small><br></div><div class="battle-history"><small>(The opposing Ophrys lost 15% of its health!)</small><br></div><div class="spacer battle-history"><br></div><h2 class="battle-history">Turn 35</h2><div class="spacer battle-history"><br></div><div class="battle-history">The opposing Ophrys used <strong>Roost</strong>!<br></div><div class="battle-history"><small>The opposing Ophrys had its HP restored.</small><br></div><div class="spacer battle-history"><br></div><div class="battle-history">Goliso Padre used <strong>Liquidation</strong>!<br></div><div class="battle-history"><small>(The opposing Ophrys lost 25% of its health!)</small><br></div><div class="spacer battle-history"><br></div><h2 class="battle-history">Turn 36</h2><div class="spacer battle-history"><br></div><div class="battle-history">The opposing Ophrys used <strong>Swords Dance</strong>!<br></div><div class="battle-history"><small>The opposing Ophrys's Attack rose sharply!</small><br></div><div class="spacer battle-history"><br></div><div class="battle-history">Goliso Padre used <strong>Liquidation</strong>!<br></div><div class="battle-history"><small>(The opposing Ophrys lost 26% of its health!)</small><br></div><div class="spacer battle-history"><br></div><h2 class="battle-history">Turn 37</h2><div class="spacer battle-history"><br></div><div class="battle-history">The opposing Ophrys used <strong>Roost</strong>!<br></div><div class="battle-history"><small>The opposing Ophrys had its HP restored.</small><br></div><div class="spacer battle-history"><br></div><div class="battle-history">Goliso Padre used <strong>Liquidation</strong>!<br></div><div class="battle-history"><small>(The opposing Ophrys lost 25% of its health!)</small><br></div><div class="spacer battle-history"><br></div><h2 class="battle-history">Turn 38</h2><div class="spacer battle-history"><br></div><div class="battle-history">The opposing Ophrys used <strong>Bullet Punch</strong>!<br></div><div class="battle-history"><small>It's not very effective...</small><br></div><div class="battle-history"><small>(Goliso Padre lost <abbr title="−70/354">19.8%</abbr> of its health!)</small><br></div><div class="spacer battle-history"><br></div><div class="battle-history">Goliso Padre used <strong>Liquidation</strong>!<br></div><div class="battle-history"><small>(The opposing Ophrys lost 27% of its health!)</small><br></div><div class="spacer battle-history"><br></div><h2 class="battle-history">Turn 39</h2><div class="spacer battle-history"><br></div><div class="battle-history">The opposing Ophrys used <strong>Roost</strong>!<br></div><div class="battle-history"><small>The opposing Ophrys had its HP restored.</small><br></div><div class="spacer battle-history"><br></div><div class="battle-history">Goliso Padre used <strong>Liquidation</strong>!<br></div><div class="battle-history"><small>(The opposing Ophrys lost 27% of its health!)</small><br></div><div class="spacer battle-history"><br></div><h2 class="battle-history">Turn 40</h2><div class="spacer battle-history"><br></div><div class="battle-history">The opposing Ophrys used <strong>Bullet Punch</strong>!<br></div><div class="battle-history"><small>It's not very effective...</small><br></div><div class="battle-history"><small>(Goliso Padre lost <abbr title="−58/354">16.4%</abbr> of its health!)</small><br></div><div class="spacer battle-history"><br></div><div class="battle-history">Goliso Padre fainted!<br></div><div class="spacer battle-history"><br></div><div class="battle-history">Go! Candyfloss (<strong>Eldegoss</strong>)!<br></div><div class="spacer battle-history"><br></div><h2 class="battle-history">Turn 41</h2><div class="spacer battle-history"><br></div><div class="battle-history">The opposing Ophrys used <strong>U-turn</strong>!<br></div><div class="battle-history"><small>It's super effective!</small><br></div><div class="battle-history"><small>(Candyfloss lost <abbr title="−261/261">100%</abbr> of its health!)</small><br></div><div class="spacer battle-history"><br></div><div class="battle-history">Candyfloss fainted!<br></div><div class="spacer battle-history"><br></div><div class="battle-history">The opposing Ophrys went back to H2OPulse!<br></div><div class="battle-history">H2OPulse sent out Rosemary (<strong>Poultergeist</strong>)!<br></div><div class="chat"><ul class="utilichart"><li class="result"><span class="col pokemonnamecol" style="white-space: nowrap">Poultergeist</span> <span class="col typecol"><img src="https://play.pokemonshowdown.com/sprites/types/Fire.png" alt="Fire" height="14" width="32"><img src="https://play.pokemonshowdown.com/sprites/types/Flying.png" alt="Flying" height="14" width="32"></span> <span style="float: left ; min-height: 26px"><span class="col abilitycol">Chicken Out</span><span class="col abilitycol"></span></span><span style="float: left ; min-height: 26px"><span class="col statcol"><em>HP</em><br>105</span> <span class="col statcol"><em>Atk</em><br>65</span> <span class="col statcol"><em>Def</em><br>85</span> <span class="col statcol"><em>SpA</em><br>105</span> <span class="col statcol"><em>SpD</em><br>85</span> <span class="col statcol"><em>Spe</em><br>73</span> </span></li><li style="clear: both"></li></ul></div><div class="chat chatmessage-inkbug1 mine"><strong style="color:#e46e0f"><small>☆</small><span class="username" data-name="inkbug1">inkbug1</span>:</strong> <em>think i mightbe made another unusable thing by accident lads</em></div><div class="spacer battle-history"><br></div><div class="battle-history">Go! <strong>Neuroboxin</strong>!<br></div><div class="spacer battle-history"><br></div><h2 class="battle-history">Turn 42</h2><div class="chat chatmessage-h2opulse"><strong style="color:#6e8c2b"><small>☆</small><span class="username" data-name="H2OPulse">H2OPulse</span>:</strong> <em>aaaaa I'm sorry</em></div><div class="chat chatmessage-h2opulse"><strong style="color:#6e8c2b"><small>☆</small><span class="username" data-name="H2OPulse">H2OPulse</span>:</strong> <em>if it's any consolation, a) you beat me last time and b) you have thrown a massive wrench in every attempt at Wish passing</em></div><div class="spacer battle-history"><br></div><div class="battle-history">Neuroboxin used <strong>Gunk Shot</strong>!<br></div><div class="battle-history"><small>The opposing Rosemary avoided the attack!</small><br></div><div class="spacer battle-history"><br></div><div class="battle-history">The opposing Rosemary used <strong>Will-O-Wisp</strong>!<br></div><div class="battle-history"><small>Neuroboxin was burned!</small><br></div><div class="spacer battle-history"><br></div><div class="battle-history"><small>Neuroboxin was hurt by its burn!</small><br></div><div class="spacer battle-history"><br></div><h2 class="battle-history">Turn 43</h2><div class="spacer battle-history"><br></div><div class="battle-history">Neuroboxin used <strong>Gunk Shot</strong>!<br></div><div class="battle-history"><small>(The opposing Rosemary lost 23% of its health!)</small><br></div><div class="spacer battle-history"><br></div><div class="battle-history">The opposing Rosemary used <strong>Overheat</strong>!<br></div><div class="battle-history"><small>(Neuroboxin lost <abbr title="−238/289">82.4%</abbr> of its health!)</small><br></div><div class="battle-history"><small>The opposing Rosemary's Sp. Atk fell harshly!</small><br></div><div class="spacer battle-history"><br></div><div class="battle-history"><small>Neuroboxin restored a little HP using its Black Sludge!</small><br></div><div class="battle-history"><small>Neuroboxin was hurt by its burn!</small><br></div><div class="spacer battle-history"><br></div><h2 class="battle-history">Turn 44</h2><div class="chat chatmessage-inkbug1 mine"><strong style="color:#e46e0f"><small>☆</small><span class="username" data-name="inkbug1">inkbug1</span>:</strong> <em>rly need to figure this out</em></div><div class="spacer battle-history"><br></div><div class="battle-history">Neuroboxin used <strong>Gunk Shot</strong>!<br></div><div class="battle-history"><small>(The opposing Rosemary lost 25% of its health!)</small><br></div><div class="spacer battle-history"><br></div><div class="battle-history">The opposing Rosemary used <strong>Hex</strong>!<br></div><div class="battle-history"><small>(Neuroboxin lost <abbr title="−33/289">11.4%</abbr> of its health!)</small><br></div><div class="spacer battle-history"><br></div><div class="battle-history">Neuroboxin fainted!<br></div><div class="spacer battle-history"><br></div><div class="battle-history"><strong>H2OPulse</strong> won the battle!<br></div><div class="chat chatmessage-inkbug1 mine"><strong style="color:#e46e0f"><small>☆</small><span class="username" data-name="inkbug1">inkbug1</span>:</strong> <em>mk</em></div><div class="chat chatmessage-inkbug1 mine"><strong style="color:#e46e0f"><small>☆</small><span class="username" data-name="inkbug1">inkbug1</span>:</strong> <em>i will come back to this</em></div><div class="chat chatmessage-h2opulse"><strong style="color:#6e8c2b"><small>☆</small><span class="username" data-name="H2OPulse">H2OPulse</span>:</strong> <em>Good game in any case!!!</em></div><div class="chat chatmessage-h2opulse"><strong style="color:#6e8c2b"><small>☆</small><span class="username" data-name="H2OPulse">H2OPulse</span>:</strong> <em>And fair haha</em></div></div><div class="inner-preempt message-log"></div></div></div>
</div>
<script>
let daily = Math.floor(Date.now()/1000/60/60/24);document.write('<script src="https://dragonheaven.herokuapp.com/js/replay-embed.js?version'+daily+'"></'+'script>');
</script>
