<!DOCTYPE html>
<meta charset="utf-8" />
<!-- version 1 -->
<title>[Gen 8] Conniecord Draft League replay: inkbug1 vs. H2OPulse</title>
<style>
html,body {font-family:Verdana, sans-serif;font-size:10pt;margin:0;padding:0;}body{padding:12px 0;} .battle-log {font-family:Verdana, sans-serif;font-size:10pt;} .battle-log-inline {border:1px solid #AAAAAA;background:#EEF2F5;color:black;max-width:640px;margin:0 auto 80px;padding-bottom:5px;} .battle-log .inner {padding:4px 8px 0px 8px;} .battle-log .inner-preempt {padding:0 8px 4px 8px;} .battle-log .inner-after {margin-top:0.5em;} .battle-log h2 {margin:0.5em -8px;padding:4px 8px;border:1px solid #AAAAAA;background:#E0E7EA;border-left:0;border-right:0;font-family:Verdana, sans-serif;font-size:13pt;} .battle-log .chat {vertical-align:middle;padding:3px 0 3px 0;font-size:8pt;} .battle-log .chat strong {color:#40576A;} .battle-log .chat em {padding:1px 4px 1px 3px;color:#000000;font-style:normal;} .chat.mine {background:rgba(0,0,0,0.05);margin-left:-8px;margin-right:-8px;padding-left:8px;padding-right:8px;} .spoiler {color:#BBBBBB;background:#BBBBBB;padding:0px 3px;} .spoiler:hover, .spoiler:active, .spoiler-shown {color:#000000;background:#E2E2E2;padding:0px 3px;} .spoiler a {color:#BBBBBB;} .spoiler:hover a, .spoiler:active a, .spoiler-shown a {color:#2288CC;} .chat code, .chat .spoiler:hover code, .chat .spoiler:active code, .chat .spoiler-shown code {border:1px solid #C0C0C0;background:#EEEEEE;color:black;padding:0 2px;} .chat .spoiler code {border:1px solid #CCCCCC;background:#CCCCCC;color:#CCCCCC;} .battle-log .rated {padding:3px 4px;} .battle-log .rated strong {color:white;background:#89A;padding:1px 4px;border-radius:4px;} .spacer {margin-top:0.5em;} .message-announce {background:#6688AA;color:white;padding:1px 4px 2px;} .message-announce a, .broadcast-green a, .broadcast-blue a, .broadcast-red a {color:#DDEEFF;} .broadcast-green {background-color:#559955;color:white;padding:2px 4px;} .broadcast-blue {background-color:#6688AA;color:white;padding:2px 4px;} .infobox {border:1px solid #6688AA;padding:2px 4px;} .infobox-limited {max-height:200px;overflow:auto;overflow-x:hidden;} .broadcast-red {background-color:#AA5544;color:white;padding:2px 4px;} .message-learn-canlearn {font-weight:bold;color:#228822;text-decoration:underline;} .message-learn-cannotlearn {font-weight:bold;color:#CC2222;text-decoration:underline;} .message-effect-weak {font-weight:bold;color:#CC2222;} .message-effect-resist {font-weight:bold;color:#6688AA;} .message-effect-immune {font-weight:bold;color:#666666;} .message-learn-list {margin-top:0;margin-bottom:0;} .message-throttle-notice, .message-error {color:#992222;} .message-overflow, .chat small.message-overflow {font-size:0pt;} .message-overflow::before {font-size:9pt;content:'...';} .subtle {color:#3A4A66;}
</style>
<div class="wrapper replay-wrapper" style="max-width:1180px;margin:0 auto">
<input type="hidden" name="replayid" value="dragonheaven-gen8conniecorddraftleague-1045" />
<div class="battle"></div><div class="battle-log"></div><div class="replay-controls"></div><div class="replay-controls-2"></div>
<h1 style="font-weight:normal;text-align:center"><strong>[Gen 8] Conniecord Draft League</strong><br /><a href="http://pokemonshowdown.com/users/inkbug1" class="subtle" target="_blank">inkbug1</a> vs. <a href="http://pokemonshowdown.com/users/h2opulse" class="subtle" target="_blank">H2OPulse</a></h1>
<script type="text/plain" class="battle-log-data">|j|☆inkbug1

|j|☆H2OPulse
|t:|1611041326
|player|p1|inkbug1|burgh|
|player|p2|H2OPulse|aetherfoundation|
|teamsize|p1|6
|teamsize|p2|6
|gametype|singles
|gen|8
|tier|[Gen 8] Conniecord Draft League
|clearpoke
|poke|p1|Landorus-Therian, M|
|poke|p1|Incineroar, F|
|poke|p1|Neuroboxin, M|
|poke|p1|Manectric, F|
|poke|p1|Golisopod, M|
|poke|p1|Minior|
|poke|p2|Araquanid, M|
|poke|p2|Vaporeon, F|
|poke|p2|Flygon, F|
|poke|p2|Zoroark, M|
|poke|p2|Scizor, F|
|poke|p2|Poultergeist, M|
|rule|HP Percentage Mod: HP is shown in percentages
|rule|Endless Battle Clause: Forcing endless battles is banned
|rule|OHKO Clause: OHKO moves are banned
|rule|Evasion Moves Clause: Evasion moves are banned
|rule|Species Clause: Limit one of each Pokémon (not counting forms)
|rule|Dynamax Clause: You cannot dynamax
|rule|Sleep Clause Mod: Limit one foe put to sleep
|rule|Z-Move Clause: Z-Moves are banned
|teampreview
|c|☆H2OPulse|Suspiciously similar substitute time
|c|☆H2OPulse|with added Ground immunity
|
|t:|1611041380
|start
|switch|p1a: Neuroboxin|Neuroboxin, M|289\/289
|switch|p2a: Spilly|Araquanid, M|100\/100
|-start|p1a: Neuroboxin|typechange|Poison\/Fighting|[silent]
|raw|<ul class="utilichart"><li class="result"><span class="col pokemonnamecol" style="white-space: nowrap">Neuroboxin<\/span> <span class="col typecol"><img src="https:\/\/play.pokemonshowdown.com\/sprites\/types\/Poison.png" alt="Poison" height="14" width="32"><img src="https:\/\/play.pokemonshowdown.com\/sprites\/types\/Fighting.png" alt="Fighting" height="14" width="32"><\/span> <span style="float: left ; min-height: 26px"><span class="col abilitycol">Infiltrator \/ Sticky Hold \/ Trace<\/span><span class="col abilitycol"><\/span><\/span><span style="float: left ; min-height: 26px"><span class="col statcol"><em>HP<\/em><br>74<\/span> <span class="col statcol"><em>Atk<\/em><br>85<\/span> <span class="col statcol"><em>Def<\/em><br>96<\/span> <span class="col statcol"><em>SpA<\/em><br>72<\/span> <span class="col statcol"><em>SpD<\/em><br>81<\/span> <span class="col statcol"><em>Spe<\/em><br>109<\/span> <\/span><\/li><li style="clear: both"><\/li><\/ul>
|-ability|p1a: Neuroboxin|Water Bubble|[from] ability: Trace|[of] p2a: Spilly
|turn|1
|c|☆inkbug1|i actually removed flip turn from boxins moveset in the code bc i was feeling weird about it for some reason but im starting to wish i hadnt
|
|t:|1611041415
|move|p1a: Neuroboxin|Toxic|p2a: Spilly
|-status|p2a: Spilly|tox
|move|p2a: Spilly|Liquidation|p1a: Neuroboxin
|-damage|p1a: Neuroboxin|54\/289
|-unboost|p1a: Neuroboxin|def|1
|
|-heal|p1a: Neuroboxin|72\/289|[from] item: Black Sludge
|-damage|p2a: Spilly|94\/100 tox|[from] psn
|upkeep
|turn|2
|c|☆H2OPulse|Oof fair
|
|t:|1611041424
|move|p1a: Neuroboxin|U-turn|p2a: Spilly
|-damage|p2a: Spilly|70\/100 tox
|
|t:|1611041428
|switch|p1a: Goliso Padre|Golisopod, M|354\/354
|move|p2a: Spilly|Sticky Web|p1a: Goliso Padre
|-sidestart|p1: inkbug1|move: Sticky Web
|
|-damage|p2a: Spilly|57\/100 tox|[from] psn
|upkeep
|turn|3
|
|t:|1611041438
|switch|p2a: Cattail|Vaporeon, F|100\/100
|move|p1a: Goliso Padre|First Impression|p2a: Cattail
|-damage|p2a: Cattail|62\/100
|
|-heal|p2a: Cattail|68\/100|[from] item: Leftovers
|upkeep
|turn|4
|
|t:|1611041456
|switch|p1a: Donner|Manectric, F|281\/281
|-activate|p1a: Donner|move: Sticky Web
|-unboost|p1a: Donner|spe|1
|move|p2a: Cattail|Heal Bell|p2a: Cattail
|-activate|p2a: Cattail|move: Heal Bell
|-curestatus|p2: Spilly|tox|[msg]
|
|-heal|p2a: Cattail|75\/100|[from] item: Leftovers
|upkeep
|turn|5
|
|t:|1611041467
|switch|p2a: Lotus|Flygon, F|100\/100
|detailschange|p1a: Donner|Manectric-Mega, F
|-mega|p1a: Donner|Manectric|Manectite
|-ability|p1a: Donner|Intimidate|boost
|-unboost|p2a: Lotus|atk|1
|move|p1a: Donner|Toxic|p2a: Lotus
|-status|p2a: Lotus|tox
|
|-damage|p2a: Lotus|95\/100 tox|[from] psn
|upkeep
|turn|6
|
|t:|1611041480
|switch|p1a: Caramel|Landorus-Therian, M|382\/382
|-ability|p1a: Caramel|Intimidate|boost
|-unboost|p2a: Lotus|atk|1
|move|p2a: Lotus|Stone Edge|p1a: Caramel
|-damage|p1a: Caramel|323\/382
|
|-heal|p1a: Caramel|346\/382|[from] item: Leftovers
|-damage|p2a: Lotus|83\/100 tox|[from] psn
|upkeep
|turn|7
|
|t:|1611041502
|switch|p2a: Cattail|Vaporeon, F|75\/100
|move|p1a: Caramel|Defog|p2a: Cattail
|-unboost|p2a: Cattail|evasion|1
|-sideend|p1: inkbug1|Sticky Web|[from] move: Defog|[of] p1a: Caramel
|
|-heal|p1a: Caramel|369\/382|[from] item: Leftovers
|-heal|p2a: Cattail|81\/100|[from] item: Leftovers
|upkeep
|turn|8
|
|t:|1611041514
|move|p1a: Caramel|Role Play|p2a: Cattail
|-endability|p1a: Caramel|Intimidate|[from] move: Role Play
|-ability|p1a: Caramel|Water Absorb|[from] move: Role Play|[of] p2a: Cattail
|move|p2a: Cattail|Wish|p2a: Cattail
|
|-heal|p1a: Caramel|382\/382|[from] item: Leftovers
|-heal|p2a: Cattail|87\/100|[from] item: Leftovers
|upkeep
|turn|9
|
|t:|1611041521
|switch|p2a: Spilly|Araquanid, M|57\/100
|move|p1a: Caramel|Earthquake|p2a: Spilly
|-resisted|p2a: Spilly
|-damage|p2a: Spilly|29\/100
|
|-heal|p2a: Spilly|100\/100|[from] move: Wish|[wisher] Cattail
|upkeep
|turn|10
|
|t:|1611041528
|move|p1a: Caramel|Earthquake|p2a: Spilly
|-resisted|p2a: Spilly
|-damage|p2a: Spilly|73\/100
|move|p2a: Spilly|Sticky Web|p1a: Caramel
|-sidestart|p1: inkbug1|move: Sticky Web
|
|upkeep
|turn|11
|
|t:|1611041533
|move|p1a: Caramel|Earthquake|p2a: Spilly
|-resisted|p2a: Spilly
|-damage|p2a: Spilly|46\/100
|move|p2a: Spilly|Toxic|p1a: Caramel
|-status|p1a: Caramel|tox
|
|-damage|p1a: Caramel|359\/382 tox|[from] psn
|upkeep
|turn|12
|
|t:|1611041544
|switch|p2a: Cattail|Vaporeon, F|87\/100
|move|p1a: Caramel|Defog|p2a: Cattail
|-unboost|p2a: Cattail|evasion|1
|-sideend|p1: inkbug1|Sticky Web|[from] move: Defog|[of] p1a: Caramel
|
|-heal|p1a: Caramel|382\/382 tox|[from] item: Leftovers
|-heal|p2a: Cattail|93\/100|[from] item: Leftovers
|-damage|p1a: Caramel|336\/382 tox|[from] psn
|upkeep
|turn|13
|c|☆inkbug1|man not having a cleric is __really__ bugging me
|c|☆inkbug1|i wanna wishpass to boxin
|
|t:|1611041603
|switch|p1a: Lemon Drop|Minior|261\/261
|-formechange|p1a: Lemon Drop|Minior-Meteor||[from] ability: Shields Down
|move|p2a: Cattail|Wish|p2a: Cattail
|
|-heal|p2a: Cattail|99\/100|[from] item: Leftovers
|upkeep
|turn|14
|
|t:|1611041610
|switch|p1a: Neuroboxin|Neuroboxin, M|72\/289
|-start|p1a: Neuroboxin|typechange|Poison\/Fighting|[silent]
|-ability|p1a: Neuroboxin|Water Absorb|[from] ability: Trace|[of] p2a: Cattail
|move|p2a: Cattail|Flip Turn|p1a: Neuroboxin
|-heal|p1a: Neuroboxin|144\/289|[from] ability: Water Absorb|[of] p2a: Cattail
|
|-heal|p2a: Cattail|100\/100|[from] move: Wish|[wisher] Cattail
|-heal|p1a: Neuroboxin|162\/289|[from] item: Black Sludge
|upkeep
|turn|15
|c|☆H2OPulse|OH
|c|☆H2OPulse|SMART
|c|☆H2OPulse|okay
|
|t:|1611041624
|switch|p2a: Rosemary|Poultergeist, M|100\/100
|-start|p2a: Rosemary|typechange|Fire\/Flying|[silent]
|raw|<ul class="utilichart"><li class="result"><span class="col pokemonnamecol" style="white-space: nowrap">Poultergeist<\/span> <span class="col typecol"><img src="https:\/\/play.pokemonshowdown.com\/sprites\/types\/Fire.png" alt="Fire" height="14" width="32"><img src="https:\/\/play.pokemonshowdown.com\/sprites\/types\/Flying.png" alt="Flying" height="14" width="32"><\/span> <span style="float: left ; min-height: 26px"><span class="col abilitycol">Chicken Out<\/span><span class="col abilitycol"><\/span><\/span><span style="float: left ; min-height: 26px"><span class="col statcol"><em>HP<\/em><br>105<\/span> <span class="col statcol"><em>Atk<\/em><br>65<\/span> <span class="col statcol"><em>Def<\/em><br>85<\/span> <span class="col statcol"><em>SpA<\/em><br>105<\/span> <span class="col statcol"><em>SpD<\/em><br>85<\/span> <span class="col statcol"><em>Spe<\/em><br>73<\/span> <\/span><\/li><li style="clear: both"><\/li><\/ul>
|move|p1a: Neuroboxin|Gunk Shot|p2a: Rosemary
|-damage|p2a: Rosemary|52\/100
|
|-heal|p1a: Neuroboxin|180\/289|[from] item: Black Sludge
|upkeep
|turn|16
|
|t:|1611041638
|move|p1a: Neuroboxin|U-turn|p2a: Rosemary
|-resisted|p2a: Rosemary
|-damage|p2a: Rosemary|47\/100
|
|t:|1611041644
|switch|p1a: Cindy|Incineroar, F|394\/394
|-ability|p1a: Cindy|Intimidate|boost
|-unboost|p2a: Rosemary|atk|1
|move|p2a: Rosemary|Will-O-Wisp|p1a: Cindy|[miss]
|-miss|p2a: Rosemary|p1a: Cindy
|
|upkeep
|turn|17
|
|t:|1611041654
|switch|p2a: Cattail|Vaporeon, F|100\/100
|move|p1a: Cindy|Parting Shot|p2a: Cattail
|-unboost|p2a: Cattail|atk|1
|-unboost|p2a: Cattail|spa|1
|
|t:|1611041663
|switch|p1a: Lemon Drop|Minior|261\/261
|-formechange|p1a: Lemon Drop|Minior-Meteor||[from] ability: Shields Down
|
|upkeep
|turn|18
|
|t:|1611041668
|move|p1a: Lemon Drop|Shell Smash|p1a: Lemon Drop
|-unboost|p1a: Lemon Drop|def|1
|-unboost|p1a: Lemon Drop|spd|1
|-boost|p1a: Lemon Drop|atk|2
|-boost|p1a: Lemon Drop|spa|2
|-boost|p1a: Lemon Drop|spe|2
|-enditem|p1a: Lemon Drop|White Herb
|-clearnegativeboost|p1a: Lemon Drop|[silent]
|move|p2a: Cattail|Wish|p2a: Cattail
|
|upkeep
|turn|19
|
|t:|1611041676
|switch|p2a: Ophrys|Scizor, F|100\/100
|move|p1a: Lemon Drop|Acrobatics|p2a: Ophrys
|-damage|p2a: Ophrys|45\/100
|
|-heal|p2a: Ophrys|100\/100|[from] move: Wish|[wisher] Cattail
|upkeep
|turn|20
|
|t:|1611041690
|detailschange|p2a: Ophrys|Scizor-Mega, F
|-mega|p2a: Ophrys|Scizor|Scizorite
|move|p2a: Ophrys|Bullet Punch|p1a: Lemon Drop
|-supereffective|p1a: Lemon Drop
|-damage|p1a: Lemon Drop|69\/261
|move|p1a: Lemon Drop|Acrobatics|p2a: Ophrys
|-damage|p2a: Ophrys|55\/100
|
|-formechange|p1a: Lemon Drop|Minior||[from] ability: Shields Down
|upkeep
|turn|21
|
|t:|1611041701
|switch|p1a: Cindy|Incineroar, F|394\/394
|-ability|p1a: Cindy|Intimidate|boost
|-unboost|p2a: Ophrys|atk|1
|move|p2a: Ophrys|Bullet Punch|p1a: Cindy
|-resisted|p1a: Cindy
|-damage|p1a: Cindy|358\/394
|
|upkeep
|turn|22
|
|t:|1611041710
|move|p2a: Ophrys|U-turn|p1a: Cindy
|-damage|p1a: Cindy|276\/394
|
|t:|1611041716
|switch|p2a: Cattail|Vaporeon, F|100\/100|[from]move: U-turn
|move|p1a: Cindy|Parting Shot|p2a: Cattail
|-unboost|p2a: Cattail|atk|1
|-unboost|p2a: Cattail|spa|1
|
|t:|1611041723
|switch|p1a: Neuroboxin|Neuroboxin, M|180\/289
|-start|p1a: Neuroboxin|typechange|Poison\/Fighting|[silent]
|-ability|p1a: Neuroboxin|Water Absorb|[from] ability: Trace|[of] p2a: Cattail
|
|-heal|p1a: Neuroboxin|198\/289|[from] item: Black Sludge
|upkeep
|turn|23
|
|t:|1611041730
|move|p1a: Neuroboxin|Toxic|p2a: Cattail
|-status|p2a: Cattail|tox
|move|p2a: Cattail|Wish|p2a: Cattail
|
|-heal|p1a: Neuroboxin|216\/289|[from] item: Black Sludge
|-damage|p2a: Cattail|94\/100 tox|[from] psn
|upkeep
|turn|24
|
|t:|1611041738
|switch|p2a: Spilly|Araquanid, M|46\/100
|move|p1a: Neuroboxin|Gunk Shot|p2a: Spilly
|-damage|p2a: Spilly|0 fnt
|faint|p2a: Spilly
|
|-heal|p1a: Neuroboxin|234\/289|[from] item: Black Sludge
|upkeep
|c|☆H2OPulse|Noooo fair okay
|
|t:|1611041755
|switch|p2a: Rosemary|Poultergeist, M|47\/100
|-start|p2a: Rosemary|typechange|Fire\/Flying|[silent]
|turn|25
|
|t:|1611041763
|move|p1a: Neuroboxin|U-turn|p2a: Rosemary
|-resisted|p2a: Rosemary
|-damage|p2a: Rosemary|42\/100
|
|t:|1611041767
|switch|p1a: Lemon Drop|Minior|69\/261
|move|p2a: Rosemary|Will-O-Wisp|p1a: Lemon Drop
|-status|p1a: Lemon Drop|brn
|
|-damage|p1a: Lemon Drop|53\/261 brn|[from] brn
|upkeep
|turn|26
|c|☆H2OPulse|Oh I did not hit the right move but okay
|
|t:|1611041780
|switch|p2a: Cattail|Vaporeon, F|94\/100 tox
|move|p1a: Lemon Drop|Stone Edge|p2a: Cattail
|-damage|p2a: Cattail|77\/100 tox
|
|-heal|p2a: Cattail|83\/100 tox|[from] item: Leftovers
|-damage|p1a: Lemon Drop|37\/261 brn|[from] brn
|-damage|p2a: Cattail|77\/100 tox|[from] psn
|upkeep
|turn|27
|raw|<div class="message"><ul class="utilichart"><li class="result"><span class="col numcol">Illegal<\/span> <span class="col iconcol"><psicon pokemon="manectricmega"\/><\/span> <span class="col pokemonnamecol" style="white-space:nowrap"><a href="https:\/\/dex.pokemonshowdown.com\/pokemon\/manectricmega" target="_blank">Manectric-Mega<\/a><\/span> <span class="col typecol"><img src="https:\/\/play.pokemonshowdown.com\/sprites\/types\/Electric.png" alt="Electric" height="14" width="32"><\/span> <span style="float:left;min-height:26px"><span class="col abilitycol">Intimidate<\/span><span class="col abilitycol"><\/span><\/span><span style="float:left;min-height:26px"><span class="col statcol"><em>HP<\/em><br \/>70<\/span> <span class="col statcol"><em>Atk<\/em><br \/>75<\/span> <span class="col statcol"><em>Def<\/em><br \/>80<\/span> <span class="col statcol"><em>SpA<\/em><br \/>135<\/span> <span class="col statcol"><em>SpD<\/em><br \/>80<\/span> <span class="col statcol"><em>Spe<\/em><br \/>135<\/span> <span class="col bstcol"><em>BST<br \/>575<\/em><\/span> <\/span><\/li><li style="clear:both"><\/li><\/ul><\/div>
|raw|<font size="1"><font color="#686868">Dex#:<\/font> 310&nbsp;|&ThickSpace;<font color="#686868">Gen:<\/font> 6&nbsp;|&ThickSpace;<font color="#686868">Height:<\/font> 1.8 m&nbsp;|&ThickSpace;<font color="#686868">Weight:<\/font> 44 kg <em>(60 BP)<\/em>&nbsp;|&ThickSpace;<font color="#686868">Dex Colour:<\/font> Yellow&nbsp;|&ThickSpace;<font color="#686868">Egg Group(s):<\/font> Field&nbsp;|&ThickSpace;<font color="#686868">Does Not Evolve<\/font><\/font>

|c|☆inkbug1|hp ice i miss you so much
|c|☆H2OPulse|Fhgjk
|
|t:|1611041843
|move|p1a: Lemon Drop|U-turn|p2a: Cattail
|-damage|p2a: Cattail|68\/100 tox
|
|t:|1611041848
|switch|p1a: Donner|Manectric-Mega, F|281\/281
|-ability|p1a: Donner|Intimidate|boost
|-unboost|p2a: Cattail|atk|1
|move|p2a: Cattail|Wish|p2a: Cattail
|
|-heal|p2a: Cattail|74\/100 tox|[from] item: Leftovers
|-damage|p2a: Cattail|62\/100 tox|[from] psn
|upkeep
|turn|28
|
|t:|1611041863
|switch|p2a: Lotus|Flygon, F|83\/100 tox
|move|p1a: Donner|Toxic|p2a: Lotus
|-fail|p2a: Lotus|tox
|
|-heal|p2a: Lotus|100\/100 tox|[from] move: Wish|[wisher] Cattail
|-damage|p2a: Lotus|95\/100 tox|[from] psn
|upkeep
|turn|29
|
|t:|1611041882
|switch|p1a: Caramel|Landorus-Therian, M|336\/382 tox
|-ability|p1a: Caramel|Intimidate|boost
|-unboost|p2a: Lotus|atk|1
|move|p2a: Lotus|Outrage|p1a: Caramel
|-damage|p1a: Caramel|197\/382 tox
|
|-heal|p1a: Caramel|220\/382 tox|[from] item: Leftovers
|-damage|p2a: Lotus|83\/100 tox|[from] psn
|-damage|p1a: Caramel|197\/382 tox|[from] psn
|upkeep
|turn|30
|
|t:|1611041900
|switch|p1a: Cindy|Incineroar, F|276\/394
|-ability|p1a: Cindy|Intimidate|boost
|-unboost|p2a: Lotus|atk|1
|move|p2a: Lotus|Outrage|p1a: Cindy|[from]lockedmove
|-crit|p1a: Cindy
|-damage|p1a: Cindy|0 fnt
|faint|p1a: Cindy
|
|-damage|p2a: Lotus|65\/100 tox|[from] psn
|upkeep
|c|☆inkbug1|oh ok fair
|c|☆H2OPulse|OOF sorry
|
|t:|1611041927
|switch|p1a: Neuroboxin|Neuroboxin, M|234\/289
|-start|p1a: Neuroboxin|typechange|Poison\/Fighting|[silent]
|-ability|p1a: Neuroboxin|Levitate|[from] ability: Trace|[of] p2a: Lotus
|turn|31
|
|t:|1611041931
|move|p2a: Lotus|Outrage|p1a: Neuroboxin|[from]lockedmove
|-damage|p1a: Neuroboxin|138\/289
|-start|p2a: Lotus|confusion|[fatigue]
|move|p1a: Neuroboxin|Gunk Shot|p2a: Lotus
|-resisted|p2a: Lotus
|-damage|p2a: Lotus|32\/100 tox
|
|-heal|p1a: Neuroboxin|156\/289|[from] item: Black Sludge
|-damage|p2a: Lotus|8\/100 tox|[from] psn
|upkeep
|turn|32
|
|t:|1611041948
|switch|p2a: Ophrys|Scizor-Mega, F|55\/100
|move|p1a: Neuroboxin|Gunk Shot|p2a: Ophrys
|-immune|p2a: Ophrys
|
|-heal|p1a: Neuroboxin|174\/289|[from] item: Black Sludge
|upkeep
|turn|33
|
|t:|1611041955
|move|p1a: Neuroboxin|Stomping Tantrum|p2a: Ophrys
|-damage|p2a: Ophrys|33\/100
|move|p2a: Ophrys|U-turn|p1a: Neuroboxin
|-resisted|p1a: Neuroboxin
|-damage|p1a: Neuroboxin|146\/289
|c|☆inkbug1|aww
|c|☆inkbug1|that did Zip
|
|t:|1611041981
|switch|p2a: Cattail|Vaporeon, F|62\/100 tox|[from]move: U-turn
|
|-heal|p1a: Neuroboxin|164\/289|[from] item: Black Sludge
|-heal|p2a: Cattail|68\/100 tox|[from] item: Leftovers
|-damage|p2a: Cattail|62\/100 tox|[from] psn
|upkeep
|turn|34
|
|t:|1611042006
|move|p1a: Neuroboxin|Gunk Shot|p2a: Cattail
|-damage|p2a: Cattail|30\/100 tox
|move|p2a: Cattail|Wish|p2a: Cattail
|
|-heal|p1a: Neuroboxin|182\/289|[from] item: Black Sludge
|-heal|p2a: Cattail|36\/100 tox|[from] item: Leftovers
|-damage|p2a: Cattail|24\/100 tox|[from] psn
|upkeep
|turn|35
|c|☆inkbug1|man this team is feeling like. especially incompetent. im not sure whats wrong here 
|c|☆H2OPulse|you say that like you're not winning
|c|☆inkbug1|i think i need to mess with manectric a bit
|
|t:|1611042053
|switch|p2a: Ophrys|Scizor-Mega, F|33\/100
|move|p1a: Neuroboxin|U-turn|p2a: Ophrys
|-resisted|p2a: Ophrys
|-damage|p2a: Ophrys|28\/100
|c|☆inkbug1|no i dont have a lot of options here is the thing
|
|t:|1611042061
|switch|p1a: Goliso Padre|Golisopod, M|354\/354
|
|-heal|p2a: Ophrys|96\/100|[from] move: Wish|[wisher] Cattail
|upkeep
|turn|36
|
|t:|1611042073
|move|p2a: Ophrys|U-turn|p1a: Goliso Padre
|-damage|p1a: Goliso Padre|270\/354
|
|t:|1611042092
|switch|p2a: Rosemary|Poultergeist, M|42\/100|[from]move: U-turn
|-start|p2a: Rosemary|typechange|Fire\/Flying|[silent]
|move|p1a: Goliso Padre|Liquidation|p2a: Rosemary
|-supereffective|p2a: Rosemary
|-damage|p2a: Rosemary|0 fnt
|faint|p2a: Rosemary
|detailschange|p2a: Rosemary|Poultergeist-Headless, M
|-ability|p2a: Rosemary|Chicken Out
|-message|Rosemary ran off somewhere...
|
|t:|1611042098
|switch|p2a: Cattail|Vaporeon, F|24\/100 tox
|
|-heal|p2a: Cattail|30\/100 tox|[from] item: Leftovers
|-damage|p2a: Cattail|24\/100 tox|[from] psn
|upkeep
|turn|37
|
|t:|1611042106
|move|p2a: Cattail|Wish|p2a: Cattail
|move|p1a: Goliso Padre|Knock Off|p2a: Cattail
|-damage|p2a: Cattail|0 fnt
|-enditem|p2a: Cattail|Leftovers|[from] move: Knock Off|[of] p1a: Goliso Padre
|faint|p2a: Cattail
|
|upkeep
|
|t:|1611042110
|switch|p2a: Lotus|Flygon, F|8\/100 tox
|turn|38
|
|t:|1611042119
|move|p2a: Lotus|Stone Edge|p1a: Goliso Padre
|-supereffective|p1a: Goliso Padre
|-crit|p1a: Goliso Padre
|-damage|p1a: Goliso Padre|62\/354
|-activate|p1a: Goliso Padre|ability: Emergency Exit
|c|☆inkbug1|guh
|
|t:|1611042135
|switch|p1a: Donner|Manectric-Mega, F|281\/281
|-ability|p1a: Donner|Intimidate|boost
|-unboost|p2a: Lotus|atk|1
|
|-heal|p2a: Lotus|85\/100 tox|[from] move: Wish|[wisher] Cattail
|-damage|p2a: Lotus|79\/100 tox|[from] psn
|upkeep
|turn|39
|
|t:|1611042153
|switch|p2a: Rosemary|Poultergeist-Headless, M|100\/100
|-start|p2a: Rosemary|typechange|Fire\/Ghost|[silent]
|raw|<ul class="utilichart"><li class="result"><span class="col pokemonnamecol" style="white-space: nowrap">Poultergeist-Headless<\/span> <span class="col typecol"><img src="https:\/\/play.pokemonshowdown.com\/sprites\/types\/Fire.png" alt="Fire" height="14" width="32"><img src="https:\/\/play.pokemonshowdown.com\/sprites\/types\/Ghost.png" alt="Ghost" height="14" width="32"><\/span> <span style="float: left ; min-height: 26px"><span class="col abilitycol">Wonder Guard<\/span><span class="col abilitycol"><\/span><\/span><span style="float: left ; min-height: 26px"><span class="col statcol"><em>HP<\/em><br>1<\/span> <span class="col statcol"><em>Atk<\/em><br>65<\/span> <span class="col statcol"><em>Def<\/em><br>85<\/span> <span class="col statcol"><em>SpA<\/em><br>105<\/span> <span class="col statcol"><em>SpD<\/em><br>85<\/span> <span class="col statcol"><em>Spe<\/em><br>113<\/span> <\/span><\/li><li style="clear: both"><\/li><\/ul>
|switch|p1a: Neuroboxin|Neuroboxin, M|182\/289
|-start|p1a: Neuroboxin|typechange|Poison\/Fighting|[silent]
|-ability|p1a: Neuroboxin|Wonder Guard|[from] ability: Trace|[of] p2a: Rosemary
|
|-heal|p1a: Neuroboxin|200\/289|[from] item: Black Sludge
|upkeep
|turn|40
|c|☆H2OPulse|oh.
|c|☆inkbug1|.,,,
|c|☆inkbug1|is it allowed to trace that
|c|☆H2OPulse|Yes
|c|☆inkbug1|wheeze
|
|t:|1611042187
|switch|p2a: Lotus|Flygon, F|79\/100 tox
|move|p1a: Neuroboxin|Stomping Tantrum|p2a: Lotus
|-immune|p2a: Lotus|[from] ability: Levitate
|
|-heal|p1a: Neuroboxin|218\/289|[from] item: Black Sludge
|-damage|p2a: Lotus|73\/100 tox|[from] psn
|upkeep
|turn|41
|c|☆H2OPulse|I just also wasn't necessarily planning on it,
|
|t:|1611042205
|move|p2a: Lotus|Outrage|p1a: Neuroboxin
|-immune|p1a: Neuroboxin|[from] ability: Wonder Guard
|move|p1a: Neuroboxin|Gunk Shot|p2a: Lotus
|-resisted|p2a: Lotus
|-damage|p2a: Lotus|39\/100 tox
|
|-heal|p1a: Neuroboxin|236\/289|[from] item: Black Sludge
|-damage|p2a: Lotus|27\/100 tox|[from] psn
|upkeep
|turn|42
|c|☆inkbug1|im
|c|☆H2OPulse|Okay I was banking on a switch and that was really not smart
|c|☆inkbug1|i shouldve switched i forgot i had wonder guard
|c|☆H2OPulse|Fhjkk
|c|☆inkbug1|i switched in banking on copying levitate
|
|t:|1611042247
|switch|p2a: Ophrys|Scizor-Mega, F|96\/100
|move|p1a: Neuroboxin|Gunk Shot|p2a: Ophrys
|-immune|p2a: Ophrys
|
|-heal|p1a: Neuroboxin|254\/289|[from] item: Black Sludge
|upkeep
|turn|43
|
|t:|1611042255
|move|p1a: Neuroboxin|Stomping Tantrum|p2a: Ophrys
|-damage|p2a: Ophrys|73\/100
|move|p2a: Ophrys|Swords Dance|p2a: Ophrys
|-boost|p2a: Ophrys|atk|2
|
|-heal|p1a: Neuroboxin|272\/289|[from] item: Black Sludge
|upkeep
|turn|44
|c|☆H2OPulse|Well at least the walling here is mutual
|
|t:|1611042263
|move|p1a: Neuroboxin|Toxic|p2a: Ophrys
|-immune|p2a: Ophrys
|move|p2a: Ophrys|Swords Dance|p2a: Ophrys
|-boost|p2a: Ophrys|atk|2
|
|-heal|p1a: Neuroboxin|289\/289|[from] item: Black Sludge
|upkeep
|turn|45
|
|t:|1611042270
|move|p1a: Neuroboxin|Stomping Tantrum|p2a: Ophrys
|-damage|p2a: Ophrys|52\/100
|move|p2a: Ophrys|Swords Dance|p2a: Ophrys
|-boost|p2a: Ophrys|atk|2
|
|upkeep
|turn|46
|c|☆inkbug1|i am Not leaving this is terrifying
|
|t:|1611042286
|move|p1a: Neuroboxin|Stomping Tantrum|p2a: Ophrys
|-damage|p2a: Ophrys|40\/100
|move|p2a: Ophrys|Roost|p2a: Ophrys
|-heal|p2a: Ophrys|91\/100
|-singleturn|p2a: Ophrys|move: Roost
|
|upkeep
|turn|47
|c|☆H2OPulse|Why does Bullet Punch have 48 PP
|
|t:|1611042297
|move|p1a: Neuroboxin|Toxic|p2a: Ophrys
|-immune|p2a: Ophrys
|move|p2a: Ophrys|Swords Dance|p2a: Ophrys
|-boost|p2a: Ophrys|atk|0
|
|upkeep
|turn|48
|
|t:|1611042311
|move|p1a: Neuroboxin|Stomping Tantrum|p2a: Ophrys
|-damage|p2a: Ophrys|68\/100
|move|p2a: Ophrys|Swords Dance|p2a: Ophrys
|-boost|p2a: Ophrys|atk|0
|
|upkeep
|turn|49
|
|t:|1611042319
|move|p2a: Ophrys|Bullet Punch|p1a: Neuroboxin
|-immune|p1a: Neuroboxin|[from] ability: Wonder Guard
|move|p1a: Neuroboxin|Stomping Tantrum|p2a: Ophrys
|-damage|p2a: Ophrys|55\/100
|
|upkeep
|turn|50
|
|t:|1611042324
|switch|p1a: Goliso Padre|Golisopod, M|62\/354
|move|p2a: Ophrys|Roost|p2a: Ophrys
|-heal|p2a: Ophrys|100\/100
|-singleturn|p2a: Ophrys|move: Roost
|
|upkeep
|turn|51
|
|t:|1611042330
|move|p1a: Goliso Padre|First Impression|p2a: Ophrys
|-resisted|p2a: Ophrys
|-damage|p2a: Ophrys|87\/100
|move|p2a: Ophrys|Bullet Punch|p1a: Goliso Padre
|-resisted|p1a: Goliso Padre
|-damage|p1a: Goliso Padre|0 fnt
|faint|p1a: Goliso Padre
|
|upkeep
|
|t:|1611042337
|switch|p1a: Donner|Manectric-Mega, F|281\/281
|-ability|p1a: Donner|Intimidate|boost
|-unboost|p2a: Ophrys|atk|1
|turn|52
|
|t:|1611042342
|move|p2a: Ophrys|Bullet Punch|p1a: Donner
|-resisted|p1a: Donner
|-damage|p1a: Donner|68\/281
|move|p1a: Donner|Overheat|p2a: Ophrys
|-supereffective|p2a: Ophrys
|-damage|p2a: Ophrys|0 fnt
|-unboost|p1a: Donner|spa|2
|faint|p2a: Ophrys
|
|upkeep
|c|☆inkbug1|thank god resist
|c|☆inkbug1|you still have zoroark dont you i think the tooltip is lying to me again. 
|c|☆H2OPulse|I do still have Zoroark
|
|t:|1611042404
|switch|p2a: Lotus|Flygon, F|27\/100 tox
|turn|53
|
|t:|1611042415
|switch|p1a: Neuroboxin|Neuroboxin, M|289\/289
|-start|p1a: Neuroboxin|typechange|Poison\/Fighting|[silent]
|-ability|p1a: Neuroboxin|Levitate|[from] ability: Trace|[of] p2a: Lotus
|move|p2a: Lotus|Outrage|p1a: Neuroboxin
|-damage|p1a: Neuroboxin|93\/289
|
|-heal|p1a: Neuroboxin|111\/289|[from] item: Black Sludge
|-damage|p2a: Lotus|21\/100 tox|[from] psn
|upkeep
|turn|54
|c|☆inkbug1|yeah ok tht was dumb 
|
|t:|1611042432
|switch|p1a: Caramel|Landorus-Therian, M|197\/382 tox
|-ability|p1a: Caramel|Intimidate|boost
|-unboost|p2a: Lotus|atk|1
|move|p2a: Lotus|Outrage|p1a: Caramel|[from]lockedmove
|-damage|p1a: Caramel|73\/382 tox
|-start|p2a: Lotus|confusion|[fatigue]
|
|-heal|p1a: Caramel|96\/382 tox|[from] item: Leftovers
|-damage|p2a: Lotus|9\/100 tox|[from] psn
|-damage|p1a: Caramel|73\/382 tox|[from] psn
|upkeep
|turn|55
|
|t:|1611042444
|-activate|p2a: Lotus|confusion
|move|p2a: Lotus|Outrage|p1a: Caramel
|-damage|p1a: Caramel|0 fnt
|faint|p1a: Caramel
|
|-damage|p2a: Lotus|0 fnt|[from] psn
|faint|p2a: Lotus
|upkeep
|
|t:|1611042453
|switch|p2a: Rosemary|Poultergeist-Headless, M|100\/100
|switch|p1a: Neuroboxin|Neuroboxin, M|111\/289
|-start|p1a: Neuroboxin|typechange|Poison\/Fighting|[silent]
|turn|56
|c|☆inkbug1|oh this is
|c|☆inkbug1|not
|c|☆inkbug1|fuck
|
|t:|1611042483
|move|p1a: Neuroboxin|Gunk Shot|p2a: Rosemary
|-damage|p2a: Rosemary|12\/100
|replace|p2a: Ninfeo|Zoroark, M
|-end|p2a: Ninfeo|Illusion
|move|p2a: Ninfeo|Trick|p1a: Neuroboxin
|-activate|p2a: Ninfeo|move: Trick|[of] p1a: Neuroboxin
|-item|p1a: Neuroboxin|Choice Specs|[from] move: Trick
|-item|p2a: Ninfeo|Black Sludge|[from] move: Trick
|
|-damage|p2a: Ninfeo|0 fnt|[from] item: Black Sludge
|faint|p2a: Ninfeo
|upkeep
|
|t:|1611042488
|switch|p2a: Rosemary|Poultergeist-Headless, M|100\/100
|-ability|p1a: Neuroboxin|Wonder Guard|[from] ability: Trace|[of] p2a: Rosemary
|-start|p2a: Rosemary|typechange|Fire\/Ghost|[silent]
|turn|57
|c|☆inkbug1|haha
|c|☆H2OPulse|Okay I do lose now huh
|c|☆inkbug1|that was conveniently my last gunk shot pp
|c|☆inkbug1|so i get to switch
|c|☆H2OPulse|Fjgkh
|c|☆H2OPulse|Good game in any case!!!
|
|t:|1611042525
|move|p2a: Rosemary|Hex|p1a: Neuroboxin
|-immune|p1a: Neuroboxin|[from] ability: Wonder Guard
|move|p1a: Neuroboxin|Stomping Tantrum|p2a: Rosemary
|-supereffective|p2a: Rosemary
|-damage|p2a: Rosemary|0 fnt
|faint|p2a: Rosemary
|
|upkeep
|turn|58
|c|☆inkbug1|that was 
|c|☆inkbug1|a game
|c|☆inkbug1|that we played
|c|☆inkbug1|uh
|c|☆H2OPulse|Oh we're softlocked again
|c|☆H2OPulse|One sec
|
|t:|1611042538
|move|p1a: Neuroboxin|Stomping Tantrum|p2: Rosemary|[notarget]
|-fail|p1a: Neuroboxin
|
|upkeep
|turn|59
|
|t:|1611042542
|move|p1a: Neuroboxin|Stomping Tantrum|p2: Rosemary|[notarget]
|-fail|p1a: Neuroboxin
|
|upkeep
|turn|60
|c|☆H2OPulse|There we... don't go
|
|t:|1611042545
|move|p1a: Neuroboxin|Stomping Tantrum|p2: Rosemary|[notarget]
|-fail|p1a: Neuroboxin
|
|upkeep
|turn|61
|c|☆H2OPulse|huh
|-message|H2OPulse forfeited.
|
|win|inkbug1
|c|☆inkbug1|wheeze
|c|☆H2OPulse|okay so I don't know what's up there I swear it worked before
|c|☆inkbug1|weird
|c|☆H2OPulse|well that's bad
|c|☆H2OPulse|uh</script>
</div>
<div class="battle-log battle-log-inline"><div class="inner"><div class="battle-options"><div style="padding-top: 3px; padding-right: 3px; text-align: right"><button class="icon button" name="openBattleOptions" title="Options">Battle Options</button></div></div><div class="inner message-log"><div class="chat"><small>☆inkbug1 and ☆H2OPulse joined</small></div><div class=""><small>Format:</small> <br><strong>[Gen 8] Conniecord Draft League</strong></div><div class=""><small><em>HP Percentage Mod:</em> HP is shown in percentages</small></div><div class=""><small><em>Endless Battle Clause:</em> Forcing endless battles is banned</small></div><div class=""><small><em>OHKO Clause:</em> OHKO moves are banned</small></div><div class=""><small><em>Evasion Moves Clause:</em> Evasion moves are banned</small></div><div class=""><small><em>Species Clause:</em> Limit one of each Pokémon (not counting forms)</small></div><div class=""><small><em>Dynamax Clause:</em> You cannot dynamax</small></div><div class=""><small><em>Sleep Clause Mod:</em> Limit one foe put to sleep</small></div><div class=""><small><em>Z-Move Clause:</em> Z-Moves are banned</small></div><div class="chat battle-history"><strong>inkbug1's team:</strong> <em style="color:#445566;display:block;">Landorus-Therian / Incineroar / Neuroboxin / Manectric / Golisopod / Minior</em></div><div class="chat battle-history"><strong>H2OPulse's team:</strong> <em style="color:#445566;display:block;">Araquanid / Vaporeon / Flygon / Zoroark / Scizor / Poultergeist</em></div><div class="chat chatmessage-h2opulse"><strong style="color:#6e8c2b"><small>☆</small><span class="username" data-name="H2OPulse">H2OPulse</span>:</strong> <em>Suspiciously similar substitute time</em></div><div class="chat chatmessage-h2opulse"><strong style="color:#6e8c2b"><small>☆</small><span class="username" data-name="H2OPulse">H2OPulse</span>:</strong> <em>with added Ground immunity</em></div><div class="spacer battle-history"><br></div><div class="battle-history">Battle started between inkbug1 and H2OPulse!<br></div><div class="spacer battle-history"><br></div><div class="battle-history">Go! <strong>Neuroboxin</strong>!<br></div><div class="spacer battle-history"><br></div><div class="battle-history">H2OPulse sent out Spilly (<strong>Araquanid</strong>)!<br></div><div class="chat"><ul class="utilichart"><li class="result"><span class="col pokemonnamecol" style="white-space: nowrap">Neuroboxin</span> <span class="col typecol"><img src="https://play.pokemonshowdown.com/sprites/types/Poison.png" alt="Poison" height="14" width="32"><img src="https://play.pokemonshowdown.com/sprites/types/Fighting.png" alt="Fighting" height="14" width="32"></span> <span style="float: left ; min-height: 26px"><span class="col abilitycol">Infiltrator / Sticky Hold / Trace</span><span class="col abilitycol"></span></span><span style="float: left ; min-height: 26px"><span class="col statcol"><em>HP</em><br>74</span> <span class="col statcol"><em>Atk</em><br>85</span> <span class="col statcol"><em>Def</em><br>96</span> <span class="col statcol"><em>SpA</em><br>72</span> <span class="col statcol"><em>SpD</em><br>81</span> <span class="col statcol"><em>Spe</em><br>109</span> </span></li><li style="clear: both"></li></ul></div><div class="battle-history">[Neuroboxin's Trace]<br>[Neuroboxin's Water Bubble]<br><small>Neuroboxin traced the opposing Spilly's Water Bubble!</small><br></div><div class="spacer battle-history"><br></div><h2 class="battle-history">Turn 1</h2><div class="chat chatmessage-inkbug1 mine"><strong style="color:#e46e0f"><small>☆</small><span class="username" data-name="inkbug1">inkbug1</span>:</strong> <em>i actually removed flip turn from boxins moveset in the code bc i was feeling weird about it for some reason but im starting to wish i hadnt</em></div><div class="spacer battle-history"><br></div><div class="battle-history">Neuroboxin used <strong>Toxic</strong>!<br></div><div class="battle-history"><small>The opposing Spilly was badly poisoned!</small><br></div><div class="spacer battle-history"><br></div><div class="battle-history">The opposing Spilly used <strong>Liquidation</strong>!<br></div><div class="battle-history"><small>(Neuroboxin lost <abbr title="−235/289">81.3%</abbr> of its health!)</small><br></div><div class="battle-history"><small>Neuroboxin's Defense fell!</small><br></div><div class="spacer battle-history"><br></div><div class="battle-history"><small>Neuroboxin restored a little HP using its Black Sludge!</small><br></div><div class="battle-history"><small>The opposing Spilly was hurt by poison!</small><br></div><div class="spacer battle-history"><br></div><h2 class="battle-history">Turn 2</h2><div class="chat chatmessage-h2opulse"><strong style="color:#6e8c2b"><small>☆</small><span class="username" data-name="H2OPulse">H2OPulse</span>:</strong> <em>Oof fair</em></div><div class="spacer battle-history"><br></div><div class="battle-history">Neuroboxin used <strong>U-turn</strong>!<br></div><div class="battle-history"><small>(The opposing Spilly lost 24% of its health!)</small><br></div><div class="spacer battle-history"><br></div><div class="battle-history">Neuroboxin went back to inkbug1!<br></div><div class="battle-history">Go! Goliso Padre (<strong>Golisopod</strong>)!<br></div><div class="spacer battle-history"><br></div><div class="battle-history">The opposing Spilly used <strong>Sticky Web</strong>!<br></div><div class="battle-history"><small>A sticky web has been laid out on the ground around your team!</small><br></div><div class="spacer battle-history"><br></div><div class="battle-history"><small>The opposing Spilly was hurt by poison!</small><br></div><div class="spacer battle-history"><br></div><h2 class="battle-history">Turn 3</h2><div class="spacer battle-history"><br></div><div class="battle-history">H2OPulse withdrew Spilly!<br></div><div class="battle-history">H2OPulse sent out Cattail (<strong>Vaporeon</strong>)!<br></div><div class="spacer battle-history"><br></div><div class="battle-history">Goliso Padre used <strong>First Impression</strong>!<br></div><div class="battle-history"><small>(The opposing Cattail lost 38% of its health!)</small><br></div><div class="spacer battle-history"><br></div><div class="battle-history"><small>The opposing Cattail restored a little HP using its Leftovers!</small><br></div><div class="spacer battle-history"><br></div><h2 class="battle-history">Turn 4</h2><div class="spacer battle-history"><br></div><div class="battle-history">Goliso Padre, come back!<br></div><div class="battle-history">Go! Donner (<strong>Manectric</strong>)!<br></div><div class="battle-history"><small>Donner was caught in a sticky web!</small><br></div><div class="battle-history"><small>Donner's Speed fell!</small><br></div><div class="spacer battle-history"><br></div><div class="battle-history">The opposing Cattail used <strong>Heal Bell</strong>!<br></div><div class="battle-history"><small>A bell chimed!</small><br></div><div class="battle-history"><small>The opposing Spilly was cured of its poisoning!</small><br></div><div class="spacer battle-history"><br></div><div class="battle-history"><small>The opposing Cattail restored a little HP using its Leftovers!</small><br></div><div class="spacer battle-history"><br></div><h2 class="battle-history">Turn 5</h2><div class="spacer battle-history"><br></div><div class="battle-history">H2OPulse withdrew Cattail!<br></div><div class="battle-history">H2OPulse sent out Lotus (<strong>Flygon</strong>)!<br></div><div class="spacer battle-history"><br></div><div class="battle-history"><small>Donner's Manectite is reacting to the Key Stone!</small><br>Donner has Mega Evolved into Mega Manectric!<br></div><div class="battle-history">[Donner's Intimidate]<br></div><div class="battle-history"><small>The opposing Lotus's Attack fell!</small><br></div><div class="spacer battle-history"><br></div><div class="battle-history">Donner used <strong>Toxic</strong>!<br></div><div class="battle-history"><small>The opposing Lotus was badly poisoned!</small><br></div><div class="spacer battle-history"><br></div><div class="battle-history"><small>The opposing Lotus was hurt by poison!</small><br></div><div class="spacer battle-history"><br></div><h2 class="battle-history">Turn 6</h2><div class="spacer battle-history"><br></div><div class="battle-history">Donner, come back!<br></div><div class="battle-history">Go! Caramel (<strong>Landorus-Therian</strong>)!<br></div><div class="battle-history">[Caramel's Intimidate]<br></div><div class="battle-history"><small>The opposing Lotus's Attack fell!</small><br></div><div class="spacer battle-history"><br></div><div class="battle-history">The opposing Lotus used <strong>Stone Edge</strong>!<br></div><div class="battle-history"><small>(Caramel lost <abbr title="−59/382">15.4%</abbr> of its health!)</small><br></div><div class="spacer battle-history"><br></div><div class="battle-history"><small>Caramel restored a little HP using its Leftovers!</small><br></div><div class="battle-history"><small>The opposing Lotus was hurt by poison!</small><br></div><div class="spacer battle-history"><br></div><h2 class="battle-history">Turn 7</h2><div class="spacer battle-history"><br></div><div class="battle-history">H2OPulse withdrew Lotus!<br></div><div class="battle-history">H2OPulse sent out Cattail (<strong>Vaporeon</strong>)!<br></div><div class="spacer battle-history"><br></div><div class="battle-history">Caramel used <strong>Defog</strong>!<br></div><div class="battle-history"><small>The opposing Cattail's evasiveness fell!</small><br></div><div class="battle-history"><small>The sticky web has disappeared from the ground around your team!</small><br></div><div class="spacer battle-history"><br></div><div class="battle-history"><small>Caramel restored a little HP using its Leftovers!</small><br></div><div class="battle-history"><small>The opposing Cattail restored a little HP using its Leftovers!</small><br></div><div class="spacer battle-history"><br></div><h2 class="battle-history">Turn 8</h2><div class="spacer battle-history"><br></div><div class="battle-history">Caramel used <strong>Role Play</strong>!<br></div><div class="battle-history">[Caramel's Intimidate]<br></div><div class="battle-history">[Caramel's Water Absorb]<br><small>Caramel copied the opposing Cattail's Water Absorb Ability!</small><br></div><div class="spacer battle-history"><br></div><div class="battle-history">The opposing Cattail used <strong>Wish</strong>!<br></div><div class="spacer battle-history"><br></div><div class="battle-history"><small>Caramel restored a little HP using its Leftovers!</small><br></div><div class="battle-history"><small>The opposing Cattail restored a little HP using its Leftovers!</small><br></div><div class="spacer battle-history"><br></div><h2 class="battle-history">Turn 9</h2><div class="spacer battle-history"><br></div><div class="battle-history">H2OPulse withdrew Cattail!<br></div><div class="battle-history">H2OPulse sent out Spilly (<strong>Araquanid</strong>)!<br></div><div class="spacer battle-history"><br></div><div class="battle-history">Caramel used <strong>Earthquake</strong>!<br></div><div class="battle-history"><small>It's not very effective...</small><br></div><div class="battle-history"><small>(The opposing Spilly lost 28% of its health!)</small><br></div><div class="spacer battle-history"><br></div><div class="battle-history"><small>Cattail's wish came true!</small><br></div><div class="spacer battle-history"><br></div><h2 class="battle-history">Turn 10</h2><div class="spacer battle-history"><br></div><div class="battle-history">Caramel used <strong>Earthquake</strong>!<br></div><div class="battle-history"><small>It's not very effective...</small><br></div><div class="battle-history"><small>(The opposing Spilly lost 27% of its health!)</small><br></div><div class="spacer battle-history"><br></div><div class="battle-history">The opposing Spilly used <strong>Sticky Web</strong>!<br></div><div class="battle-history"><small>A sticky web has been laid out on the ground around your team!</small><br></div><div class="spacer battle-history"><br></div><h2 class="battle-history">Turn 11</h2><div class="spacer battle-history"><br></div><div class="battle-history">Caramel used <strong>Earthquake</strong>!<br></div><div class="battle-history"><small>It's not very effective...</small><br></div><div class="battle-history"><small>(The opposing Spilly lost 27% of its health!)</small><br></div><div class="spacer battle-history"><br></div><div class="battle-history">The opposing Spilly used <strong>Toxic</strong>!<br></div><div class="battle-history"><small>Caramel was badly poisoned!</small><br></div><div class="spacer battle-history"><br></div><div class="battle-history"><small>Caramel was hurt by poison!</small><br></div><div class="spacer battle-history"><br></div><h2 class="battle-history">Turn 12</h2><div class="spacer battle-history"><br></div><div class="battle-history">H2OPulse withdrew Spilly!<br></div><div class="battle-history">H2OPulse sent out Cattail (<strong>Vaporeon</strong>)!<br></div><div class="spacer battle-history"><br></div><div class="battle-history">Caramel used <strong>Defog</strong>!<br></div><div class="battle-history"><small>The opposing Cattail's evasiveness fell!</small><br></div><div class="battle-history"><small>The sticky web has disappeared from the ground around your team!</small><br></div><div class="spacer battle-history"><br></div><div class="battle-history"><small>Caramel restored a little HP using its Leftovers!</small><br></div><div class="battle-history"><small>The opposing Cattail restored a little HP using its Leftovers!</small><br></div><div class="battle-history"><small>Caramel was hurt by poison!</small><br></div><div class="spacer battle-history"><br></div><h2 class="battle-history">Turn 13</h2><div class="chat chatmessage-inkbug1 mine"><strong style="color:#e46e0f"><small>☆</small><span class="username" data-name="inkbug1">inkbug1</span>:</strong> <em>man not having a cleric is <i>really</i> bugging me</em></div><div class="chat chatmessage-inkbug1 mine"><strong style="color:#e46e0f"><small>☆</small><span class="username" data-name="inkbug1">inkbug1</span>:</strong> <em>i wanna wishpass to boxin</em></div><div class="spacer battle-history"><br></div><div class="battle-history">Caramel, come back!<br></div><div class="battle-history">Go! Lemon Drop (<strong>Minior</strong>)!<br></div><div class="battle-history">[Lemon Drop's Shields Down]<br>Shields Down deactivated!<br>(Lemon Drop shielded itself.)<br></div><div class="spacer battle-history"><br></div><div class="battle-history">The opposing Cattail used <strong>Wish</strong>!<br></div><div class="spacer battle-history"><br></div><div class="battle-history"><small>The opposing Cattail restored a little HP using its Leftovers!</small><br></div><div class="spacer battle-history"><br></div><h2 class="battle-history">Turn 14</h2><div class="spacer battle-history"><br></div><div class="battle-history">Lemon Drop, come back!<br></div><div class="battle-history">Go! <strong>Neuroboxin</strong>!<br></div><div class="battle-history">[Neuroboxin's Trace]<br>[Neuroboxin's Water Absorb]<br><small>Neuroboxin traced the opposing Cattail's Water Absorb!</small><br></div><div class="spacer battle-history"><br></div><div class="battle-history">The opposing Cattail used <strong>Flip Turn</strong>!<br></div><div class="battle-history">[Neuroboxin's Water Absorb]<br><small>Neuroboxin had its HP restored.</small><br></div><div class="spacer battle-history"><br></div><div class="battle-history"><small>Cattail's wish came true!</small><br></div><div class="battle-history"><small>Neuroboxin restored a little HP using its Black Sludge!</small><br></div><div class="spacer battle-history"><br></div><h2 class="battle-history">Turn 15</h2><div class="chat chatmessage-h2opulse"><strong style="color:#6e8c2b"><small>☆</small><span class="username" data-name="H2OPulse">H2OPulse</span>:</strong> <em>OH</em></div><div class="chat chatmessage-h2opulse"><strong style="color:#6e8c2b"><small>☆</small><span class="username" data-name="H2OPulse">H2OPulse</span>:</strong> <em>SMART</em></div><div class="chat chatmessage-h2opulse"><strong style="color:#6e8c2b"><small>☆</small><span class="username" data-name="H2OPulse">H2OPulse</span>:</strong> <em>okay</em></div><div class="spacer battle-history"><br></div><div class="battle-history">H2OPulse withdrew Cattail!<br></div><div class="battle-history">H2OPulse sent out Rosemary (<strong>Poultergeist</strong>)!<br></div><div class="chat"><ul class="utilichart"><li class="result"><span class="col pokemonnamecol" style="white-space: nowrap">Poultergeist</span> <span class="col typecol"><img src="https://play.pokemonshowdown.com/sprites/types/Fire.png" alt="Fire" height="14" width="32"><img src="https://play.pokemonshowdown.com/sprites/types/Flying.png" alt="Flying" height="14" width="32"></span> <span style="float: left ; min-height: 26px"><span class="col abilitycol">Chicken Out</span><span class="col abilitycol"></span></span><span style="float: left ; min-height: 26px"><span class="col statcol"><em>HP</em><br>105</span> <span class="col statcol"><em>Atk</em><br>65</span> <span class="col statcol"><em>Def</em><br>85</span> <span class="col statcol"><em>SpA</em><br>105</span> <span class="col statcol"><em>SpD</em><br>85</span> <span class="col statcol"><em>Spe</em><br>73</span> </span></li><li style="clear: both"></li></ul></div><div class="spacer battle-history"><br></div><div class="battle-history">Neuroboxin used <strong>Gunk Shot</strong>!<br></div><div class="battle-history"><small>(The opposing Rosemary lost 48% of its health!)</small><br></div><div class="spacer battle-history"><br></div><div class="battle-history"><small>Neuroboxin restored a little HP using its Black Sludge!</small><br></div><div class="spacer battle-history"><br></div><h2 class="battle-history">Turn 16</h2><div class="spacer battle-history"><br></div><div class="battle-history">Neuroboxin used <strong>U-turn</strong>!<br></div><div class="battle-history"><small>It's not very effective...</small><br></div><div class="battle-history"><small>(The opposing Rosemary lost 5% of its health!)</small><br></div><div class="spacer battle-history"><br></div><div class="battle-history">Neuroboxin went back to inkbug1!<br></div><div class="battle-history">Go! Cindy (<strong>Incineroar</strong>)!<br></div><div class="battle-history">[Cindy's Intimidate]<br></div><div class="battle-history"><small>The opposing Rosemary's Attack fell!</small><br></div><div class="spacer battle-history"><br></div><div class="battle-history">The opposing Rosemary used <strong>Will-O-Wisp</strong>!<br></div><div class="battle-history"><small>Cindy avoided the attack!</small><br></div><div class="spacer battle-history"><br></div><h2 class="battle-history">Turn 17</h2><div class="spacer battle-history"><br></div><div class="battle-history">H2OPulse withdrew Rosemary!<br></div><div class="battle-history">H2OPulse sent out Cattail (<strong>Vaporeon</strong>)!<br></div><div class="spacer battle-history"><br></div><div class="battle-history">Cindy used <strong>Parting Shot</strong>!<br></div><div class="battle-history"><small>The opposing Cattail's Attack fell!</small><br></div><div class="battle-history"><small>The opposing Cattail's Sp. Atk fell!</small><br></div><div class="spacer battle-history"><br></div><div class="battle-history">Cindy, come back!<br></div><div class="battle-history">Go! Lemon Drop (<strong>Minior</strong>)!<br></div><div class="battle-history">[Lemon Drop's Shields Down]<br>Shields Down deactivated!<br>(Lemon Drop shielded itself.)<br></div><div class="spacer battle-history"><br></div><h2 class="battle-history">Turn 18</h2><div class="spacer battle-history"><br></div><div class="battle-history">Lemon Drop used <strong>Shell Smash</strong>!<br></div><div class="battle-history"><small>Lemon Drop's Defense fell!</small><br></div><div class="battle-history"><small>Lemon Drop's Sp. Def fell!</small><br></div><div class="battle-history"><small>Lemon Drop's Attack rose sharply!</small><br></div><div class="battle-history"><small>Lemon Drop's Sp. Atk rose sharply!</small><br></div><div class="battle-history"><small>Lemon Drop's Speed rose sharply!</small><br></div><div class="battle-history"><small>Lemon Drop returned its stats to normal using its White Herb!</small><br></div><div class="spacer battle-history"><br></div><div class="battle-history">The opposing Cattail used <strong>Wish</strong>!<br></div><div class="spacer battle-history"><br></div><h2 class="battle-history">Turn 19</h2><div class="spacer battle-history"><br></div><div class="battle-history">H2OPulse withdrew Cattail!<br></div><div class="battle-history">H2OPulse sent out Ophrys (<strong>Scizor</strong>)!<br></div><div class="spacer battle-history"><br></div><div class="battle-history">Lemon Drop used <strong>Acrobatics</strong>!<br></div><div class="battle-history"><small>(The opposing Ophrys lost 55% of its health!)</small><br></div><div class="spacer battle-history"><br></div><div class="battle-history"><small>Cattail's wish came true!</small><br></div><div class="spacer battle-history"><br></div><h2 class="battle-history">Turn 20</h2><div class="spacer battle-history"><br></div><div class="battle-history"><small>The opposing Ophrys's Scizorite is reacting to the Key Stone!</small><br>The opposing Ophrys has Mega Evolved into Mega Scizor!<br></div><div class="spacer battle-history"><br></div><div class="battle-history">The opposing Ophrys used <strong>Bullet Punch</strong>!<br></div><div class="battle-history"><small>It's super effective!</small><br></div><div class="battle-history"><small>(Lemon Drop lost <abbr title="−192/261">73.6%</abbr> of its health!)</small><br></div><div class="spacer battle-history"><br></div><div class="battle-history">Lemon Drop used <strong>Acrobatics</strong>!<br></div><div class="battle-history"><small>(The opposing Ophrys lost 45% of its health!)</small><br></div><div class="spacer battle-history"><br></div><div class="battle-history">[Lemon Drop's Shields Down]<br>Shields Down activated!<br>(Lemon Drop stopped shielding itself.)<br></div><div class="spacer battle-history"><br></div><h2 class="battle-history">Turn 21</h2><div class="spacer battle-history"><br></div><div class="battle-history">Lemon Drop, come back!<br></div><div class="battle-history">Go! Cindy (<strong>Incineroar</strong>)!<br></div><div class="battle-history">[Cindy's Intimidate]<br></div><div class="battle-history"><small>The opposing Ophrys's Attack fell!</small><br></div><div class="spacer battle-history"><br></div><div class="battle-history">The opposing Ophrys used <strong>Bullet Punch</strong>!<br></div><div class="battle-history"><small>It's not very effective...</small><br></div><div class="battle-history"><small>(Cindy lost <abbr title="−36/394">9.1%</abbr> of its health!)</small><br></div><div class="spacer battle-history"><br></div><h2 class="battle-history">Turn 22</h2><div class="spacer battle-history"><br></div><div class="battle-history">The opposing Ophrys used <strong>U-turn</strong>!<br></div><div class="battle-history"><small>(Cindy lost <abbr title="−82/394">20.8%</abbr> of its health!)</small><br></div><div class="spacer battle-history"><br></div><div class="battle-history">The opposing Ophrys went back to H2OPulse!<br></div><div class="battle-history">H2OPulse sent out Cattail (<strong>Vaporeon</strong>)!<br></div><div class="spacer battle-history"><br></div><div class="battle-history">Cindy used <strong>Parting Shot</strong>!<br></div><div class="battle-history"><small>The opposing Cattail's Attack fell!</small><br></div><div class="battle-history"><small>The opposing Cattail's Sp. Atk fell!</small><br></div><div class="spacer battle-history"><br></div><div class="battle-history">Cindy, come back!<br></div><div class="battle-history">Go! <strong>Neuroboxin</strong>!<br></div><div class="battle-history">[Neuroboxin's Trace]<br>[Neuroboxin's Water Absorb]<br><small>Neuroboxin traced the opposing Cattail's Water Absorb!</small><br></div><div class="spacer battle-history"><br></div><div class="battle-history"><small>Neuroboxin restored a little HP using its Black Sludge!</small><br></div><div class="spacer battle-history"><br></div><h2 class="battle-history">Turn 23</h2><div class="spacer battle-history"><br></div><div class="battle-history">Neuroboxin used <strong>Toxic</strong>!<br></div><div class="battle-history"><small>The opposing Cattail was badly poisoned!</small><br></div><div class="spacer battle-history"><br></div><div class="battle-history">The opposing Cattail used <strong>Wish</strong>!<br></div><div class="spacer battle-history"><br></div><div class="battle-history"><small>Neuroboxin restored a little HP using its Black Sludge!</small><br></div><div class="battle-history"><small>The opposing Cattail was hurt by poison!</small><br></div><div class="spacer battle-history"><br></div><h2 class="battle-history">Turn 24</h2><div class="spacer battle-history"><br></div><div class="battle-history">H2OPulse withdrew Cattail!<br></div><div class="battle-history">H2OPulse sent out Spilly (<strong>Araquanid</strong>)!<br></div><div class="spacer battle-history"><br></div><div class="battle-history">Neuroboxin used <strong>Gunk Shot</strong>!<br></div><div class="battle-history"><small>(The opposing Spilly lost 46% of its health!)</small><br></div><div class="spacer battle-history"><br></div><div class="battle-history">The opposing Spilly fainted!<br></div><div class="spacer battle-history"><br></div><div class="battle-history"><small>Neuroboxin restored a little HP using its Black Sludge!</small><br></div><div class="chat chatmessage-h2opulse"><strong style="color:#6e8c2b"><small>☆</small><span class="username" data-name="H2OPulse">H2OPulse</span>:</strong> <em>Noooo fair okay</em></div><div class="spacer battle-history"><br></div><div class="battle-history">H2OPulse sent out Rosemary (<strong>Poultergeist</strong>)!<br></div><div class="spacer battle-history"><br></div><h2 class="battle-history">Turn 25</h2><div class="spacer battle-history"><br></div><div class="battle-history">Neuroboxin used <strong>U-turn</strong>!<br></div><div class="battle-history"><small>It's not very effective...</small><br></div><div class="battle-history"><small>(The opposing Rosemary lost 5% of its health!)</small><br></div><div class="spacer battle-history"><br></div><div class="battle-history">Neuroboxin went back to inkbug1!<br></div><div class="battle-history">Go! Lemon Drop (<strong>Minior</strong>)!<br></div><div class="spacer battle-history"><br></div><div class="battle-history">The opposing Rosemary used <strong>Will-O-Wisp</strong>!<br></div><div class="battle-history"><small>Lemon Drop was burned!</small><br></div><div class="spacer battle-history"><br></div><div class="battle-history"><small>Lemon Drop was hurt by its burn!</small><br></div><div class="spacer battle-history"><br></div><h2 class="battle-history">Turn 26</h2><div class="chat chatmessage-h2opulse"><strong style="color:#6e8c2b"><small>☆</small><span class="username" data-name="H2OPulse">H2OPulse</span>:</strong> <em>Oh I did not hit the right move but okay</em></div><div class="spacer battle-history"><br></div><div class="battle-history">H2OPulse withdrew Rosemary!<br></div><div class="battle-history">H2OPulse sent out Cattail (<strong>Vaporeon</strong>)!<br></div><div class="spacer battle-history"><br></div><div class="battle-history">Lemon Drop used <strong>Stone Edge</strong>!<br></div><div class="battle-history"><small>(The opposing Cattail lost 17% of its health!)</small><br></div><div class="spacer battle-history"><br></div><div class="battle-history"><small>The opposing Cattail restored a little HP using its Leftovers!</small><br></div><div class="battle-history"><small>Lemon Drop was hurt by its burn!</small><br></div><div class="battle-history"><small>The opposing Cattail was hurt by poison!</small><br></div><div class="spacer battle-history"><br></div><h2 class="battle-history">Turn 27</h2><div class="chat"><div class="message"><ul class="utilichart"><li class="result"><span class="col numcol">Illegal</span> <span class="col iconcol"><span class="picon" style="background: transparent url(&quot;https://play.pokemonshowdown.com/sprites/pokemonicons-sheet.png?v4&quot;) no-repeat scroll -200px -2850px"></span></span> <span class="col pokemonnamecol" style="white-space: nowrap"><a href="https://dex.pokemonshowdown.com/pokemon/manectricmega" target="_blank" rel="noopener">Manectric-Mega</a></span> <span class="col typecol"><img src="https://play.pokemonshowdown.com/sprites/types/Electric.png" alt="Electric" height="14" width="32"></span> <span style="float: left ; min-height: 26px"><span class="col abilitycol">Intimidate</span><span class="col abilitycol"></span></span><span style="float: left ; min-height: 26px"><span class="col statcol"><em>HP</em><br>70</span> <span class="col statcol"><em>Atk</em><br>75</span> <span class="col statcol"><em>Def</em><br>80</span> <span class="col statcol"><em>SpA</em><br>135</span> <span class="col statcol"><em>SpD</em><br>80</span> <span class="col statcol"><em>Spe</em><br>135</span> <span class="col bstcol"><em>BST<br>575</em></span> </span></li><li style="clear: both"></li></ul></div></div><div class="chat"><font size="1"><font color="#686868">Dex#:</font> 310&nbsp;|  <font color="#686868">Gen:</font> 6&nbsp;|  <font color="#686868">Height:</font> 1.8 m&nbsp;|  <font color="#686868">Weight:</font> 44 kg <em>(60 BP)</em>&nbsp;|  <font color="#686868">Dex Colour:</font> Yellow&nbsp;|  <font color="#686868">Egg Group(s):</font> Field&nbsp;|  <font color="#686868">Does Not Evolve</font></font></div><div class="chat chatmessage-inkbug1 mine"><strong style="color:#e46e0f"><small>☆</small><span class="username" data-name="inkbug1">inkbug1</span>:</strong> <em>hp ice i miss you so much</em></div><div class="chat chatmessage-h2opulse"><strong style="color:#6e8c2b"><small>☆</small><span class="username" data-name="H2OPulse">H2OPulse</span>:</strong> <em>Fhgjk</em></div><div class="spacer battle-history"><br></div><div class="battle-history">Lemon Drop used <strong>U-turn</strong>!<br></div><div class="battle-history"><small>(The opposing Cattail lost 9% of its health!)</small><br></div><div class="spacer battle-history"><br></div><div class="battle-history">Lemon Drop went back to inkbug1!<br></div><div class="battle-history">Go! Donner (<strong>Manectric-Mega</strong>)!<br></div><div class="battle-history">[Donner's Intimidate]<br></div><div class="battle-history"><small>The opposing Cattail's Attack fell!</small><br></div><div class="spacer battle-history"><br></div><div class="battle-history">The opposing Cattail used <strong>Wish</strong>!<br></div><div class="spacer battle-history"><br></div><div class="battle-history"><small>The opposing Cattail restored a little HP using its Leftovers!</small><br></div><div class="battle-history"><small>The opposing Cattail was hurt by poison!</small><br></div><div class="spacer battle-history"><br></div><h2 class="battle-history">Turn 28</h2><div class="spacer battle-history"><br></div><div class="battle-history">H2OPulse withdrew Cattail!<br></div><div class="battle-history">H2OPulse sent out Lotus (<strong>Flygon</strong>)!<br></div><div class="spacer battle-history"><br></div><div class="battle-history">Donner used <strong>Toxic</strong>!<br></div><div class="battle-history"><small>But it failed!</small><br></div><div class="spacer battle-history"><br></div><div class="battle-history"><small>Cattail's wish came true!</small><br></div><div class="battle-history"><small>The opposing Lotus was hurt by poison!</small><br></div><div class="spacer battle-history"><br></div><h2 class="battle-history">Turn 29</h2><div class="spacer battle-history"><br></div><div class="battle-history">Donner, come back!<br></div><div class="battle-history">Go! Caramel (<strong>Landorus-Therian</strong>)!<br></div><div class="battle-history">[Caramel's Intimidate]<br></div><div class="battle-history"><small>The opposing Lotus's Attack fell!</small><br></div><div class="spacer battle-history"><br></div><div class="battle-history">The opposing Lotus used <strong>Outrage</strong>!<br></div><div class="battle-history"><small>(Caramel lost <abbr title="−139/382">36.4%</abbr> of its health!)</small><br></div><div class="spacer battle-history"><br></div><div class="battle-history"><small>Caramel restored a little HP using its Leftovers!</small><br></div><div class="battle-history"><small>The opposing Lotus was hurt by poison!</small><br></div><div class="battle-history"><small>Caramel was hurt by poison!</small><br></div><div class="spacer battle-history"><br></div><h2 class="battle-history">Turn 30</h2><div class="spacer battle-history"><br></div><div class="battle-history">Caramel, come back!<br></div><div class="battle-history">Go! Cindy (<strong>Incineroar</strong>)!<br></div><div class="battle-history">[Cindy's Intimidate]<br></div><div class="battle-history"><small>The opposing Lotus's Attack fell!</small><br></div><div class="spacer battle-history"><br></div><div class="battle-history">The opposing Lotus used <strong>Outrage</strong>!<br></div><div class="battle-history"><small>A critical hit!</small><br></div><div class="battle-history"><small>(Cindy lost <abbr title="−276/394">70.1%</abbr> of its health!)</small><br></div><div class="spacer battle-history"><br></div><div class="battle-history">Cindy fainted!<br></div><div class="spacer battle-history"><br></div><div class="battle-history"><small>The opposing Lotus was hurt by poison!</small><br></div><div class="chat chatmessage-inkbug1 mine"><strong style="color:#e46e0f"><small>☆</small><span class="username" data-name="inkbug1">inkbug1</span>:</strong> <em>oh ok fair</em></div><div class="chat chatmessage-h2opulse"><strong style="color:#6e8c2b"><small>☆</small><span class="username" data-name="H2OPulse">H2OPulse</span>:</strong> <em>OOF sorry</em></div><div class="spacer battle-history"><br></div><div class="battle-history">Go! <strong>Neuroboxin</strong>!<br></div><div class="battle-history">[Neuroboxin's Trace]<br>[Neuroboxin's Levitate]<br><small>Neuroboxin traced the opposing Lotus's Levitate!</small><br></div><div class="spacer battle-history"><br></div><h2 class="battle-history">Turn 31</h2><div class="spacer battle-history"><br></div><div class="battle-history">The opposing Lotus used <strong>Outrage</strong>!<br></div><div class="battle-history"><small>(Neuroboxin lost <abbr title="−96/289">33.2%</abbr> of its health!)</small><br></div><div class="battle-history"><small>The opposing Lotus became confused due to fatigue!</small><br></div><div class="spacer battle-history"><br></div><div class="battle-history">Neuroboxin used <strong>Gunk Shot</strong>!<br></div><div class="battle-history"><small>It's not very effective...</small><br></div><div class="battle-history"><small>(The opposing Lotus lost 33% of its health!)</small><br></div><div class="spacer battle-history"><br></div><div class="battle-history"><small>Neuroboxin restored a little HP using its Black Sludge!</small><br></div><div class="battle-history"><small>The opposing Lotus was hurt by poison!</small><br></div><div class="spacer battle-history"><br></div><h2 class="battle-history">Turn 32</h2><div class="spacer battle-history"><br></div><div class="battle-history">H2OPulse withdrew Lotus!<br></div><div class="battle-history">H2OPulse sent out Ophrys (<strong>Scizor-Mega</strong>)!<br></div><div class="spacer battle-history"><br></div><div class="battle-history">Neuroboxin used <strong>Gunk Shot</strong>!<br></div><div class="battle-history"><small>It doesn't affect the opposing Ophrys...</small><br></div><div class="spacer battle-history"><br></div><div class="battle-history"><small>Neuroboxin restored a little HP using its Black Sludge!</small><br></div><div class="spacer battle-history"><br></div><h2 class="battle-history">Turn 33</h2><div class="spacer battle-history"><br></div><div class="battle-history">Neuroboxin used <strong>Stomping Tantrum</strong>!<br></div><div class="battle-history"><small>(The opposing Ophrys lost 22% of its health!)</small><br></div><div class="spacer battle-history"><br></div><div class="battle-history">The opposing Ophrys used <strong>U-turn</strong>!<br></div><div class="battle-history"><small>It's not very effective...</small><br></div><div class="battle-history"><small>(Neuroboxin lost <abbr title="−28/289">9.7%</abbr> of its health!)</small><br></div><div class="chat chatmessage-inkbug1 mine"><strong style="color:#e46e0f"><small>☆</small><span class="username" data-name="inkbug1">inkbug1</span>:</strong> <em>aww</em></div><div class="chat chatmessage-inkbug1 mine"><strong style="color:#e46e0f"><small>☆</small><span class="username" data-name="inkbug1">inkbug1</span>:</strong> <em>that did Zip</em></div><div class="spacer battle-history"><br></div><div class="battle-history">The opposing Ophrys went back to H2OPulse!<br></div><div class="battle-history">H2OPulse sent out Cattail (<strong>Vaporeon</strong>)!<br></div><div class="spacer battle-history"><br></div><div class="battle-history"><small>Neuroboxin restored a little HP using its Black Sludge!</small><br></div><div class="battle-history"><small>The opposing Cattail restored a little HP using its Leftovers!</small><br></div><div class="battle-history"><small>The opposing Cattail was hurt by poison!</small><br></div><div class="spacer battle-history"><br></div><h2 class="battle-history">Turn 34</h2><div class="spacer battle-history"><br></div><div class="battle-history">Neuroboxin used <strong>Gunk Shot</strong>!<br></div><div class="battle-history"><small>(The opposing Cattail lost 32% of its health!)</small><br></div><div class="spacer battle-history"><br></div><div class="battle-history">The opposing Cattail used <strong>Wish</strong>!<br></div><div class="spacer battle-history"><br></div><div class="battle-history"><small>Neuroboxin restored a little HP using its Black Sludge!</small><br></div><div class="battle-history"><small>The opposing Cattail restored a little HP using its Leftovers!</small><br></div><div class="battle-history"><small>The opposing Cattail was hurt by poison!</small><br></div><div class="spacer battle-history"><br></div><h2 class="battle-history">Turn 35</h2><div class="chat chatmessage-inkbug1 mine"><strong style="color:#e46e0f"><small>☆</small><span class="username" data-name="inkbug1">inkbug1</span>:</strong> <em>man this team is feeling like. especially incompetent. im not sure whats wrong here </em></div><div class="chat chatmessage-h2opulse"><strong style="color:#6e8c2b"><small>☆</small><span class="username" data-name="H2OPulse">H2OPulse</span>:</strong> <em>you say that like you're not winning</em></div><div class="chat chatmessage-inkbug1 mine"><strong style="color:#e46e0f"><small>☆</small><span class="username" data-name="inkbug1">inkbug1</span>:</strong> <em>i think i need to mess with manectric a bit</em></div><div class="spacer battle-history"><br></div><div class="battle-history">H2OPulse withdrew Cattail!<br></div><div class="battle-history">H2OPulse sent out Ophrys (<strong>Scizor-Mega</strong>)!<br></div><div class="spacer battle-history"><br></div><div class="battle-history">Neuroboxin used <strong>U-turn</strong>!<br></div><div class="battle-history"><small>It's not very effective...</small><br></div><div class="battle-history"><small>(The opposing Ophrys lost 5% of its health!)</small><br></div><div class="chat chatmessage-inkbug1 mine"><strong style="color:#e46e0f"><small>☆</small><span class="username" data-name="inkbug1">inkbug1</span>:</strong> <em>no i dont have a lot of options here is the thing</em></div><div class="spacer battle-history"><br></div><div class="battle-history">Neuroboxin went back to inkbug1!<br></div><div class="battle-history">Go! Goliso Padre (<strong>Golisopod</strong>)!<br></div><div class="spacer battle-history"><br></div><div class="battle-history"><small>Cattail's wish came true!</small><br></div><div class="spacer battle-history"><br></div><h2 class="battle-history">Turn 36</h2><div class="spacer battle-history"><br></div><div class="battle-history">The opposing Ophrys used <strong>U-turn</strong>!<br></div><div class="battle-history"><small>(Goliso Padre lost <abbr title="−84/354">23.7%</abbr> of its health!)</small><br></div><div class="spacer battle-history"><br></div><div class="battle-history">The opposing Ophrys went back to H2OPulse!<br></div><div class="battle-history">H2OPulse sent out Rosemary (<strong>Poultergeist</strong>)!<br></div><div class="spacer battle-history"><br></div><div class="battle-history">Goliso Padre used <strong>Liquidation</strong>!<br></div><div class="battle-history"><small>It's super effective!</small><br></div><div class="battle-history"><small>(The opposing Rosemary lost 42% of its health!)</small><br></div><div class="spacer battle-history"><br></div><div class="battle-history">The opposing Rosemary fainted!<br></div><div class="battle-history">[The opposing Rosemary's Chicken Out]<br></div><div class="battle-history"><small>Rosemary ran off somewhere...</small><br></div><div class="spacer battle-history"><br></div><div class="battle-history">H2OPulse sent out Cattail (<strong>Vaporeon</strong>)!<br></div><div class="spacer battle-history"><br></div><div class="battle-history"><small>The opposing Cattail restored a little HP using its Leftovers!</small><br></div><div class="battle-history"><small>The opposing Cattail was hurt by poison!</small><br></div><div class="spacer battle-history"><br></div><h2 class="battle-history">Turn 37</h2><div class="spacer battle-history"><br></div><div class="battle-history">The opposing Cattail used <strong>Wish</strong>!<br></div><div class="spacer battle-history"><br></div><div class="battle-history">Goliso Padre used <strong>Knock Off</strong>!<br></div><div class="battle-history"><small>(The opposing Cattail lost 24% of its health!)</small><br></div><div class="battle-history"><small>Goliso Padre knocked off the opposing Cattail's Leftovers!</small><br></div><div class="spacer battle-history"><br></div><div class="battle-history">The opposing Cattail fainted!<br></div><div class="spacer battle-history"><br></div><div class="battle-history">H2OPulse sent out Lotus (<strong>Flygon</strong>)!<br></div><div class="spacer battle-history"><br></div><h2 class="battle-history">Turn 38</h2><div class="spacer battle-history"><br></div><div class="battle-history">The opposing Lotus used <strong>Stone Edge</strong>!<br></div><div class="battle-history"><small>It's super effective!</small><br></div><div class="battle-history"><small>A critical hit!</small><br></div><div class="battle-history"><small>(Goliso Padre lost <abbr title="−208/354">58.8%</abbr> of its health!)</small><br></div><div class="battle-history">[Goliso Padre's Emergency Exit]<br></div><div class="chat chatmessage-inkbug1 mine"><strong style="color:#e46e0f"><small>☆</small><span class="username" data-name="inkbug1">inkbug1</span>:</strong> <em>guh</em></div><div class="spacer battle-history"><br></div><div class="battle-history">Goliso Padre, come back!<br></div><div class="battle-history">Go! Donner (<strong>Manectric-Mega</strong>)!<br></div><div class="battle-history">[Donner's Intimidate]<br></div><div class="battle-history"><small>The opposing Lotus's Attack fell!</small><br></div><div class="spacer battle-history"><br></div><div class="battle-history"><small>Cattail's wish came true!</small><br></div><div class="battle-history"><small>The opposing Lotus was hurt by poison!</small><br></div><div class="spacer battle-history"><br></div><h2 class="battle-history">Turn 39</h2><div class="spacer battle-history"><br></div><div class="battle-history">H2OPulse withdrew Lotus!<br></div><div class="battle-history">H2OPulse sent out Rosemary (<strong>Poultergeist-Headless</strong>)!<br></div><div class="chat"><ul class="utilichart"><li class="result"><span class="col pokemonnamecol" style="white-space: nowrap">Poultergeist-Headless</span> <span class="col typecol"><img src="https://play.pokemonshowdown.com/sprites/types/Fire.png" alt="Fire" height="14" width="32"><img src="https://play.pokemonshowdown.com/sprites/types/Ghost.png" alt="Ghost" height="14" width="32"></span> <span style="float: left ; min-height: 26px"><span class="col abilitycol">Wonder Guard</span><span class="col abilitycol"></span></span><span style="float: left ; min-height: 26px"><span class="col statcol"><em>HP</em><br>1</span> <span class="col statcol"><em>Atk</em><br>65</span> <span class="col statcol"><em>Def</em><br>85</span> <span class="col statcol"><em>SpA</em><br>105</span> <span class="col statcol"><em>SpD</em><br>85</span> <span class="col statcol"><em>Spe</em><br>113</span> </span></li><li style="clear: both"></li></ul></div><div class="spacer battle-history"><br></div><div class="battle-history">Donner, come back!<br></div><div class="battle-history">Go! <strong>Neuroboxin</strong>!<br></div><div class="battle-history">[Neuroboxin's Trace]<br>[Neuroboxin's Wonder Guard]<br><small>Neuroboxin traced the opposing Rosemary's Wonder Guard!</small><br></div><div class="spacer battle-history"><br></div><div class="battle-history"><small>Neuroboxin restored a little HP using its Black Sludge!</small><br></div><div class="spacer battle-history"><br></div><h2 class="battle-history">Turn 40</h2><div class="chat chatmessage-h2opulse"><strong style="color:#6e8c2b"><small>☆</small><span class="username" data-name="H2OPulse">H2OPulse</span>:</strong> <em>oh.</em></div><div class="chat chatmessage-inkbug1 mine"><strong style="color:#e46e0f"><small>☆</small><span class="username" data-name="inkbug1">inkbug1</span>:</strong> <em>.,,,</em></div><div class="chat chatmessage-inkbug1 mine"><strong style="color:#e46e0f"><small>☆</small><span class="username" data-name="inkbug1">inkbug1</span>:</strong> <em>is it allowed to trace that</em></div><div class="chat chatmessage-h2opulse"><strong style="color:#6e8c2b"><small>☆</small><span class="username" data-name="H2OPulse">H2OPulse</span>:</strong> <em>Yes</em></div><div class="chat chatmessage-inkbug1 mine"><strong style="color:#e46e0f"><small>☆</small><span class="username" data-name="inkbug1">inkbug1</span>:</strong> <em>wheeze</em></div><div class="spacer battle-history"><br></div><div class="battle-history">H2OPulse withdrew Rosemary!<br></div><div class="battle-history">H2OPulse sent out Lotus (<strong>Flygon</strong>)!<br></div><div class="spacer battle-history"><br></div><div class="battle-history">Neuroboxin used <strong>Stomping Tantrum</strong>!<br></div><div class="battle-history">[The opposing Lotus's Levitate]<br><small>It doesn't affect the opposing Lotus...</small><br></div><div class="spacer battle-history"><br></div><div class="battle-history"><small>Neuroboxin restored a little HP using its Black Sludge!</small><br></div><div class="battle-history"><small>The opposing Lotus was hurt by poison!</small><br></div><div class="spacer battle-history"><br></div><h2 class="battle-history">Turn 41</h2><div class="chat chatmessage-h2opulse"><strong style="color:#6e8c2b"><small>☆</small><span class="username" data-name="H2OPulse">H2OPulse</span>:</strong> <em>I just also wasn't necessarily planning on it,</em></div><div class="spacer battle-history"><br></div><div class="battle-history">The opposing Lotus used <strong>Outrage</strong>!<br></div><div class="battle-history">[Neuroboxin's Wonder Guard]<br><small>It doesn't affect Neuroboxin...</small><br></div><div class="spacer battle-history"><br></div><div class="battle-history">Neuroboxin used <strong>Gunk Shot</strong>!<br></div><div class="battle-history"><small>It's not very effective...</small><br></div><div class="battle-history"><small>(The opposing Lotus lost 34% of its health!)</small><br></div><div class="spacer battle-history"><br></div><div class="battle-history"><small>Neuroboxin restored a little HP using its Black Sludge!</small><br></div><div class="battle-history"><small>The opposing Lotus was hurt by poison!</small><br></div><div class="spacer battle-history"><br></div><h2 class="battle-history">Turn 42</h2><div class="chat chatmessage-inkbug1 mine"><strong style="color:#e46e0f"><small>☆</small><span class="username" data-name="inkbug1">inkbug1</span>:</strong> <em>im</em></div><div class="chat chatmessage-h2opulse"><strong style="color:#6e8c2b"><small>☆</small><span class="username" data-name="H2OPulse">H2OPulse</span>:</strong> <em>Okay I was banking on a switch and that was really not smart</em></div><div class="chat chatmessage-inkbug1 mine"><strong style="color:#e46e0f"><small>☆</small><span class="username" data-name="inkbug1">inkbug1</span>:</strong> <em>i shouldve switched i forgot i had wonder guard</em></div><div class="chat chatmessage-h2opulse"><strong style="color:#6e8c2b"><small>☆</small><span class="username" data-name="H2OPulse">H2OPulse</span>:</strong> <em>Fhjkk</em></div><div class="chat chatmessage-inkbug1 mine"><strong style="color:#e46e0f"><small>☆</small><span class="username" data-name="inkbug1">inkbug1</span>:</strong> <em>i switched in banking on copying levitate</em></div><div class="spacer battle-history"><br></div><div class="battle-history">H2OPulse withdrew Lotus!<br></div><div class="battle-history">H2OPulse sent out Ophrys (<strong>Scizor-Mega</strong>)!<br></div><div class="spacer battle-history"><br></div><div class="battle-history">Neuroboxin used <strong>Gunk Shot</strong>!<br></div><div class="battle-history"><small>It doesn't affect the opposing Ophrys...</small><br></div><div class="spacer battle-history"><br></div><div class="battle-history"><small>Neuroboxin restored a little HP using its Black Sludge!</small><br></div><div class="spacer battle-history"><br></div><h2 class="battle-history">Turn 43</h2><div class="spacer battle-history"><br></div><div class="battle-history">Neuroboxin used <strong>Stomping Tantrum</strong>!<br></div><div class="battle-history"><small>(The opposing Ophrys lost 23% of its health!)</small><br></div><div class="spacer battle-history"><br></div><div class="battle-history">The opposing Ophrys used <strong>Swords Dance</strong>!<br></div><div class="battle-history"><small>The opposing Ophrys's Attack rose sharply!</small><br></div><div class="spacer battle-history"><br></div><div class="battle-history"><small>Neuroboxin restored a little HP using its Black Sludge!</small><br></div><div class="spacer battle-history"><br></div><h2 class="battle-history">Turn 44</h2><div class="chat chatmessage-h2opulse"><strong style="color:#6e8c2b"><small>☆</small><span class="username" data-name="H2OPulse">H2OPulse</span>:</strong> <em>Well at least the walling here is mutual</em></div><div class="spacer battle-history"><br></div><div class="battle-history">Neuroboxin used <strong>Toxic</strong>!<br></div><div class="battle-history"><small>It doesn't affect the opposing Ophrys...</small><br></div><div class="spacer battle-history"><br></div><div class="battle-history">The opposing Ophrys used <strong>Swords Dance</strong>!<br></div><div class="battle-history"><small>The opposing Ophrys's Attack rose sharply!</small><br></div><div class="spacer battle-history"><br></div><div class="battle-history"><small>Neuroboxin restored a little HP using its Black Sludge!</small><br></div><div class="spacer battle-history"><br></div><h2 class="battle-history">Turn 45</h2><div class="spacer battle-history"><br></div><div class="battle-history">Neuroboxin used <strong>Stomping Tantrum</strong>!<br></div><div class="battle-history"><small>(The opposing Ophrys lost 21% of its health!)</small><br></div><div class="spacer battle-history"><br></div><div class="battle-history">The opposing Ophrys used <strong>Swords Dance</strong>!<br></div><div class="battle-history"><small>The opposing Ophrys's Attack rose sharply!</small><br></div><div class="spacer battle-history"><br></div><h2 class="battle-history">Turn 46</h2><div class="chat chatmessage-inkbug1 mine"><strong style="color:#e46e0f"><small>☆</small><span class="username" data-name="inkbug1">inkbug1</span>:</strong> <em>i am Not leaving this is terrifying</em></div><div class="spacer battle-history"><br></div><div class="battle-history">Neuroboxin used <strong>Stomping Tantrum</strong>!<br></div><div class="battle-history"><small>(The opposing Ophrys lost 12% of its health!)</small><br></div><div class="spacer battle-history"><br></div><div class="battle-history">The opposing Ophrys used <strong>Roost</strong>!<br></div><div class="battle-history"><small>The opposing Ophrys had its HP restored.</small><br></div><div class="spacer battle-history"><br></div><h2 class="battle-history">Turn 47</h2><div class="chat chatmessage-h2opulse"><strong style="color:#6e8c2b"><small>☆</small><span class="username" data-name="H2OPulse">H2OPulse</span>:</strong> <em>Why does Bullet Punch have 48 PP</em></div><div class="spacer battle-history"><br></div><div class="battle-history">Neuroboxin used <strong>Toxic</strong>!<br></div><div class="battle-history"><small>It doesn't affect the opposing Ophrys...</small><br></div><div class="spacer battle-history"><br></div><div class="battle-history">The opposing Ophrys used <strong>Swords Dance</strong>!<br></div><div class="battle-history"><small>The opposing Ophrys's Attack won't go any higher!</small><br></div><div class="spacer battle-history"><br></div><h2 class="battle-history">Turn 48</h2><div class="spacer battle-history"><br></div><div class="battle-history">Neuroboxin used <strong>Stomping Tantrum</strong>!<br></div><div class="battle-history"><small>(The opposing Ophrys lost 23% of its health!)</small><br></div><div class="spacer battle-history"><br></div><div class="battle-history">The opposing Ophrys used <strong>Swords Dance</strong>!<br></div><div class="battle-history"><small>The opposing Ophrys's Attack won't go any higher!</small><br></div><div class="spacer battle-history"><br></div><h2 class="battle-history">Turn 49</h2><div class="spacer battle-history"><br></div><div class="battle-history">The opposing Ophrys used <strong>Bullet Punch</strong>!<br></div><div class="battle-history">[Neuroboxin's Wonder Guard]<br><small>It doesn't affect Neuroboxin...</small><br></div><div class="spacer battle-history"><br></div><div class="battle-history">Neuroboxin used <strong>Stomping Tantrum</strong>!<br></div><div class="battle-history"><small>(The opposing Ophrys lost 13% of its health!)</small><br></div><div class="spacer battle-history"><br></div><h2 class="battle-history">Turn 50</h2><div class="spacer battle-history"><br></div><div class="battle-history">Neuroboxin, come back!<br></div><div class="battle-history">Go! Goliso Padre (<strong>Golisopod</strong>)!<br></div><div class="spacer battle-history"><br></div><div class="battle-history">The opposing Ophrys used <strong>Roost</strong>!<br></div><div class="battle-history"><small>The opposing Ophrys had its HP restored.</small><br></div><div class="spacer battle-history"><br></div><h2 class="battle-history">Turn 51</h2><div class="spacer battle-history"><br></div><div class="battle-history">Goliso Padre used <strong>First Impression</strong>!<br></div><div class="battle-history"><small>It's not very effective...</small><br></div><div class="battle-history"><small>(The opposing Ophrys lost 13% of its health!)</small><br></div><div class="spacer battle-history"><br></div><div class="battle-history">The opposing Ophrys used <strong>Bullet Punch</strong>!<br></div><div class="battle-history"><small>It's not very effective...</small><br></div><div class="battle-history"><small>(Goliso Padre lost <abbr title="−62/354">17.5%</abbr> of its health!)</small><br></div><div class="spacer battle-history"><br></div><div class="battle-history">Goliso Padre fainted!<br></div><div class="spacer battle-history"><br></div><div class="battle-history">Go! Donner (<strong>Manectric-Mega</strong>)!<br></div><div class="battle-history">[Donner's Intimidate]<br></div><div class="battle-history"><small>The opposing Ophrys's Attack fell!</small><br></div><div class="spacer battle-history"><br></div><h2 class="battle-history">Turn 52</h2><div class="spacer battle-history"><br></div><div class="battle-history">The opposing Ophrys used <strong>Bullet Punch</strong>!<br></div><div class="battle-history"><small>It's not very effective...</small><br></div><div class="battle-history"><small>(Donner lost <abbr title="−213/281">75.8%</abbr> of its health!)</small><br></div><div class="spacer battle-history"><br></div><div class="battle-history">Donner used <strong>Overheat</strong>!<br></div><div class="battle-history"><small>It's super effective!</small><br></div><div class="battle-history"><small>(The opposing Ophrys lost 87% of its health!)</small><br></div><div class="battle-history"><small>Donner's Sp. Atk fell harshly!</small><br></div><div class="spacer battle-history"><br></div><div class="battle-history">The opposing Ophrys fainted!<br></div><div class="chat chatmessage-inkbug1 mine"><strong style="color:#e46e0f"><small>☆</small><span class="username" data-name="inkbug1">inkbug1</span>:</strong> <em>thank god resist</em></div><div class="chat chatmessage-inkbug1 mine"><strong style="color:#e46e0f"><small>☆</small><span class="username" data-name="inkbug1">inkbug1</span>:</strong> <em>you still have zoroark dont you i think the tooltip is lying to me again. </em></div><div class="chat chatmessage-h2opulse"><strong style="color:#6e8c2b"><small>☆</small><span class="username" data-name="H2OPulse">H2OPulse</span>:</strong> <em>I do still have Zoroark</em></div><div class="spacer battle-history"><br></div><div class="battle-history">H2OPulse sent out Lotus (<strong>Flygon</strong>)!<br></div><div class="spacer battle-history"><br></div><h2 class="battle-history">Turn 53</h2><div class="spacer battle-history"><br></div><div class="battle-history">Donner, come back!<br></div><div class="battle-history">Go! <strong>Neuroboxin</strong>!<br></div><div class="battle-history">[Neuroboxin's Trace]<br>[Neuroboxin's Levitate]<br><small>Neuroboxin traced the opposing Lotus's Levitate!</small><br></div><div class="spacer battle-history"><br></div><div class="battle-history">The opposing Lotus used <strong>Outrage</strong>!<br></div><div class="battle-history"><small>(Neuroboxin lost <abbr title="−196/289">67.8%</abbr> of its health!)</small><br></div><div class="spacer battle-history"><br></div><div class="battle-history"><small>Neuroboxin restored a little HP using its Black Sludge!</small><br></div><div class="battle-history"><small>The opposing Lotus was hurt by poison!</small><br></div><div class="spacer battle-history"><br></div><h2 class="battle-history">Turn 54</h2><div class="chat chatmessage-inkbug1 mine"><strong style="color:#e46e0f"><small>☆</small><span class="username" data-name="inkbug1">inkbug1</span>:</strong> <em>yeah ok tht was dumb </em></div><div class="spacer battle-history"><br></div><div class="battle-history">Neuroboxin, come back!<br></div><div class="battle-history">Go! Caramel (<strong>Landorus-Therian</strong>)!<br></div><div class="battle-history">[Caramel's Intimidate]<br></div><div class="battle-history"><small>The opposing Lotus's Attack fell!</small><br></div><div class="spacer battle-history"><br></div><div class="battle-history">The opposing Lotus used <strong>Outrage</strong>!<br></div><div class="battle-history"><small>(Caramel lost <abbr title="−124/382">32.5%</abbr> of its health!)</small><br></div><div class="battle-history"><small>The opposing Lotus became confused due to fatigue!</small><br></div><div class="spacer battle-history"><br></div><div class="battle-history"><small>Caramel restored a little HP using its Leftovers!</small><br></div><div class="battle-history"><small>The opposing Lotus was hurt by poison!</small><br></div><div class="battle-history"><small>Caramel was hurt by poison!</small><br></div><div class="spacer battle-history"><br></div><h2 class="battle-history">Turn 55</h2><div class="spacer battle-history"><br></div><div class="battle-history"><small>The opposing Lotus is confused!</small><br></div><div class="battle-history">The opposing Lotus used <strong>Outrage</strong>!<br></div><div class="battle-history"><small>(Caramel lost <abbr title="−73/382">19.1%</abbr> of its health!)</small><br></div><div class="spacer battle-history"><br></div><div class="battle-history">Caramel fainted!<br></div><div class="spacer battle-history"><br></div><div class="battle-history"><small>The opposing Lotus was hurt by poison!</small><br></div><div class="spacer battle-history"><br></div><div class="battle-history">The opposing Lotus fainted!<br></div><div class="spacer battle-history"><br></div><div class="battle-history">H2OPulse sent out Rosemary (<strong>Poultergeist-Headless</strong>)!<br></div><div class="spacer battle-history"><br></div><div class="battle-history">Go! <strong>Neuroboxin</strong>!<br></div><div class="spacer battle-history"><br></div><h2 class="battle-history">Turn 56</h2><div class="chat chatmessage-inkbug1 mine"><strong style="color:#e46e0f"><small>☆</small><span class="username" data-name="inkbug1">inkbug1</span>:</strong> <em>oh this is</em></div><div class="chat chatmessage-inkbug1 mine"><strong style="color:#e46e0f"><small>☆</small><span class="username" data-name="inkbug1">inkbug1</span>:</strong> <em>not</em></div><div class="chat chatmessage-inkbug1 mine"><strong style="color:#e46e0f"><small>☆</small><span class="username" data-name="inkbug1">inkbug1</span>:</strong> <em>fuck</em></div><div class="spacer battle-history"><br></div><div class="battle-history">Neuroboxin used <strong>Gunk Shot</strong>!<br></div><div class="battle-history"><small>(The opposing Rosemary lost 88% of its health!)</small><br></div><div class="battle-history"><small>The opposing Ninfeo's illusion wore off!</small><br></div><div class="spacer battle-history"><br></div><div class="battle-history">The opposing Ninfeo used <strong>Trick</strong>!<br></div><div class="battle-history"><small>The opposing Ninfeo switched items with its target!</small><br></div><div class="battle-history"><small>Neuroboxin obtained one Choice Specs.</small><br></div><div class="battle-history"><small>The opposing Ninfeo obtained one Black Sludge.</small><br></div><div class="spacer battle-history"><br></div><div class="battle-history"><small>The opposing Ninfeo was hurt by its Black Sludge!</small><br></div><div class="spacer battle-history"><br></div><div class="battle-history">The opposing Ninfeo fainted!<br></div><div class="spacer battle-history"><br></div><div class="battle-history">H2OPulse sent out Rosemary (<strong>Poultergeist-Headless</strong>)!<br></div><div class="battle-history">[Neuroboxin's Trace]<br>[Neuroboxin's Wonder Guard]<br><small>Neuroboxin traced the opposing Rosemary's Wonder Guard!</small><br></div><div class="spacer battle-history"><br></div><h2 class="battle-history">Turn 57</h2><div class="chat chatmessage-inkbug1 mine"><strong style="color:#e46e0f"><small>☆</small><span class="username" data-name="inkbug1">inkbug1</span>:</strong> <em>haha</em></div><div class="chat chatmessage-h2opulse"><strong style="color:#6e8c2b"><small>☆</small><span class="username" data-name="H2OPulse">H2OPulse</span>:</strong> <em>Okay I do lose now huh</em></div><div class="chat chatmessage-inkbug1 mine"><strong style="color:#e46e0f"><small>☆</small><span class="username" data-name="inkbug1">inkbug1</span>:</strong> <em>that was conveniently my last gunk shot pp</em></div><div class="chat chatmessage-inkbug1 mine"><strong style="color:#e46e0f"><small>☆</small><span class="username" data-name="inkbug1">inkbug1</span>:</strong> <em>so i get to switch</em></div><div class="chat chatmessage-h2opulse"><strong style="color:#6e8c2b"><small>☆</small><span class="username" data-name="H2OPulse">H2OPulse</span>:</strong> <em>Fjgkh</em></div><div class="chat chatmessage-h2opulse"><strong style="color:#6e8c2b"><small>☆</small><span class="username" data-name="H2OPulse">H2OPulse</span>:</strong> <em>Good game in any case!!!</em></div><div class="spacer battle-history"><br></div><div class="battle-history">The opposing Rosemary used <strong>Hex</strong>!<br></div><div class="battle-history">[Neuroboxin's Wonder Guard]<br><small>It doesn't affect Neuroboxin...</small><br></div><div class="spacer battle-history"><br></div><div class="battle-history">Neuroboxin used <strong>Stomping Tantrum</strong>!<br></div><div class="battle-history"><small>It's super effective!</small><br></div><div class="battle-history"><small>(The opposing Rosemary lost 100% of its health!)</small><br></div><div class="spacer battle-history"><br></div><div class="battle-history">The opposing Rosemary fainted!<br></div><div class="spacer battle-history"><br></div><h2 class="battle-history">Turn 58</h2><div class="chat chatmessage-inkbug1 mine"><strong style="color:#e46e0f"><small>☆</small><span class="username" data-name="inkbug1">inkbug1</span>:</strong> <em>that was </em></div><div class="chat chatmessage-inkbug1 mine"><strong style="color:#e46e0f"><small>☆</small><span class="username" data-name="inkbug1">inkbug1</span>:</strong> <em>a game</em></div><div class="chat chatmessage-inkbug1 mine"><strong style="color:#e46e0f"><small>☆</small><span class="username" data-name="inkbug1">inkbug1</span>:</strong> <em>that we played</em></div><div class="chat chatmessage-inkbug1 mine"><strong style="color:#e46e0f"><small>☆</small><span class="username" data-name="inkbug1">inkbug1</span>:</strong> <em>uh</em></div><div class="chat chatmessage-h2opulse"><strong style="color:#6e8c2b"><small>☆</small><span class="username" data-name="H2OPulse">H2OPulse</span>:</strong> <em>Oh we're softlocked again</em></div><div class="chat chatmessage-h2opulse"><strong style="color:#6e8c2b"><small>☆</small><span class="username" data-name="H2OPulse">H2OPulse</span>:</strong> <em>One sec</em></div><div class="spacer battle-history"><br></div><div class="battle-history">Neuroboxin used <strong>Stomping Tantrum</strong>!<br></div><div class="battle-history"><small>But it failed!</small><br></div><div class="spacer battle-history"><br></div><h2 class="battle-history">Turn 59</h2><div class="spacer battle-history"><br></div><div class="battle-history">Neuroboxin used <strong>Stomping Tantrum</strong>!<br></div><div class="battle-history"><small>But it failed!</small><br></div><div class="spacer battle-history"><br></div><h2 class="battle-history">Turn 60</h2><div class="chat chatmessage-h2opulse"><strong style="color:#6e8c2b"><small>☆</small><span class="username" data-name="H2OPulse">H2OPulse</span>:</strong> <em>There we... don't go</em></div><div class="spacer battle-history"><br></div><div class="battle-history">Neuroboxin used <strong>Stomping Tantrum</strong>!<br></div><div class="battle-history"><small>But it failed!</small><br></div><div class="spacer battle-history"><br></div><h2 class="battle-history">Turn 61</h2><div class="chat chatmessage-h2opulse"><strong style="color:#6e8c2b"><small>☆</small><span class="username" data-name="H2OPulse">H2OPulse</span>:</strong> <em>huh</em></div><div class="spacer battle-history"><br></div><div class="battle-history"><small>H2OPulse forfeited.</small><br></div><div class="spacer battle-history"><br></div><div class="battle-history"><strong>inkbug1</strong> won the battle!<br></div><div class="chat chatmessage-inkbug1 mine"><strong style="color:#e46e0f"><small>☆</small><span class="username" data-name="inkbug1">inkbug1</span>:</strong> <em>wheeze</em></div><div class="chat chatmessage-h2opulse"><strong style="color:#6e8c2b"><small>☆</small><span class="username" data-name="H2OPulse">H2OPulse</span>:</strong> <em>okay so I don't know what's up there I swear it worked before</em></div><div class="chat chatmessage-inkbug1 mine"><strong style="color:#e46e0f"><small>☆</small><span class="username" data-name="inkbug1">inkbug1</span>:</strong> <em>weird</em></div><div class="chat chatmessage-h2opulse"><strong style="color:#6e8c2b"><small>☆</small><span class="username" data-name="H2OPulse">H2OPulse</span>:</strong> <em>well that's bad</em></div><div class="chat chatmessage-h2opulse"><strong style="color:#6e8c2b"><small>☆</small><span class="username" data-name="H2OPulse">H2OPulse</span>:</strong> <em>uh</em></div></div><div class="inner-preempt message-log"></div></div></div>
</div>
<script>
let daily = Math.floor(Date.now()/1000/60/60/24);document.write('<script src="https://dragonheaven.herokuapp.com/js/replay-embed.js?version'+daily+'"></'+'script>');
</script>
