<!DOCTYPE html>
<meta charset="utf-8" />
<!-- version 1 -->
<title>[Gen 8] Conniecord Draft League replay: birdkeeper85 vs. murderspiders</title>
<style>
html,body {font-family:Verdana, sans-serif;font-size:10pt;margin:0;padding:0;}body{padding:12px 0;} .battle-log {font-family:Verdana, sans-serif;font-size:10pt;} .battle-log-inline {border:1px solid #AAAAAA;background:#EEF2F5;color:black;max-width:640px;margin:0 auto 80px;padding-bottom:5px;} .battle-log .inner {padding:4px 8px 0px 8px;} .battle-log .inner-preempt {padding:0 8px 4px 8px;} .battle-log .inner-after {margin-top:0.5em;} .battle-log h2 {margin:0.5em -8px;padding:4px 8px;border:1px solid #AAAAAA;background:#E0E7EA;border-left:0;border-right:0;font-family:Verdana, sans-serif;font-size:13pt;} .battle-log .chat {vertical-align:middle;padding:3px 0 3px 0;font-size:8pt;} .battle-log .chat strong {color:#40576A;} .battle-log .chat em {padding:1px 4px 1px 3px;color:#000000;font-style:normal;} .chat.mine {background:rgba(0,0,0,0.05);margin-left:-8px;margin-right:-8px;padding-left:8px;padding-right:8px;} .spoiler {color:#BBBBBB;background:#BBBBBB;padding:0px 3px;} .spoiler:hover, .spoiler:active, .spoiler-shown {color:#000000;background:#E2E2E2;padding:0px 3px;} .spoiler a {color:#BBBBBB;} .spoiler:hover a, .spoiler:active a, .spoiler-shown a {color:#2288CC;} .chat code, .chat .spoiler:hover code, .chat .spoiler:active code, .chat .spoiler-shown code {border:1px solid #C0C0C0;background:#EEEEEE;color:black;padding:0 2px;} .chat .spoiler code {border:1px solid #CCCCCC;background:#CCCCCC;color:#CCCCCC;} .battle-log .rated {padding:3px 4px;} .battle-log .rated strong {color:white;background:#89A;padding:1px 4px;border-radius:4px;} .spacer {margin-top:0.5em;} .message-announce {background:#6688AA;color:white;padding:1px 4px 2px;} .message-announce a, .broadcast-green a, .broadcast-blue a, .broadcast-red a {color:#DDEEFF;} .broadcast-green {background-color:#559955;color:white;padding:2px 4px;} .broadcast-blue {background-color:#6688AA;color:white;padding:2px 4px;} .infobox {border:1px solid #6688AA;padding:2px 4px;} .infobox-limited {max-height:200px;overflow:auto;overflow-x:hidden;} .broadcast-red {background-color:#AA5544;color:white;padding:2px 4px;} .message-learn-canlearn {font-weight:bold;color:#228822;text-decoration:underline;} .message-learn-cannotlearn {font-weight:bold;color:#CC2222;text-decoration:underline;} .message-effect-weak {font-weight:bold;color:#CC2222;} .message-effect-resist {font-weight:bold;color:#6688AA;} .message-effect-immune {font-weight:bold;color:#666666;} .message-learn-list {margin-top:0;margin-bottom:0;} .message-throttle-notice, .message-error {color:#992222;} .message-overflow, .chat small.message-overflow {font-size:0pt;} .message-overflow::before {font-size:9pt;content:'...';} .subtle {color:#3A4A66;}
</style>
<div class="wrapper replay-wrapper" style="max-width:1180px;margin:0 auto">
<input type="hidden" name="replayid" value="dragonheaven-gen8conniecorddraftleague-385-il3lc8nyxvcdphmqmg683ga9o4akmv4pw" />
<div class="battle"></div><div class="battle-log"></div><div class="replay-controls"></div><div class="replay-controls-2"></div>
<h1 style="font-weight:normal;text-align:center"><strong>[Gen 8] Conniecord Draft League</strong><br /><a href="http://pokemonshowdown.com/users/birdkeeper85" class="subtle" target="_blank">birdkeeper85</a> vs. <a href="http://pokemonshowdown.com/users/murderspiders" class="subtle" target="_blank">murderspiders</a></h1>
<script type="text/plain" class="battle-log-data">|raw|<div class="broadcast-red"><strong>This battle is invite-only!<\/strong><br \/>Users must be invited with <code>\/invite<\/code> (or be staff) to join<\/div>
|j|☆birdkeeper85

|j|☆murderspiders
|t:|1622689089
|player|p1|birdkeeper85|birdkeeper|
|player|p2|murderspiders|nate|
|teamsize|p1|6
|teamsize|p2|6
|gametype|singles
|gen|8
|tier|[Gen 8] Conniecord Draft League
|clearpoke
|poke|p1|Flufnir, F|
|poke|p1|Lumineon-Alola, M|
|poke|p1|Cobroom, F|
|poke|p1|Dracalloy, M|
|poke|p1|Poultergeist, F|
|poke|p1|Buzzstacian, F|
|poke|p2|Araquanid, M|
|poke|p2|Toxitoad, M|
|poke|p2|Surge, F|
|poke|p2|Tornadus-Therian, M|
|poke|p2|Umbreon, F|
|poke|p2|Runerigus, F|
|rule|HP Percentage Mod: HP is shown in percentages
|rule|Endless Battle Clause: Forcing endless battles is banned
|rule|OHKO Clause: OHKO moves are banned
|rule|Evasion Moves Clause: Evasion moves are banned
|rule|Species Clause: Limit one of each Pokémon (not counting forms)
|rule|Dynamax Clause: You cannot dynamax
|rule|Sleep Clause Mod: Limit one foe put to sleep
|rule|Z-Move Clause: Z-Moves are banned
|teampreview
|
|t:|1622689129
|start
|switch|p1a: Poultergeist|Poultergeist, F|351\/351
|switch|p2a: Yew|Runerigus, F|100\/100
|-start|p1a: Poultergeist|typechange|Fire\/Flying|[silent]
|raw|<ul class="utilichart"><li class="result"><span class="col pokemonnamecol" style="white-space: nowrap">Poultergeist<\/span> <span class="col typecol"><img src="https:\/\/play.pokemonshowdown.com\/sprites\/types\/Fire.png" alt="Fire" height="14" width="32"><img src="https:\/\/play.pokemonshowdown.com\/sprites\/types\/Flying.png" alt="Flying" height="14" width="32"><\/span> <span style="float: left ; min-height: 26px"><span class="col abilitycol">Chicken Out<\/span><span class="col abilitycol"><\/span><\/span><\/li><li style="clear: both"><\/li><\/ul>
|raw|<ul class="utilichart"><li class="result"><span style="float: left ; min-height: 26px"><span class="col statcol"><em>HP<\/em><br>105<\/span> <span class="col statcol"><em>Atk<\/em><br>65<\/span> <span class="col statcol"><em>Def<\/em><br>85<\/span> <span class="col statcol"><em>SpA<\/em><br>105<\/span> <span class="col statcol"><em>SpD<\/em><br>85<\/span> <span class="col statcol"><em>Spe<\/em><br>73<\/span> <\/span><\/li><li style="clear: both"><\/li><\/ul>
|turn|1
|c|☆murderspiders|Okay
|c|☆murderspiders|Hm.
|
|t:|1622689166
|switch|p2a: Lemon|Surge, F|100\/100
|-start|p2a: Lemon|typechange|Electric\/Steel|[silent]
|raw|<ul class="utilichart"><li class="result"><span class="col pokemonnamecol" style="white-space: nowrap">Surge<\/span> <span class="col typecol"><img src="https:\/\/play.pokemonshowdown.com\/sprites\/types\/Electric.png" alt="Electric" height="14" width="32"><img src="https:\/\/play.pokemonshowdown.com\/sprites\/types\/Steel.png" alt="Steel" height="14" width="32"><\/span> <span style="float: left ; min-height: 26px"><span class="col abilitycol">Water Absorb \/ Volt Absorb \/ Heavy Metal<\/span><span class="col abilitycol"><\/span><\/span><\/li><li style="clear: both"><\/li><\/ul>
|raw|<ul class="utilichart"><li class="result"><span style="float: left ; min-height: 26px"><span class="col statcol"><em>HP<\/em><br>100<\/span> <span class="col statcol"><em>Atk<\/em><br>50<\/span> <span class="col statcol"><em>Def<\/em><br>70<\/span> <span class="col statcol"><em>SpA<\/em><br>100<\/span> <span class="col statcol"><em>SpD<\/em><br>70<\/span> <span class="col statcol"><em>Spe<\/em><br>60<\/span> <\/span><\/li><li style="clear: both"><\/li><\/ul>
|move|p1a: Poultergeist|Mind Blown|p2a: Lemon
|-supereffective|p2a: Lemon
|-damage|p2a: Lemon|0 fnt
|-damage|p1a: Poultergeist|175\/351|[from] mindblown
|faint|p2a: Lemon
|
|upkeep
|c|☆birdkeeper85|oh 
|c|☆murderspiders|No okay
|c|☆birdkeeper85|surge im so sorry
|c|☆murderspiders|RIP
|
|t:|1622689192
|switch|p2a: Hyacinth|Tornadus-Therian, M|100\/100
|turn|2
|c|☆birdkeeper85|surges time will come i believe
|
|t:|1622689198
|switch|p1a: Cordoza|Lumineon-Alola, M|279\/279
|-start|p1a: Cordoza|typechange|Water\/Fairy|[silent]
|raw|<ul class="utilichart"><li class="result"><span class="col pokemonnamecol" style="white-space: nowrap">Lumineon-Alola<\/span> <span class="col typecol"><img src="https:\/\/play.pokemonshowdown.com\/sprites\/types\/Water.png" alt="Water" height="14" width="32"><img src="https:\/\/play.pokemonshowdown.com\/sprites\/types\/Fairy.png" alt="Fairy" height="14" width="32"><\/span> <span style="float: left ; min-height: 26px"><span class="col abilitycol">Swift Swim \/ Storm Drain \/ Pastel Veil<\/span><span class="col abilitycol"><\/span><\/span><\/li><li style="clear: both"><\/li><\/ul>
|raw|<ul class="utilichart"><li class="result"><span style="float: left ; min-height: 26px"><span class="col statcol"><em>HP<\/em><br>69<\/span> <span class="col statcol"><em>Atk<\/em><br>69<\/span> <span class="col statcol"><em>Def<\/em><br>76<\/span> <span class="col statcol"><em>SpA<\/em><br>69<\/span> <span class="col statcol"><em>SpD<\/em><br>86<\/span> <span class="col statcol"><em>Spe<\/em><br>91<\/span> <\/span><\/li><li style="clear: both"><\/li><\/ul>
|move|p2a: Hyacinth|Knock Off|p1a: Cordoza
|-resisted|p1a: Cordoza
|-damage|p1a: Cordoza|239\/279
|-enditem|p1a: Cordoza|Kee Berry|[from] move: Knock Off|[of] p2a: Hyacinth
|
|upkeep
|turn|3
|c|☆birdkeeper85|god i hate that interaction 
|
|t:|1622689209
|move|p2a: Hyacinth|Taunt|p1a: Cordoza
|-start|p1a: Cordoza|move: Taunt
|cant|p1a: Cordoza|move: Taunt|Quiver Dance
|
|upkeep
|turn|4
|c|☆birdkeeper85|rude
|
|t:|1622689221
|move|p2a: Hyacinth|Hurricane|p1a: Cordoza
|-damage|p1a: Cordoza|115\/279
|move|p1a: Cordoza|Draining Kiss|p2a: Hyacinth
|-damage|p2a: Hyacinth|86\/100
|-heal|p1a: Cordoza|154\/279|[from] drain|[of] p2a: Hyacinth
|-damage|p1a: Cordoza|108\/279|[from] item: Rocky Helmet|[of] p2a: Hyacinth
|
|upkeep
|turn|5
|c|☆birdkeeper85|mk
|c|☆birdkeeper85|maybe spa and spd not spd and spe then.
|c|☆murderspiders|Maybe
|
|t:|1622689266
|switch|p1a: Dracalloy|Dracalloy, M|333\/333
|-start|p1a: Dracalloy|typechange|Steel\/Dragon|[silent]
|raw|<ul class="utilichart"><li class="result"><span class="col pokemonnamecol" style="white-space: nowrap">Dracalloy<\/span> <span class="col typecol"><img src="https:\/\/play.pokemonshowdown.com\/sprites\/types\/Steel.png" alt="Steel" height="14" width="32"><img src="https:\/\/play.pokemonshowdown.com\/sprites\/types\/Dragon.png" alt="Dragon" height="14" width="32"><\/span> <span style="float: left ; min-height: 26px"><span class="col abilitycol">Levitate \/ Lightning Rod<\/span><span class="col abilitycol"><\/span><\/span><\/li><li style="clear: both"><\/li><\/ul>
|raw|<ul class="utilichart"><li class="result"><span style="float: left ; min-height: 26px"><span class="col statcol"><em>HP<\/em><br>96<\/span> <span class="col statcol"><em>Atk<\/em><br>115<\/span> <span class="col statcol"><em>Def<\/em><br>85<\/span> <span class="col statcol"><em>SpA<\/em><br>75<\/span> <span class="col statcol"><em>SpD<\/em><br>110<\/span> <span class="col statcol"><em>Spe<\/em><br>84<\/span> <\/span><\/li><li style="clear: both"><\/li><\/ul>
|move|p2a: Hyacinth|Hurricane|p1a: Dracalloy|[miss]
|-miss|p2a: Hyacinth|p1a: Dracalloy
|
|upkeep
|turn|6
|
|t:|1622689272
|move|p2a: Hyacinth|Taunt|p1a: Dracalloy
|-start|p1a: Dracalloy|move: Taunt
|cant|p1a: Dracalloy|move: Taunt|Hone Claws
|
|upkeep
|turn|7
|c|☆birdkeeper85|ffs 
|
|t:|1622689286
|move|p2a: Hyacinth|Knock Off|p1a: Dracalloy
|-damage|p1a: Dracalloy|254\/333
|-enditem|p1a: Dracalloy|Leftovers|[from] move: Knock Off|[of] p2a: Hyacinth
|move|p1a: Dracalloy|Iron Head|p2a: Hyacinth
|-damage|p2a: Hyacinth|39\/100
|-damage|p1a: Dracalloy|199\/333|[from] item: Rocky Helmet|[of] p2a: Hyacinth
|
|upkeep
|turn|8
|c|☆murderspiders|Owfffair
|
|t:|1622689303
|move|p2a: Hyacinth|U-turn|p1a: Dracalloy
|-resisted|p1a: Dracalloy
|-damage|p1a: Dracalloy|170\/333
|
|t:|1622689304
|switch|p2a: Stool|Toxitoad, M|100\/100|[from]move: U-turn
|-start|p2a: Stool|typechange|Poison|[silent]
|raw|<ul class="utilichart"><li class="result"><span class="col pokemonnamecol" style="white-space: nowrap">Toxitoad<\/span> <span class="col typecol"><img src="https:\/\/play.pokemonshowdown.com\/sprites\/types\/Poison.png" alt="Poison" height="14" width="32"><\/span> <span style="float: left ; min-height: 26px"><span class="col abilitycol">Clear Body \/ Saturation \/ Filter<\/span><span class="col abilitycol"><\/span><\/span><\/li><li style="clear: both"><\/li><\/ul>
|raw|<ul class="utilichart"><li class="result"><span style="float: left ; min-height: 26px"><span class="col statcol"><em>HP<\/em><br>105<\/span> <span class="col statcol"><em>Atk<\/em><br>55<\/span> <span class="col statcol"><em>Def<\/em><br>55<\/span> <span class="col statcol"><em>SpA<\/em><br>105<\/span> <span class="col statcol"><em>SpD<\/em><br>77<\/span> <span class="col statcol"><em>Spe<\/em><br>77<\/span> <\/span><\/li><li style="clear: both"><\/li><\/ul>
|move|p1a: Dracalloy|Scale Shot|p2a: Stool
|-damage|p2a: Stool|89\/100
|-damage|p2a: Stool|78\/100
|-damage|p2a: Stool|67\/100
|-hitcount|p2a: Stool|3
|-unboost|p1a: Dracalloy|def|1
|-boost|p1a: Dracalloy|spe|1
|
|-end|p1a: Dracalloy|move: Taunt
|upkeep
|turn|9
|c|☆birdkeeper85|i forgot to fix cobrooms item im a genius
|c|☆murderspiders|PF
|
|t:|1622689349
|switch|p1a: Poultergeist|Poultergeist, F|175\/351
|-start|p1a: Poultergeist|typechange|Fire\/Flying|[silent]
|switch|p2a: Yew|Runerigus, F|100\/100
|
|upkeep
|turn|10
|
|t:|1622689365
|move|p1a: Poultergeist|Pain Split|p2a: Yew
|-sethp|p2a: Yew|78\/100|[from] move: Pain Split|[silent]
|-sethp|p1a: Poultergeist|247\/351|[from] move: Pain Split
|move|p2a: Yew|Toxic Spikes|p1a: Poultergeist
|-sidestart|p1: birdkeeper85|move: Toxic Spikes
|
|-heal|p2a: Yew|84\/100|[from] item: Leftovers
|upkeep
|turn|11
|
|t:|1622689375
|switch|p1a: Cordoza|Lumineon-Alola, M|108\/279
|-start|p1a: Cordoza|typechange|Water\/Fairy|[silent]
|move|p2a: Yew|Iron Defense|p2a: Yew
|-boost|p2a: Yew|def|2
|
|-heal|p2a: Yew|90\/100|[from] item: Leftovers
|upkeep
|turn|12
|
|t:|1622689386
|move|p1a: Cordoza|Quiver Dance|p1a: Cordoza
|-boost|p1a: Cordoza|spa|1
|-boost|p1a: Cordoza|spd|1
|-boost|p1a: Cordoza|spe|1
|move|p2a: Yew|Body Press|p1a: Cordoza
|-resisted|p1a: Cordoza
|-damage|p1a: Cordoza|0 fnt
|faint|p1a: Cordoza
|
|-heal|p2a: Yew|96\/100|[from] item: Leftovers
|upkeep
|c|☆birdkeeper85|): 
|
|t:|1622689399
|switch|p1a: Cobroom|Cobroom, F|354\/354
|-start|p1a: Cobroom|typechange|Poison\/Fairy|[silent]
|raw|<ul class="utilichart"><li class="result"><span class="col pokemonnamecol" style="white-space: nowrap">Cobroom<\/span> <span class="col typecol"><img src="https:\/\/play.pokemonshowdown.com\/sprites\/types\/Poison.png" alt="Poison" height="14" width="32"><img src="https:\/\/play.pokemonshowdown.com\/sprites\/types\/Fairy.png" alt="Fairy" height="14" width="32"><\/span> <span style="float: left ; min-height: 26px"><span class="col abilitycol">Arcane Switch<\/span><span class="col abilitycol"><\/span><\/span><\/li><li style="clear: both"><\/li><\/ul>
|raw|<ul class="utilichart"><li class="result"><span style="float: left ; min-height: 26px"><span class="col statcol"><em>HP<\/em><br>75<\/span> <span class="col statcol"><em>Atk<\/em><br>65<\/span> <span class="col statcol"><em>Def<\/em><br>115<\/span> <span class="col statcol"><em>SpA<\/em><br>65<\/span> <span class="col statcol"><em>SpD<\/em><br>115<\/span> <span class="col statcol"><em>Spe<\/em><br>60<\/span> <\/span><\/li><li style="clear: both"><\/li><\/ul>
|-sideend|p1: birdkeeper85|move: Toxic Spikes|[of] p1a: Cobroom
|turn|13
|c|☆murderspiders|I'msorry
|c|☆murderspiders|Why do I have 720 Defense after one setup move why is that allowed
|
|t:|1622689419
|-formechange|p1a: Cobroom|Cobroom-Sorcerer||[from] ability: Arcane Switch
|move|p1a: Cobroom|Sucker Punch|p2a: Yew
|-supereffective|p2a: Yew
|-damage|p2a: Yew|68\/100
|move|p2a: Yew|Body Press|p1a: Cobroom
|-damage|p1a: Cobroom|70\/354
|
|-damage|p1a: Cobroom|26\/354|[from] item: Black Sludge
|-heal|p2a: Yew|74\/100|[from] item: Leftovers
|upkeep
|turn|14
|c|☆birdkeeper85|runerigus is kind of nuts 
|c|☆birdkeeper85|ah that didnt do shit huh
|c|☆murderspiders|YEAH,,
|
|t:|1622689430
|-formechange|p1a: Cobroom|Cobroom||[from] ability: Arcane Switch
|move|p1a: Cobroom|Baneful Bunker|p1a: Cobroom
|-singleturn|p1a: Cobroom|move: Protect
|move|p2a: Yew|Poltergeist|p1a: Cobroom
|-activate|p1a: Cobroom|move: Protect
|
|-heal|p1a: Cobroom|48\/354|[from] item: Black Sludge
|-heal|p2a: Yew|79\/100|[from] item: Leftovers
|upkeep
|turn|15
|c|☆birdkeeper85|coward
|c|☆murderspiders|sorry :c
|
|t:|1622689447
|switch|p1a: Dracalloy|Dracalloy, M|170\/333
|-start|p1a: Dracalloy|typechange|Steel\/Dragon|[silent]
|move|p2a: Yew|Body Press|p1a: Dracalloy
|-supereffective|p1a: Dracalloy
|-crit|p1a: Dracalloy
|-damage|p1a: Dracalloy|0 fnt
|faint|p1a: Dracalloy
|
|-heal|p2a: Yew|85\/100|[from] item: Leftovers
|upkeep
|c|☆birdkeeper85|jksdhfskdf
|c|☆birdkeeper85|k
|c|☆murderspiders|W h e w
|c|☆birdkeeper85|just not enough of a gamer :pensive: 
|c|☆murderspiders|Okay to be fair the crit there did not matter based on past matches
|c|☆murderspiders|but also
|
|t:|1622689466
|switch|p1a: Buzzstacian|Buzzstacian, F|438\/438
|-start|p1a: Buzzstacian|typechange|Grass\/Electric|[silent]
|raw|<ul class="utilichart"><li class="result"><span class="col pokemonnamecol" style="white-space: nowrap">Buzzstacian<\/span> <span class="col typecol"><img src="https:\/\/play.pokemonshowdown.com\/sprites\/types\/Grass.png" alt="Grass" height="14" width="32"><img src="https:\/\/play.pokemonshowdown.com\/sprites\/types\/Electric.png" alt="Electric" height="14" width="32"><\/span> <span style="float: left ; min-height: 26px"><span class="col abilitycol">Natural Cure \/ Leaf Guard \/ Marvel Scale<\/span><span class="col abilitycol"><\/span><\/span><\/li><li style="clear: both"><\/li><\/ul>
|raw|<ul class="utilichart"><li class="result"><span style="float: left ; min-height: 26px"><span class="col statcol"><em>HP<\/em><br>117<\/span> <span class="col statcol"><em>Atk<\/em><br>49<\/span> <span class="col statcol"><em>Def<\/em><br>84<\/span> <span class="col statcol"><em>SpA<\/em><br>101<\/span> <span class="col statcol"><em>SpD<\/em><br>106<\/span> <span class="col statcol"><em>Spe<\/em><br>63<\/span> <\/span><\/li><li style="clear: both"><\/li><\/ul>
|turn|16
|c|☆murderspiders|w h e w
|
|t:|1622689487
|move|p1a: Buzzstacian|Leaf Storm|p2a: Yew
|-supereffective|p2a: Yew
|-damage|p2a: Yew|6\/100
|-unboost|p1a: Buzzstacian|spa|2
|-enditem|p1a: Buzzstacian|Eject Pack
|c|☆murderspiders|WHEW
|
|t:|1622689495
|switch|p1a: Poultergeist|Poultergeist, F|247\/351
|-start|p1a: Poultergeist|typechange|Fire\/Flying|[silent]
|move|p2a: Yew|Toxic Spikes|p1a: Poultergeist
|-sidestart|p1: birdkeeper85|move: Toxic Spikes
|
|-heal|p2a: Yew|12\/100|[from] item: Leftovers
|upkeep
|turn|17
|c|☆murderspiders|that truly had no right to pay off but
|
|t:|1622689523
|switch|p2a: Sundrop|Umbreon, F|100\/100
|move|p1a: Poultergeist|Trick|p2a: Sundrop
|-activate|p1a: Poultergeist|move: Trick|[of] p2a: Sundrop
|-item|p2a: Sundrop|Choice Scarf|[from] move: Trick
|-item|p1a: Poultergeist|Leftovers|[from] move: Trick
|
|-heal|p1a: Poultergeist|268\/351|[from] item: Leftovers
|upkeep
|turn|18
|
|t:|1622689533
|switch|p1a: Cobroom|Cobroom, F|48\/354
|-sideend|p1: birdkeeper85|move: Toxic Spikes|[of] p1a: Cobroom
|-start|p1a: Cobroom|typechange|Poison\/Fairy|[silent]
|move|p2a: Sundrop|Wish|p2a: Sundrop
|
|-heal|p1a: Cobroom|70\/354|[from] item: Black Sludge
|upkeep
|turn|19
|
|t:|1622689542
|switch|p2a: Yew|Runerigus, F|12\/100
|switch|p1a: Marshmallow|Flufnir, F, shiny|459\/459
|-start|p1a: Marshmallow|typechange|Normal\/Dragon|[silent]
|raw|<ul class="utilichart"><li class="result"><span class="col pokemonnamecol" style="white-space: nowrap">Flufnir<\/span> <span class="col typecol"><img src="https:\/\/play.pokemonshowdown.com\/sprites\/types\/Normal.png" alt="Normal" height="14" width="32"><img src="https:\/\/play.pokemonshowdown.com\/sprites\/types\/Dragon.png" alt="Dragon" height="14" width="32"><\/span> <span style="float: left ; min-height: 26px"><span class="col abilitycol">Fluffy \/ Hustle \/ Natural Cure<\/span><span class="col abilitycol"><\/span><\/span><\/li><li style="clear: both"><\/li><\/ul>
|raw|<ul class="utilichart"><li class="result"><span style="float: left ; min-height: 26px"><span class="col statcol"><em>HP<\/em><br>128<\/span> <span class="col statcol"><em>Atk<\/em><br>136<\/span> <span class="col statcol"><em>Def<\/em><br>64<\/span> <span class="col statcol"><em>SpA<\/em><br>80<\/span> <span class="col statcol"><em>SpD<\/em><br>64<\/span> <span class="col statcol"><em>Spe<\/em><br>63<\/span> <\/span><\/li><li style="clear: both"><\/li><\/ul>
|
|-heal|p2a: Yew|74\/100|[from] move: Wish|[wisher] Sundrop
|-heal|p2a: Yew|79\/100|[from] item: Leftovers
|upkeep
|turn|20
|
|t:|1622689554
|switch|p1a: Poultergeist|Poultergeist, F|268\/351
|-start|p1a: Poultergeist|typechange|Fire\/Flying|[silent]
|move|p2a: Yew|Iron Defense|p2a: Yew
|-boost|p2a: Yew|def|2
|
|-heal|p1a: Poultergeist|289\/351|[from] item: Leftovers
|-heal|p2a: Yew|85\/100|[from] item: Leftovers
|upkeep
|turn|21
|
|t:|1622689565
|switch|p2a: Spilly|Araquanid, M|100\/100
|move|p1a: Poultergeist|Shadow Ball|p2a: Spilly
|-damage|p2a: Spilly|79\/100
|
|-heal|p1a: Poultergeist|310\/351|[from] item: Leftovers
|upkeep
|turn|22
|
|t:|1622689576
|switch|p2a: Yew|Runerigus, F|85\/100
|move|p1a: Poultergeist|Trick|p2a: Yew
|-activate|p1a: Poultergeist|move: Trick|[of] p2a: Yew
|-item|p2a: Yew|Leftovers|[from] move: Trick
|-item|p1a: Poultergeist|Leftovers|[from] move: Trick
|
|-heal|p1a: Poultergeist|331\/351|[from] item: Leftovers
|-heal|p2a: Yew|91\/100|[from] item: Leftovers
|upkeep
|turn|23
|c|☆murderspiders|I
|c|☆birdkeeper85|plbbb
|c|☆murderspiders|forgot you weren't Choiced
|c|☆murderspiders|so I thought
|c|☆birdkeeper85|gimme ur shooooes
|c|☆murderspiders|"there's no way he stays in"
|c|☆murderspiders|so I
|c|☆murderspiders|okay.
|c|☆murderspiders|I'm dying
|
|t:|1622689614
|switch|p2a: Sundrop|Umbreon, F|100\/100
|move|p1a: Poultergeist|Mind Blown|p2a: Sundrop
|-damage|p2a: Sundrop|67\/100
|-damage|p1a: Poultergeist|155\/351|[from] mindblown
|
|-heal|p1a: Poultergeist|176\/351|[from] item: Leftovers
|upkeep
|turn|24
|
|t:|1622689624
|move|p1a: Poultergeist|Pain Split|p2a: Sundrop
|-sethp|p2a: Sundrop|56\/100|[from] move: Pain Split|[silent]
|-sethp|p1a: Poultergeist|219\/351|[from] move: Pain Split
|move|p2a: Sundrop|Wish|p2a: Sundrop
|
|-heal|p1a: Poultergeist|240\/351|[from] item: Leftovers
|upkeep
|turn|25
|
|t:|1622689644
|switch|p1a: Buzzstacian|Buzzstacian, F|438\/438
|-start|p1a: Buzzstacian|typechange|Grass\/Electric|[silent]
|move|p2a: Sundrop|Wish||[still]
|-fail|p2a: Sundrop
|
|-heal|p2a: Sundrop|100\/100|[from] move: Wish|[wisher] Sundrop
|upkeep
|turn|26
|
|t:|1622689652
|switch|p2a: Spilly|Araquanid, M|79\/100
|move|p1a: Buzzstacian|Wish|p1a: Buzzstacian
|
|upkeep
|turn|27
|
|t:|1622689662
|move|p2a: Spilly|Leech Life|p1a: Buzzstacian
|-supereffective|p1a: Buzzstacian
|-damage|p1a: Buzzstacian|210\/438
|-heal|p2a: Spilly|100\/100|[from] drain|[of] p1a: Buzzstacian
|move|p1a: Buzzstacian|Volt Switch|p2a: Spilly
|-supereffective|p2a: Spilly
|-damage|p2a: Spilly|55\/100
|c|☆murderspiders|Okay fair
|
|t:|1622689681
|switch|p1a: Cobroom|Cobroom, F|70\/354
|-start|p1a: Cobroom|typechange|Poison\/Fairy|[silent]
|
|-heal|p1a: Cobroom|289\/354|[from] move: Wish|[wisher] Buzzstacian
|-heal|p1a: Cobroom|311\/354|[from] item: Black Sludge
|upkeep
|turn|28
|
|t:|1622689696
|move|p2a: Spilly|Liquidation|p1a: Cobroom
|-damage|p1a: Cobroom|107\/354
|move|p1a: Cobroom|Coil|p1a: Cobroom
|-boost|p1a: Cobroom|atk|1
|-boost|p1a: Cobroom|def|1
|-boost|p1a: Cobroom|accuracy|1
|
|-heal|p1a: Cobroom|129\/354|[from] item: Black Sludge
|upkeep
|turn|29
|c|☆birdkeeper85|ow
|
|t:|1622689710
|move|p1a: Cobroom|Baneful Bunker|p1a: Cobroom
|-singleturn|p1a: Cobroom|move: Protect
|move|p2a: Spilly|Toxic|p1a: Cobroom
|-activate|p1a: Cobroom|move: Protect
|
|-heal|p1a: Cobroom|151\/354|[from] item: Black Sludge
|upkeep
|turn|30
|c|☆birdkeeper85|pfff 
|c|☆birdkeeper85|fair
|c|☆murderspiders|that was going to be so funny I'm so mad
|c|☆birdkeeper85|that was going to be so funny im sorry
|
|t:|1622689739
|move|p2a: Spilly|Toxic|p1a: Cobroom
|-immune|p1a: Cobroom
|move|p1a: Cobroom|Coil|p1a: Cobroom
|-boost|p1a: Cobroom|atk|1
|-boost|p1a: Cobroom|def|1
|-boost|p1a: Cobroom|accuracy|1
|
|-heal|p1a: Cobroom|173\/354|[from] item: Black Sludge
|upkeep
|turn|31
|
|t:|1622689746
|switch|p2a: Hyacinth|Tornadus-Therian, M|72\/100
|-formechange|p1a: Cobroom|Cobroom-Sorcerer||[from] ability: Arcane Switch
|move|p1a: Cobroom|Sucker Punch||[still]
|-fail|p1a: Cobroom
|
|-damage|p1a: Cobroom|129\/354|[from] item: Black Sludge
|upkeep
|turn|32
|c|☆birdkeeper85|piss
|
|t:|1622689754
|-formechange|p1a: Cobroom|Cobroom||[from] ability: Arcane Switch
|move|p1a: Cobroom|Baneful Bunker|p1a: Cobroom
|-singleturn|p1a: Cobroom|move: Protect
|move|p2a: Hyacinth|Taunt|p1a: Cobroom
|-activate|p1a: Cobroom|move: Protect
|
|-heal|p1a: Cobroom|151\/354|[from] item: Black Sludge
|upkeep
|turn|33
|
|t:|1622689771
|switch|p1a: Poultergeist|Poultergeist, F|240\/351
|-start|p1a: Poultergeist|typechange|Fire\/Flying|[silent]
|move|p2a: Hyacinth|Taunt|p1a: Poultergeist
|-start|p1a: Poultergeist|move: Taunt
|
|-heal|p1a: Poultergeist|261\/351|[from] item: Leftovers
|upkeep
|turn|34
|
|t:|1622689791
|move|p2a: Hyacinth|Knock Off|p1a: Poultergeist
|-damage|p1a: Poultergeist|188\/351
|-enditem|p1a: Poultergeist|Leftovers|[from] move: Knock Off|[of] p2a: Hyacinth
|move|p1a: Poultergeist|Shadow Ball|p2a: Hyacinth
|-damage|p2a: Hyacinth|49\/100
|
|upkeep
|turn|35
|
|t:|1622689802
|move|p2a: Hyacinth|Hurricane|p1a: Poultergeist|[miss]
|-miss|p2a: Hyacinth|p1a: Poultergeist
|move|p1a: Poultergeist|Shadow Ball|p2a: Hyacinth
|-damage|p2a: Hyacinth|25\/100
|-unboost|p2a: Hyacinth|spd|1
|
|-end|p1a: Poultergeist|move: Taunt
|upkeep
|turn|36
|
|t:|1622689811
|move|p2a: Hyacinth|U-turn|p1a: Poultergeist
|-resisted|p1a: Poultergeist
|-damage|p1a: Poultergeist|175\/351
|c|☆murderspiders|Dumb question was that the first time he missed Hurricane all night
|c|☆birdkeeper85|i think not the first but one of them 
|c|☆murderspiders|Fa ir
|c|☆birdkeeper85|hes been on point though
|c|☆murderspiders|Yeah it's insane :'D
|
|t:|1622689853
|switch|p2a: Sundrop|Umbreon, F|100\/100|[from]move: U-turn
|move|p1a: Poultergeist|Pain Split|p2a: Sundrop
|-sethp|p2a: Sundrop|73\/100|[from] move: Pain Split|[silent]
|-sethp|p1a: Poultergeist|284\/351|[from] move: Pain Split
|
|upkeep
|turn|37
|
|t:|1622689864
|switch|p1a: Buzzstacian|Buzzstacian, F|210\/438
|-start|p1a: Buzzstacian|typechange|Grass\/Electric|[silent]
|move|p2a: Sundrop|Wish|p2a: Sundrop
|
|upkeep
|turn|38
|
|t:|1622689870
|switch|p2a: Spilly|Araquanid, M|55\/100
|move|p1a: Buzzstacian|Wish|p1a: Buzzstacian
|
|-heal|p2a: Spilly|100\/100|[from] move: Wish|[wisher] Sundrop
|upkeep
|turn|39
|
|t:|1622689884
|move|p2a: Spilly|Liquidation|p1a: Buzzstacian
|-resisted|p1a: Buzzstacian
|-damage|p1a: Buzzstacian|79\/438
|move|p1a: Buzzstacian|Leaf Storm|p2a: Spilly
|-damage|p2a: Spilly|61\/100
|-unboost|p1a: Buzzstacian|spa|2
|
|-heal|p1a: Buzzstacian|298\/438|[from] move: Wish|[wisher] Buzzstacian
|upkeep
|turn|40
|c|☆murderspiders|Fair okay
|
|t:|1622689896
|switch|p1a: Marshmallow|Flufnir, F, shiny|459\/459
|-start|p1a: Marshmallow|typechange|Normal\/Dragon|[silent]
|move|p2a: Spilly|Leech Life|p1a: Marshmallow
|-damage|p1a: Marshmallow|385\/459
|-heal|p2a: Spilly|74\/100|[from] drain|[of] p1a: Marshmallow
|-damage|p2a: Spilly|57\/100|[from] item: Rocky Helmet|[of] p1a: Marshmallow
|
|upkeep
|turn|41
|
|t:|1622689905
|switch|p2a: Yew|Runerigus, F|91\/100
|move|p1a: Marshmallow|Double-Edge|p2a: Yew
|-immune|p2a: Yew
|
|-heal|p2a: Yew|97\/100|[from] item: Leftovers
|upkeep
|turn|42
|c|☆birdkeeper85|fair
|
|t:|1622689916
|switch|p1a: Buzzstacian|Buzzstacian, F|298\/438
|-start|p1a: Buzzstacian|typechange|Grass\/Electric|[silent]
|move|p2a: Yew|Toxic Spikes|p1a: Buzzstacian
|-sidestart|p1: birdkeeper85|move: Toxic Spikes
|
|-heal|p2a: Yew|100\/100|[from] item: Leftovers
|upkeep
|turn|43
|
|t:|1622689927
|switch|p2a: Spilly|Araquanid, M|57\/100
|move|p1a: Buzzstacian|Wish|p1a: Buzzstacian
|
|upkeep
|turn|44
|
|t:|1622689933
|move|p2a: Spilly|Liquidation|p1a: Buzzstacian
|-resisted|p1a: Buzzstacian
|-damage|p1a: Buzzstacian|178\/438
|move|p1a: Buzzstacian|Leaf Storm|p2a: Spilly
|-damage|p2a: Spilly|16\/100
|-unboost|p1a: Buzzstacian|spa|2
|
|-heal|p1a: Buzzstacian|397\/438|[from] move: Wish|[wisher] Buzzstacian
|upkeep
|turn|45
|c|☆murderspiders|Okay
|
|t:|1622689947
|move|p2a: Spilly|Leech Life|p1a: Buzzstacian
|-supereffective|p1a: Buzzstacian
|-damage|p1a: Buzzstacian|149\/438
|-heal|p2a: Spilly|59\/100|[from] drain|[of] p1a: Buzzstacian
|move|p1a: Buzzstacian|Wish|p1a: Buzzstacian
|
|upkeep
|turn|46
|c|☆birdkeeper85|ok i just lost all my progress i should not have stayed in,
|c|☆murderspiders|Oof fair
|
|t:|1622689969
|move|p2a: Spilly|Liquidation|p1a: Buzzstacian
|-resisted|p1a: Buzzstacian
|-damage|p1a: Buzzstacian|12\/438
|move|p1a: Buzzstacian|Volt Switch|p2a: Spilly
|-supereffective|p2a: Spilly
|-damage|p2a: Spilly|38\/100
|c|☆murderspiders|Skdjgjgkg okay
|c|☆birdkeeper85|should stayed in then tho a
|
|t:|1622689984
|switch|p1a: Cobroom|Cobroom, F|151\/354
|-start|p1a: Cobroom|typechange|Poison\/Fairy|[silent]
|-sideend|p1: birdkeeper85|move: Toxic Spikes|[of] p1a: Cobroom
|
|-heal|p1a: Cobroom|354\/354|[from] move: Wish|[wisher] Buzzstacian
|upkeep
|turn|47
|
|t:|1622689998
|switch|p2a: Sundrop|Umbreon, F|73\/100
|move|p1a: Cobroom|Baneful Bunker||[still]
|-fail|p1a: Cobroom
|
|upkeep
|turn|48
|
|t:|1622690004
|switch|p1a: Buzzstacian|Buzzstacian, F|12\/438
|-start|p1a: Buzzstacian|typechange|Grass\/Electric|[silent]
|move|p2a: Sundrop|Wish|p2a: Sundrop
|
|upkeep
|turn|49
|
|t:|1622690008
|switch|p2a: Spilly|Araquanid, M|38\/100
|move|p1a: Buzzstacian|Wish|p1a: Buzzstacian
|
|-heal|p2a: Spilly|100\/100|[from] move: Wish|[wisher] Sundrop
|upkeep
|turn|50
|c|☆murderspiders|AH one sec I will be right back
|c|☆birdkeeper85|m
|c|☆murderspiders|Okay hi
|
|t:|1622690068
|switch|p1a: Marshmallow|Flufnir, F, shiny|385\/459
|-start|p1a: Marshmallow|typechange|Normal\/Dragon|[silent]
|move|p2a: Spilly|Liquidation|p1a: Marshmallow
|-resisted|p1a: Marshmallow
|-damage|p1a: Marshmallow|307\/459
|-damage|p2a: Spilly|84\/100|[from] item: Rocky Helmet|[of] p1a: Marshmallow
|
|-heal|p1a: Marshmallow|459\/459|[from] move: Wish|[wisher] Buzzstacian
|upkeep
|turn|51
|
|t:|1622690084
|switch|p1a: Poultergeist|Poultergeist, F|284\/351
|-start|p1a: Poultergeist|typechange|Fire\/Flying|[silent]
|move|p2a: Spilly|Toxic|p1a: Poultergeist
|-status|p1a: Poultergeist|tox
|
|-damage|p1a: Poultergeist|263\/351 tox|[from] psn
|upkeep
|turn|52
|
|t:|1622690094
|move|p1a: Poultergeist|Trick|p2a: Spilly
|-activate|p1a: Poultergeist|move: Trick|[of] p2a: Spilly
|-enditem|p2a: Spilly|Heavy-Duty Boots|[silent]|[from] move: Trick
|-item|p1a: Poultergeist|Heavy-Duty Boots|[from] move: Trick
|move|p2a: Spilly|Liquidation|p1a: Poultergeist
|-supereffective|p1a: Poultergeist
|-damage|p1a: Poultergeist|0 fnt
|faint|p1a: Poultergeist
|detailschange|p1a: Poultergeist|Poultergeist-Headless, F
|-ability|p1a: Poultergeist|Chicken Out
|-message|Poultergeist ran off somewhere...
|
|upkeep
|c|☆murderspiders|Regret probably
|c|☆birdkeeper85|also regret but also i did it 
|c|☆murderspiders|Heheh
|c|☆birdkeeper85|i should not have gone for that ashgdasd
|
|t:|1622690127
|switch|p1a: Marshmallow|Flufnir, F, shiny|459\/459
|-start|p1a: Marshmallow|typechange|Normal\/Dragon|[silent]
|turn|53
|
|t:|1622690133
|move|p1a: Marshmallow|Double-Edge|p2a: Spilly
|-damage|p2a: Spilly|15\/100
|-damage|p1a: Marshmallow|392\/459|[from] Recoil
|move|p2a: Spilly|Toxic|p1a: Marshmallow
|-status|p1a: Marshmallow|tox
|
|-damage|p1a: Marshmallow|364\/459 tox|[from] psn
|upkeep
|turn|54
|
|t:|1622690146
|switch|p1a: Buzzstacian|Buzzstacian, F|12\/438
|-start|p1a: Buzzstacian|typechange|Grass\/Electric|[silent]
|switch|p2a: Stool|Toxitoad, M|67\/100
|-start|p2a: Stool|typechange|Poison|[silent]
|
|upkeep
|turn|55
|c|☆murderspiders|that hurts so muchhh
|
|t:|1622690157
|move|p2a: Stool|Flamethrower|p1a: Buzzstacian
|-supereffective|p1a: Buzzstacian
|-damage|p1a: Buzzstacian|0 fnt
|faint|p1a: Buzzstacian
|
|upkeep
|c|☆birdkeeper85|right you are like mid speed
|c|☆birdkeeper85|i knew that
|c|☆birdkeeper85|h.hmm
|
|t:|1622690180
|switch|p1a: Poultergeist|Poultergeist-Headless, F|1\/1 tox
|-start|p1a: Poultergeist|typechange|Fire\/Ghost|[silent]
|raw|<ul class="utilichart"><li class="result"><span class="col pokemonnamecol" style="white-space: nowrap">Poultergeist-Headless<\/span> <span class="col typecol"><img src="https:\/\/play.pokemonshowdown.com\/sprites\/types\/Fire.png" alt="Fire" height="14" width="32"><img src="https:\/\/play.pokemonshowdown.com\/sprites\/types\/Ghost.png" alt="Ghost" height="14" width="32"><\/span> <span style="float: left ; min-height: 26px"><span class="col abilitycol">Wonder Guard<\/span><span class="col abilitycol"><\/span><\/span><\/li><li style="clear: both"><\/li><\/ul>
|raw|<ul class="utilichart"><li class="result"><span style="float: left ; min-height: 26px"><span class="col statcol"><em>HP<\/em><br>1<\/span> <span class="col statcol"><em>Atk<\/em><br>65<\/span> <span class="col statcol"><em>Def<\/em><br>85<\/span> <span class="col statcol"><em>SpA<\/em><br>105<\/span> <span class="col statcol"><em>SpD<\/em><br>85<\/span> <span class="col statcol"><em>Spe<\/em><br>113<\/span> <\/span><\/li><li style="clear: both"><\/li><\/ul>
|turn|56
|c|☆birdkeeper85|isnt this supposed to like
|c|☆birdkeeper85|not be poisoned
|c|☆murderspiders|.
|c|☆murderspiders|huh.
|c|☆birdkeeper85|or am i making things up
|c|☆murderspiders|Yeah no that
|c|☆murderspiders|should not be
|c|☆murderspiders|hn
|c|☆birdkeeper85|wellp
|c|☆murderspiders|I am so sorry
|c|☆murderspiders|Why did that even... hh...
|
|t:|1622690226
|move|p1a: Poultergeist|Mind Blown|p2a: Stool
|-damage|p2a: Stool|33\/100
|-damage|p1a: Poultergeist|0 fnt|[from] mindblown
|faint|p1a: Poultergeist
|move|p2a: Stool|Recover|p2a: Stool
|-heal|p2a: Stool|83\/100
|
|upkeep
|
|t:|1622690234
|switch|p1a: Cobroom|Cobroom, F|354\/354
|-start|p1a: Cobroom|typechange|Poison\/Fairy|[silent]
|turn|57
|
|t:|1622690246
|move|p2a: Stool|Clear Smog|p1a: Cobroom
|-damage|p1a: Cobroom|294\/354
|-clearboost|p1a: Cobroom
|move|p1a: Cobroom|Coil|p1a: Cobroom
|-boost|p1a: Cobroom|atk|1
|-boost|p1a: Cobroom|def|1
|-boost|p1a: Cobroom|accuracy|1
|
|-heal|p1a: Cobroom|316\/354|[from] item: Black Sludge
|upkeep
|turn|58
|
|t:|1622690257
|-formechange|p1a: Cobroom|Cobroom-Sorcerer||[from] ability: Arcane Switch
|move|p1a: Cobroom|Sucker Punch|p2a: Stool
|-damage|p2a: Stool|24\/100
|-damage|p1a: Cobroom|257\/354|[from] item: Rocky Helmet|[of] p2a: Stool
|move|p2a: Stool|Clear Smog|p1a: Cobroom
|-supereffective|p1a: Cobroom
|-damage|p1a: Cobroom|65\/354
|-clearboost|p1a: Cobroom
|
|-damage|p1a: Cobroom|21\/354|[from] item: Black Sludge
|upkeep
|turn|59
|
|t:|1622690275
|-formechange|p1a: Cobroom|Cobroom||[from] ability: Arcane Switch
|move|p1a: Cobroom|Baneful Bunker|p1a: Cobroom
|-singleturn|p1a: Cobroom|move: Protect
|move|p2a: Stool|Recover|p2a: Stool
|-heal|p2a: Stool|74\/100
|
|-heal|p1a: Cobroom|43\/354|[from] item: Black Sludge
|upkeep
|turn|60
|c|☆birdkeeper85|god this being the wrong item hurts so bad i cant believe ive brought it in two battles already
|
|t:|1622690286
|move|p1a: Cobroom|Baneful Bunker||[still]
|-fail|p1a: Cobroom
|move|p2a: Stool|Clear Smog|p1a: Cobroom
|-damage|p1a: Cobroom|0 fnt
|-clearboost|p1a: Cobroom
|faint|p1a: Cobroom
|
|upkeep
|c|☆murderspiders|I am so sorry
|c|☆birdkeeper85|its ok im very sleepy :'D 
|
|t:|1622690297
|switch|p1a: Marshmallow|Flufnir, F, shiny|364\/459 tox
|-start|p1a: Marshmallow|typechange|Normal\/Dragon|[silent]
|turn|61
|c|☆murderspiders|Skdjfjgkgk Poultergeist threw me there I so
|c|☆birdkeeper85|yeah haha
|c|☆murderspiders|thought that was your last
|
|t:|1622690317
|move|p1a: Marshmallow|Double-Edge|p2a: Stool
|-damage|p2a: Stool|47\/100
|-damage|p1a: Marshmallow|288\/459 tox|[from] item: Rocky Helmet|[of] p2a: Stool
|-damage|p1a: Marshmallow|252\/459 tox|[from] Recoil
|move|p2a: Stool|Nasty Plot|p2a: Stool
|-boost|p2a: Stool|spa|2
|
|-damage|p1a: Marshmallow|224\/459 tox|[from] psn
|upkeep
|turn|62
|c|☆birdkeeper85|BOY you dont take damage 
|
|t:|1622690329
|move|p1a: Marshmallow|Roost|p1a: Marshmallow
|-heal|p1a: Marshmallow|454\/459 tox
|-singleturn|p1a: Marshmallow|move: Roost
|move|p2a: Stool|Recover|p2a: Stool
|-heal|p2a: Stool|97\/100
|
|-damage|p1a: Marshmallow|398\/459 tox|[from] psn
|upkeep
|turn|63
|c|☆birdkeeper85|oh thts why poultergeist didnt kill too i completely forgot
|c|☆murderspiders|okay despite all of the reasons this should not have happened
|c|☆murderspiders|I will appreciate the opportunity for Stool to do his thing one time
|c|☆murderspiders|Yeah :'D
|
|t:|1622690360
|move|p1a: Marshmallow|Breaking Swipe|p2a: Stool
|-damage|p2a: Stool|82\/100
|-unboost|p2a: Stool|atk|1
|-damage|p1a: Marshmallow|322\/459 tox|[from] item: Rocky Helmet|[of] p2a: Stool
|move|p2a: Stool|Flamethrower|p1a: Marshmallow
|-resisted|p1a: Marshmallow
|-damage|p1a: Marshmallow|84\/459 tox
|
|-damage|p1a: Marshmallow|0 fnt|[from] psn
|faint|p1a: Marshmallow
|
|win|murderspiders
|upkeep
|c|☆birdkeeper85|ggs ! 
|c|☆murderspiders|Good game!!! Sorry for all of the, uh, everything
|c|☆birdkeeper85|pff 
|c|☆murderspiders|Poultergeist bugs included OTL
|c|☆murderspiders|You earned those boots,,,
|c|☆birdkeeper85|heheheh</script>
</div>
<div class="battle-log battle-log-inline"><div class="inner"><div class="battle-options"><div style="padding-top: 3px; padding-right: 3px; text-align: right"><button class="icon button" name="openBattleOptions" title="Options">Battle Options</button></div></div><div class="inner message-log"><div class="chat"><div class="broadcast-red"><strong>This battle is invite-only!</strong><br>Users must be invited with <code>/invite</code> (or be staff) to join</div></div><div class="chat"><small>☆birdkeeper85 and ☆murderspiders joined</small></div><div class=""><small>Format:</small> <br><strong>[Gen 8] Conniecord Draft League</strong></div><div class=""><small><em>HP Percentage Mod:</em> HP is shown in percentages</small></div><div class=""><small><em>Endless Battle Clause:</em> Forcing endless battles is banned</small></div><div class=""><small><em>OHKO Clause:</em> OHKO moves are banned</small></div><div class=""><small><em>Evasion Moves Clause:</em> Evasion moves are banned</small></div><div class=""><small><em>Species Clause:</em> Limit one of each Pokémon (not counting forms)</small></div><div class=""><small><em>Dynamax Clause:</em> You cannot dynamax</small></div><div class=""><small><em>Sleep Clause Mod:</em> Limit one foe put to sleep</small></div><div class=""><small><em>Z-Move Clause:</em> Z-Moves are banned</small></div><div class="chat battle-history"><strong>birdkeeper85's team:</strong> <em style="color:#445566;display:block;">Flufnir / Lumineon-Alola / Cobroom / Dracalloy / Poultergeist / Buzzstacian</em></div><div class="chat battle-history"><strong>murderspiders's team:</strong> <em style="color:#445566;display:block;">Araquanid / Toxitoad / Surge / Tornadus-Therian / Umbreon / Runerigus</em></div><div class="spacer battle-history"><br></div><div class="battle-history">Battle started between birdkeeper85 and murderspiders!<br></div><div class="spacer battle-history"><br></div><div class="battle-history">Go! <strong>Poultergeist</strong>!<br></div><div class="spacer battle-history"><br></div><div class="battle-history">murderspiders sent out Yew (<strong>Runerigus</strong>)!<br></div><div class="chat"><ul class="utilichart"><li class="result"><span class="col pokemonnamecol" style="white-space: nowrap">Poultergeist</span> <span class="col typecol"><img src="https://play.pokemonshowdown.com/sprites/types/Fire.png" alt="Fire" height="14" width="32"><img src="https://play.pokemonshowdown.com/sprites/types/Flying.png" alt="Flying" height="14" width="32"></span> <span style="float: left ; min-height: 26px"><span class="col abilitycol">Chicken Out</span><span class="col abilitycol"></span></span></li><li style="clear: both"></li></ul></div><div class="chat"><ul class="utilichart"><li class="result"><span style="float: left ; min-height: 26px"><span class="col statcol"><em>HP</em><br>105</span> <span class="col statcol"><em>Atk</em><br>65</span> <span class="col statcol"><em>Def</em><br>85</span> <span class="col statcol"><em>SpA</em><br>105</span> <span class="col statcol"><em>SpD</em><br>85</span> <span class="col statcol"><em>Spe</em><br>73</span> </span></li><li style="clear: both"></li></ul></div><div class="spacer battle-history"><br></div><h2 class="battle-history">Turn 1</h2><div class="chat chatmessage-murderspiders"><strong style="color:#0f9dd1"><small>☆</small><span class="username" data-name="murderspiders">murderspiders</span>:</strong> <em>Okay</em></div><div class="chat chatmessage-murderspiders"><strong style="color:#0f9dd1"><small>☆</small><span class="username" data-name="murderspiders">murderspiders</span>:</strong> <em>Hm.</em></div><div class="spacer battle-history"><br></div><div class="battle-history">murderspiders withdrew Yew!<br></div><div class="battle-history">murderspiders sent out Lemon (<strong>Surge</strong>)!<br></div><div class="chat"><ul class="utilichart"><li class="result"><span class="col pokemonnamecol" style="white-space: nowrap">Surge</span> <span class="col typecol"><img src="https://play.pokemonshowdown.com/sprites/types/Electric.png" alt="Electric" height="14" width="32"><img src="https://play.pokemonshowdown.com/sprites/types/Steel.png" alt="Steel" height="14" width="32"></span> <span style="float: left ; min-height: 26px"><span class="col abilitycol">Water Absorb / Volt Absorb / Heavy Metal</span><span class="col abilitycol"></span></span></li><li style="clear: both"></li></ul></div><div class="chat"><ul class="utilichart"><li class="result"><span style="float: left ; min-height: 26px"><span class="col statcol"><em>HP</em><br>100</span> <span class="col statcol"><em>Atk</em><br>50</span> <span class="col statcol"><em>Def</em><br>70</span> <span class="col statcol"><em>SpA</em><br>100</span> <span class="col statcol"><em>SpD</em><br>70</span> <span class="col statcol"><em>Spe</em><br>60</span> </span></li><li style="clear: both"></li></ul></div><div class="spacer battle-history"><br></div><div class="battle-history">Poultergeist used <strong>Mind Blown</strong>!<br></div><div class="battle-history"><small>It's super effective!</small><br></div><div class="battle-history"><small>(The opposing Lemon lost 100% of its health!)</small><br></div><div class="battle-history"><small>(Poultergeist cut its own HP to power up its move!)</small><br></div><div class="spacer battle-history"><br></div><div class="battle-history">The opposing Lemon fainted!<br></div><div class="chat chatmessage-birdkeeper85 mine"><strong style="color:#c75b29"><small>☆</small><span class="username" data-name="birdkeeper85">birdkeeper85</span>:</strong> <em>oh </em></div><div class="chat chatmessage-murderspiders"><strong style="color:#0f9dd1"><small>☆</small><span class="username" data-name="murderspiders">murderspiders</span>:</strong> <em>No okay</em></div><div class="chat chatmessage-birdkeeper85 mine"><strong style="color:#c75b29"><small>☆</small><span class="username" data-name="birdkeeper85">birdkeeper85</span>:</strong> <em>surge im so sorry</em></div><div class="chat chatmessage-murderspiders"><strong style="color:#0f9dd1"><small>☆</small><span class="username" data-name="murderspiders">murderspiders</span>:</strong> <em>RIP</em></div><div class="spacer battle-history"><br></div><div class="battle-history">murderspiders sent out Hyacinth (<strong>Tornadus-Therian</strong>)!<br></div><div class="spacer battle-history"><br></div><h2 class="battle-history">Turn 2</h2><div class="chat chatmessage-birdkeeper85 mine"><strong style="color:#c75b29"><small>☆</small><span class="username" data-name="birdkeeper85">birdkeeper85</span>:</strong> <em>surges time will come i believe</em></div><div class="spacer battle-history"><br></div><div class="battle-history">Poultergeist, come back!<br></div><div class="battle-history">Go! Cordoza (<strong>Lumineon-Alola</strong>)!<br></div><div class="chat"><ul class="utilichart"><li class="result"><span class="col pokemonnamecol" style="white-space: nowrap">Lumineon-Alola</span> <span class="col typecol"><img src="https://play.pokemonshowdown.com/sprites/types/Water.png" alt="Water" height="14" width="32"><img src="https://play.pokemonshowdown.com/sprites/types/Fairy.png" alt="Fairy" height="14" width="32"></span> <span style="float: left ; min-height: 26px"><span class="col abilitycol">Swift Swim / Storm Drain / Pastel Veil</span><span class="col abilitycol"></span></span></li><li style="clear: both"></li></ul></div><div class="chat"><ul class="utilichart"><li class="result"><span style="float: left ; min-height: 26px"><span class="col statcol"><em>HP</em><br>69</span> <span class="col statcol"><em>Atk</em><br>69</span> <span class="col statcol"><em>Def</em><br>76</span> <span class="col statcol"><em>SpA</em><br>69</span> <span class="col statcol"><em>SpD</em><br>86</span> <span class="col statcol"><em>Spe</em><br>91</span> </span></li><li style="clear: both"></li></ul></div><div class="spacer battle-history"><br></div><div class="battle-history">The opposing Hyacinth used <strong>Knock Off</strong>!<br></div><div class="battle-history"><small>It's not very effective...</small><br></div><div class="battle-history"><small>(Cordoza lost <abbr title="−40/279">14.3%</abbr> of its health!)</small><br></div><div class="battle-history"><small>The opposing Hyacinth knocked off Cordoza's Kee Berry!</small><br></div><div class="spacer battle-history"><br></div><h2 class="battle-history">Turn 3</h2><div class="chat chatmessage-birdkeeper85 mine"><strong style="color:#c75b29"><small>☆</small><span class="username" data-name="birdkeeper85">birdkeeper85</span>:</strong> <em>god i hate that interaction </em></div><div class="spacer battle-history"><br></div><div class="battle-history">The opposing Hyacinth used <strong>Taunt</strong>!<br></div><div class="battle-history"><small>Cordoza fell for the taunt!</small><br></div><div class="spacer battle-history"><br></div><div class="battle-history">Cordoza can't use Quiver Dance after the taunt!<br></div><div class="spacer battle-history"><br></div><h2 class="battle-history">Turn 4</h2><div class="chat chatmessage-birdkeeper85 mine"><strong style="color:#c75b29"><small>☆</small><span class="username" data-name="birdkeeper85">birdkeeper85</span>:</strong> <em>rude</em></div><div class="spacer battle-history"><br></div><div class="battle-history">The opposing Hyacinth used <strong>Hurricane</strong>!<br></div><div class="battle-history"><small>(Cordoza lost <abbr title="−124/279">44.4%</abbr> of its health!)</small><br></div><div class="spacer battle-history"><br></div><div class="battle-history">Cordoza used <strong>Draining Kiss</strong>!<br></div><div class="battle-history"><small>(The opposing Hyacinth lost 14% of its health!)</small><br></div><div class="battle-history"><small>The opposing Hyacinth had its energy drained!</small><br></div><div class="battle-history"><small>Cordoza was hurt by the Rocky Helmet!</small><br></div><div class="spacer battle-history"><br></div><h2 class="battle-history">Turn 5</h2><div class="chat chatmessage-birdkeeper85 mine"><strong style="color:#c75b29"><small>☆</small><span class="username" data-name="birdkeeper85">birdkeeper85</span>:</strong> <em>mk</em></div><div class="chat chatmessage-birdkeeper85 mine"><strong style="color:#c75b29"><small>☆</small><span class="username" data-name="birdkeeper85">birdkeeper85</span>:</strong> <em>maybe spa and spd not spd and spe then.</em></div><div class="chat chatmessage-murderspiders"><strong style="color:#0f9dd1"><small>☆</small><span class="username" data-name="murderspiders">murderspiders</span>:</strong> <em>Maybe</em></div><div class="spacer battle-history"><br></div><div class="battle-history">Cordoza, come back!<br></div><div class="battle-history">Go! <strong>Dracalloy</strong>!<br></div><div class="chat"><ul class="utilichart"><li class="result"><span class="col pokemonnamecol" style="white-space: nowrap">Dracalloy</span> <span class="col typecol"><img src="https://play.pokemonshowdown.com/sprites/types/Steel.png" alt="Steel" height="14" width="32"><img src="https://play.pokemonshowdown.com/sprites/types/Dragon.png" alt="Dragon" height="14" width="32"></span> <span style="float: left ; min-height: 26px"><span class="col abilitycol">Levitate / Lightning Rod</span><span class="col abilitycol"></span></span></li><li style="clear: both"></li></ul></div><div class="chat"><ul class="utilichart"><li class="result"><span style="float: left ; min-height: 26px"><span class="col statcol"><em>HP</em><br>96</span> <span class="col statcol"><em>Atk</em><br>115</span> <span class="col statcol"><em>Def</em><br>85</span> <span class="col statcol"><em>SpA</em><br>75</span> <span class="col statcol"><em>SpD</em><br>110</span> <span class="col statcol"><em>Spe</em><br>84</span> </span></li><li style="clear: both"></li></ul></div><div class="spacer battle-history"><br></div><div class="battle-history">The opposing Hyacinth used <strong>Hurricane</strong>!<br></div><div class="battle-history"><small>Dracalloy avoided the attack!</small><br></div><div class="spacer battle-history"><br></div><h2 class="battle-history">Turn 6</h2><div class="spacer battle-history"><br></div><div class="battle-history">The opposing Hyacinth used <strong>Taunt</strong>!<br></div><div class="battle-history"><small>Dracalloy fell for the taunt!</small><br></div><div class="spacer battle-history"><br></div><div class="battle-history">Dracalloy can't use Hone Claws after the taunt!<br></div><div class="spacer battle-history"><br></div><h2 class="battle-history">Turn 7</h2><div class="chat chatmessage-birdkeeper85 mine"><strong style="color:#c75b29"><small>☆</small><span class="username" data-name="birdkeeper85">birdkeeper85</span>:</strong> <em>ffs </em></div><div class="spacer battle-history"><br></div><div class="battle-history">The opposing Hyacinth used <strong>Knock Off</strong>!<br></div><div class="battle-history"><small>(Dracalloy lost <abbr title="−79/333">23.7%</abbr> of its health!)</small><br></div><div class="battle-history"><small>The opposing Hyacinth knocked off Dracalloy's Leftovers!</small><br></div><div class="spacer battle-history"><br></div><div class="battle-history">Dracalloy used <strong>Iron Head</strong>!<br></div><div class="battle-history"><small>(The opposing Hyacinth lost 47% of its health!)</small><br></div><div class="battle-history"><small>Dracalloy was hurt by the Rocky Helmet!</small><br></div><div class="spacer battle-history"><br></div><h2 class="battle-history">Turn 8</h2><div class="chat chatmessage-murderspiders"><strong style="color:#0f9dd1"><small>☆</small><span class="username" data-name="murderspiders">murderspiders</span>:</strong> <em>Owfffair</em></div><div class="spacer battle-history"><br></div><div class="battle-history">The opposing Hyacinth used <strong>U-turn</strong>!<br></div><div class="battle-history"><small>It's not very effective...</small><br></div><div class="battle-history"><small>(Dracalloy lost <abbr title="−29/333">8.7%</abbr> of its health!)</small><br></div><div class="spacer battle-history"><br></div><div class="battle-history">The opposing Hyacinth went back to murderspiders!<br></div><div class="battle-history">murderspiders sent out Stool (<strong>Toxitoad</strong>)!<br></div><div class="chat"><ul class="utilichart"><li class="result"><span class="col pokemonnamecol" style="white-space: nowrap">Toxitoad</span> <span class="col typecol"><img src="https://play.pokemonshowdown.com/sprites/types/Poison.png" alt="Poison" height="14" width="32"></span> <span style="float: left ; min-height: 26px"><span class="col abilitycol">Clear Body / Saturation / Filter</span><span class="col abilitycol"></span></span></li><li style="clear: both"></li></ul></div><div class="chat"><ul class="utilichart"><li class="result"><span style="float: left ; min-height: 26px"><span class="col statcol"><em>HP</em><br>105</span> <span class="col statcol"><em>Atk</em><br>55</span> <span class="col statcol"><em>Def</em><br>55</span> <span class="col statcol"><em>SpA</em><br>105</span> <span class="col statcol"><em>SpD</em><br>77</span> <span class="col statcol"><em>Spe</em><br>77</span> </span></li><li style="clear: both"></li></ul></div><div class="spacer battle-history"><br></div><div class="battle-history">Dracalloy used <strong>Scale Shot</strong>!<br></div><div class="battle-history"><small>(The opposing Stool lost 11% of its health!)</small><br></div><div class="battle-history"><small>(The opposing Stool lost 11% of its health!)</small><br></div><div class="battle-history"><small>(The opposing Stool lost 11% of its health!)</small><br></div><div class="battle-history"><small>The Pokémon was hit 3 times!</small><br></div><div class="battle-history"><small>Dracalloy's Defense fell!</small><br></div><div class="battle-history"><small>Dracalloy's Speed rose!</small><br></div><div class="spacer battle-history"><br></div><div class="battle-history"><small>Dracalloy shook off the taunt!</small><br></div><div class="spacer battle-history"><br></div><h2 class="battle-history">Turn 9</h2><div class="chat chatmessage-birdkeeper85 mine"><strong style="color:#c75b29"><small>☆</small><span class="username" data-name="birdkeeper85">birdkeeper85</span>:</strong> <em>i forgot to fix cobrooms item im a genius</em></div><div class="chat chatmessage-murderspiders"><strong style="color:#0f9dd1"><small>☆</small><span class="username" data-name="murderspiders">murderspiders</span>:</strong> <em>PF</em></div><div class="spacer battle-history"><br></div><div class="battle-history">Dracalloy, come back!<br></div><div class="battle-history">Go! <strong>Poultergeist</strong>!<br></div><div class="spacer battle-history"><br></div><div class="battle-history">murderspiders withdrew Stool!<br></div><div class="battle-history">murderspiders sent out Yew (<strong>Runerigus</strong>)!<br></div><div class="spacer battle-history"><br></div><h2 class="battle-history">Turn 10</h2><div class="spacer battle-history"><br></div><div class="battle-history">Poultergeist used <strong>Pain Split</strong>!<br></div><div class="battle-history"><small>The battlers shared their pain!</small><br></div><div class="spacer battle-history"><br></div><div class="battle-history">The opposing Yew used <strong>Toxic Spikes</strong>!<br></div><div class="battle-history"><small>Poison spikes were scattered on the ground all around your team!</small><br></div><div class="spacer battle-history"><br></div><div class="battle-history"><small>The opposing Yew restored a little HP using its Leftovers!</small><br></div><div class="spacer battle-history"><br></div><h2 class="battle-history">Turn 11</h2><div class="spacer battle-history"><br></div><div class="battle-history">Poultergeist, come back!<br></div><div class="battle-history">Go! Cordoza (<strong>Lumineon-Alola</strong>)!<br></div><div class="spacer battle-history"><br></div><div class="battle-history">The opposing Yew used <strong>Iron Defense</strong>!<br></div><div class="battle-history"><small>The opposing Yew's Defense rose sharply!</small><br></div><div class="spacer battle-history"><br></div><div class="battle-history"><small>The opposing Yew restored a little HP using its Leftovers!</small><br></div><div class="spacer battle-history"><br></div><h2 class="battle-history">Turn 12</h2><div class="spacer battle-history"><br></div><div class="battle-history">Cordoza used <strong>Quiver Dance</strong>!<br></div><div class="battle-history"><small>Cordoza's Sp. Atk rose!</small><br></div><div class="battle-history"><small>Cordoza's Sp. Def rose!</small><br></div><div class="battle-history"><small>Cordoza's Speed rose!</small><br></div><div class="spacer battle-history"><br></div><div class="battle-history">The opposing Yew used <strong>Body Press</strong>!<br></div><div class="battle-history"><small>It's not very effective...</small><br></div><div class="battle-history"><small>(Cordoza lost <abbr title="−108/279">38.7%</abbr> of its health!)</small><br></div><div class="spacer battle-history"><br></div><div class="battle-history">Cordoza fainted!<br></div><div class="spacer battle-history"><br></div><div class="battle-history"><small>The opposing Yew restored a little HP using its Leftovers!</small><br></div><div class="chat chatmessage-birdkeeper85 mine"><strong style="color:#c75b29"><small>☆</small><span class="username" data-name="birdkeeper85">birdkeeper85</span>:</strong> <em>): </em></div><div class="spacer battle-history"><br></div><div class="battle-history">Go! <strong>Cobroom</strong>!<br></div><div class="chat"><ul class="utilichart"><li class="result"><span class="col pokemonnamecol" style="white-space: nowrap">Cobroom</span> <span class="col typecol"><img src="https://play.pokemonshowdown.com/sprites/types/Poison.png" alt="Poison" height="14" width="32"><img src="https://play.pokemonshowdown.com/sprites/types/Fairy.png" alt="Fairy" height="14" width="32"></span> <span style="float: left ; min-height: 26px"><span class="col abilitycol">Arcane Switch</span><span class="col abilitycol"></span></span></li><li style="clear: both"></li></ul></div><div class="chat"><ul class="utilichart"><li class="result"><span style="float: left ; min-height: 26px"><span class="col statcol"><em>HP</em><br>75</span> <span class="col statcol"><em>Atk</em><br>65</span> <span class="col statcol"><em>Def</em><br>115</span> <span class="col statcol"><em>SpA</em><br>65</span> <span class="col statcol"><em>SpD</em><br>115</span> <span class="col statcol"><em>Spe</em><br>60</span> </span></li><li style="clear: both"></li></ul></div><div class="battle-history"><small>The poison spikes disappeared from the ground around your team!</small><br></div><div class="spacer battle-history"><br></div><h2 class="battle-history">Turn 13</h2><div class="chat chatmessage-murderspiders"><strong style="color:#0f9dd1"><small>☆</small><span class="username" data-name="murderspiders">murderspiders</span>:</strong> <em>I'msorry</em></div><div class="chat chatmessage-murderspiders"><strong style="color:#0f9dd1"><small>☆</small><span class="username" data-name="murderspiders">murderspiders</span>:</strong> <em>Why do I have 720 Defense after one setup move why is that allowed</em></div><div class="spacer battle-history"><br></div><div class="battle-history">[Cobroom's Arcane Switch]<br></div><div class="spacer battle-history"><br></div><div class="battle-history">Cobroom used <strong>Sucker Punch</strong>!<br></div><div class="battle-history"><small>It's super effective!</small><br></div><div class="battle-history"><small>(The opposing Yew lost 28% of its health!)</small><br></div><div class="spacer battle-history"><br></div><div class="battle-history">The opposing Yew used <strong>Body Press</strong>!<br></div><div class="battle-history"><small>(Cobroom lost <abbr title="−284/354">80.2%</abbr> of its health!)</small><br></div><div class="spacer battle-history"><br></div><div class="battle-history"><small>Cobroom was hurt by its Black Sludge!</small><br></div><div class="battle-history"><small>The opposing Yew restored a little HP using its Leftovers!</small><br></div><div class="spacer battle-history"><br></div><h2 class="battle-history">Turn 14</h2><div class="chat chatmessage-birdkeeper85 mine"><strong style="color:#c75b29"><small>☆</small><span class="username" data-name="birdkeeper85">birdkeeper85</span>:</strong> <em>runerigus is kind of nuts </em></div><div class="chat chatmessage-birdkeeper85 mine"><strong style="color:#c75b29"><small>☆</small><span class="username" data-name="birdkeeper85">birdkeeper85</span>:</strong> <em>ah that didnt do shit huh</em></div><div class="chat chatmessage-murderspiders"><strong style="color:#0f9dd1"><small>☆</small><span class="username" data-name="murderspiders">murderspiders</span>:</strong> <em>YEAH,,</em></div><div class="spacer battle-history"><br></div><div class="battle-history">[Cobroom's Arcane Switch]<br></div><div class="spacer battle-history"><br></div><div class="battle-history">Cobroom used <strong>Baneful Bunker</strong>!<br></div><div class="battle-history"><small>Cobroom protected itself!</small><br></div><div class="spacer battle-history"><br></div><div class="battle-history">The opposing Yew used <strong>Poltergeist</strong>!<br></div><div class="battle-history"><small>Cobroom protected itself!</small><br></div><div class="spacer battle-history"><br></div><div class="battle-history"><small>Cobroom restored a little HP using its Black Sludge!</small><br></div><div class="battle-history"><small>The opposing Yew restored a little HP using its Leftovers!</small><br></div><div class="spacer battle-history"><br></div><h2 class="battle-history">Turn 15</h2><div class="chat chatmessage-birdkeeper85 mine"><strong style="color:#c75b29"><small>☆</small><span class="username" data-name="birdkeeper85">birdkeeper85</span>:</strong> <em>coward</em></div><div class="chat chatmessage-murderspiders"><strong style="color:#0f9dd1"><small>☆</small><span class="username" data-name="murderspiders">murderspiders</span>:</strong> <em>sorry :c</em></div><div class="spacer battle-history"><br></div><div class="battle-history">Cobroom, come back!<br></div><div class="battle-history">Go! <strong>Dracalloy</strong>!<br></div><div class="spacer battle-history"><br></div><div class="battle-history">The opposing Yew used <strong>Body Press</strong>!<br></div><div class="battle-history"><small>It's super effective!</small><br></div><div class="battle-history"><small>A critical hit!</small><br></div><div class="battle-history"><small>(Dracalloy lost <abbr title="−170/333">51.1%</abbr> of its health!)</small><br></div><div class="spacer battle-history"><br></div><div class="battle-history">Dracalloy fainted!<br></div><div class="spacer battle-history"><br></div><div class="battle-history"><small>The opposing Yew restored a little HP using its Leftovers!</small><br></div><div class="chat chatmessage-birdkeeper85 mine"><strong style="color:#c75b29"><small>☆</small><span class="username" data-name="birdkeeper85">birdkeeper85</span>:</strong> <em>jksdhfskdf</em></div><div class="chat chatmessage-birdkeeper85 mine"><strong style="color:#c75b29"><small>☆</small><span class="username" data-name="birdkeeper85">birdkeeper85</span>:</strong> <em>k</em></div><div class="chat chatmessage-murderspiders"><strong style="color:#0f9dd1"><small>☆</small><span class="username" data-name="murderspiders">murderspiders</span>:</strong> <em>W h e w</em></div><div class="chat chatmessage-birdkeeper85 mine"><strong style="color:#c75b29"><small>☆</small><span class="username" data-name="birdkeeper85">birdkeeper85</span>:</strong> <em>just not enough of a gamer :pensive: </em></div><div class="chat chatmessage-murderspiders"><strong style="color:#0f9dd1"><small>☆</small><span class="username" data-name="murderspiders">murderspiders</span>:</strong> <em>Okay to be fair the crit there did not matter based on past matches</em></div><div class="chat chatmessage-murderspiders"><strong style="color:#0f9dd1"><small>☆</small><span class="username" data-name="murderspiders">murderspiders</span>:</strong> <em>but also</em></div><div class="spacer battle-history"><br></div><div class="battle-history">Go! <strong>Buzzstacian</strong>!<br></div><div class="chat"><ul class="utilichart"><li class="result"><span class="col pokemonnamecol" style="white-space: nowrap">Buzzstacian</span> <span class="col typecol"><img src="https://play.pokemonshowdown.com/sprites/types/Grass.png" alt="Grass" height="14" width="32"><img src="https://play.pokemonshowdown.com/sprites/types/Electric.png" alt="Electric" height="14" width="32"></span> <span style="float: left ; min-height: 26px"><span class="col abilitycol">Natural Cure / Leaf Guard / Marvel Scale</span><span class="col abilitycol"></span></span></li><li style="clear: both"></li></ul></div><div class="chat"><ul class="utilichart"><li class="result"><span style="float: left ; min-height: 26px"><span class="col statcol"><em>HP</em><br>117</span> <span class="col statcol"><em>Atk</em><br>49</span> <span class="col statcol"><em>Def</em><br>84</span> <span class="col statcol"><em>SpA</em><br>101</span> <span class="col statcol"><em>SpD</em><br>106</span> <span class="col statcol"><em>Spe</em><br>63</span> </span></li><li style="clear: both"></li></ul></div><div class="spacer battle-history"><br></div><h2 class="battle-history">Turn 16</h2><div class="chat chatmessage-murderspiders"><strong style="color:#0f9dd1"><small>☆</small><span class="username" data-name="murderspiders">murderspiders</span>:</strong> <em>w h e w</em></div><div class="spacer battle-history"><br></div><div class="battle-history">Buzzstacian used <strong>Leaf Storm</strong>!<br></div><div class="battle-history"><small>It's super effective!</small><br></div><div class="battle-history"><small>(The opposing Yew lost 79% of its health!)</small><br></div><div class="battle-history"><small>Buzzstacian's Sp. Atk fell harshly!</small><br></div><div class="battle-history"><small>(Buzzstacian used its Eject Pack!)</small><br></div><div class="chat chatmessage-murderspiders"><strong style="color:#0f9dd1"><small>☆</small><span class="username" data-name="murderspiders">murderspiders</span>:</strong> <em>WHEW</em></div><div class="spacer battle-history"><br></div><div class="battle-history">Buzzstacian, come back!<br></div><div class="battle-history">Go! <strong>Poultergeist</strong>!<br></div><div class="spacer battle-history"><br></div><div class="battle-history">The opposing Yew used <strong>Toxic Spikes</strong>!<br></div><div class="battle-history"><small>Poison spikes were scattered on the ground all around your team!</small><br></div><div class="spacer battle-history"><br></div><div class="battle-history"><small>The opposing Yew restored a little HP using its Leftovers!</small><br></div><div class="spacer battle-history"><br></div><h2 class="battle-history">Turn 17</h2><div class="chat chatmessage-murderspiders"><strong style="color:#0f9dd1"><small>☆</small><span class="username" data-name="murderspiders">murderspiders</span>:</strong> <em>that truly had no right to pay off but</em></div><div class="spacer battle-history"><br></div><div class="battle-history">murderspiders withdrew Yew!<br></div><div class="battle-history">murderspiders sent out Sundrop (<strong>Umbreon</strong>)!<br></div><div class="spacer battle-history"><br></div><div class="battle-history">Poultergeist used <strong>Trick</strong>!<br></div><div class="battle-history"><small>Poultergeist switched items with its target!</small><br></div><div class="battle-history"><small>The opposing Sundrop obtained one Choice Scarf.</small><br></div><div class="battle-history"><small>Poultergeist obtained one Leftovers.</small><br></div><div class="spacer battle-history"><br></div><div class="battle-history"><small>Poultergeist restored a little HP using its Leftovers!</small><br></div><div class="spacer battle-history"><br></div><h2 class="battle-history">Turn 18</h2><div class="spacer battle-history"><br></div><div class="battle-history">Poultergeist, come back!<br></div><div class="battle-history">Go! <strong>Cobroom</strong>!<br></div><div class="battle-history"><small>The poison spikes disappeared from the ground around your team!</small><br></div><div class="spacer battle-history"><br></div><div class="battle-history">The opposing Sundrop used <strong>Wish</strong>!<br></div><div class="spacer battle-history"><br></div><div class="battle-history"><small>Cobroom restored a little HP using its Black Sludge!</small><br></div><div class="spacer battle-history"><br></div><h2 class="battle-history">Turn 19</h2><div class="spacer battle-history"><br></div><div class="battle-history">murderspiders withdrew Sundrop!<br></div><div class="battle-history">murderspiders sent out Yew (<strong>Runerigus</strong>)!<br></div><div class="spacer battle-history"><br></div><div class="battle-history">Cobroom, come back!<br></div><div class="battle-history">Go! Marshmallow (<strong>Flufnir</strong>)!<br></div><div class="chat"><ul class="utilichart"><li class="result"><span class="col pokemonnamecol" style="white-space: nowrap">Flufnir</span> <span class="col typecol"><img src="https://play.pokemonshowdown.com/sprites/types/Normal.png" alt="Normal" height="14" width="32"><img src="https://play.pokemonshowdown.com/sprites/types/Dragon.png" alt="Dragon" height="14" width="32"></span> <span style="float: left ; min-height: 26px"><span class="col abilitycol">Fluffy / Hustle / Natural Cure</span><span class="col abilitycol"></span></span></li><li style="clear: both"></li></ul></div><div class="chat"><ul class="utilichart"><li class="result"><span style="float: left ; min-height: 26px"><span class="col statcol"><em>HP</em><br>128</span> <span class="col statcol"><em>Atk</em><br>136</span> <span class="col statcol"><em>Def</em><br>64</span> <span class="col statcol"><em>SpA</em><br>80</span> <span class="col statcol"><em>SpD</em><br>64</span> <span class="col statcol"><em>Spe</em><br>63</span> </span></li><li style="clear: both"></li></ul></div><div class="spacer battle-history"><br></div><div class="battle-history"><small>Sundrop's wish came true!</small><br></div><div class="battle-history"><small>The opposing Yew restored a little HP using its Leftovers!</small><br></div><div class="spacer battle-history"><br></div><h2 class="battle-history">Turn 20</h2><div class="spacer battle-history"><br></div><div class="battle-history">Marshmallow, come back!<br></div><div class="battle-history">Go! <strong>Poultergeist</strong>!<br></div><div class="spacer battle-history"><br></div><div class="battle-history">The opposing Yew used <strong>Iron Defense</strong>!<br></div><div class="battle-history"><small>The opposing Yew's Defense rose sharply!</small><br></div><div class="spacer battle-history"><br></div><div class="battle-history"><small>Poultergeist restored a little HP using its Leftovers!</small><br></div><div class="battle-history"><small>The opposing Yew restored a little HP using its Leftovers!</small><br></div><div class="spacer battle-history"><br></div><h2 class="battle-history">Turn 21</h2><div class="spacer battle-history"><br></div><div class="battle-history">murderspiders withdrew Yew!<br></div><div class="battle-history">murderspiders sent out Spilly (<strong>Araquanid</strong>)!<br></div><div class="spacer battle-history"><br></div><div class="battle-history">Poultergeist used <strong>Shadow Ball</strong>!<br></div><div class="battle-history"><small>(The opposing Spilly lost 21% of its health!)</small><br></div><div class="spacer battle-history"><br></div><div class="battle-history"><small>Poultergeist restored a little HP using its Leftovers!</small><br></div><div class="spacer battle-history"><br></div><h2 class="battle-history">Turn 22</h2><div class="spacer battle-history"><br></div><div class="battle-history">murderspiders withdrew Spilly!<br></div><div class="battle-history">murderspiders sent out Yew (<strong>Runerigus</strong>)!<br></div><div class="spacer battle-history"><br></div><div class="battle-history">Poultergeist used <strong>Trick</strong>!<br></div><div class="battle-history"><small>Poultergeist switched items with its target!</small><br></div><div class="battle-history"><small>The opposing Yew obtained one Leftovers.</small><br></div><div class="battle-history"><small>Poultergeist obtained one Leftovers.</small><br></div><div class="spacer battle-history"><br></div><div class="battle-history"><small>Poultergeist restored a little HP using its Leftovers!</small><br></div><div class="battle-history"><small>The opposing Yew restored a little HP using its Leftovers!</small><br></div><div class="spacer battle-history"><br></div><h2 class="battle-history">Turn 23</h2><div class="chat chatmessage-murderspiders"><strong style="color:#0f9dd1"><small>☆</small><span class="username" data-name="murderspiders">murderspiders</span>:</strong> <em>I</em></div><div class="chat chatmessage-birdkeeper85 mine"><strong style="color:#c75b29"><small>☆</small><span class="username" data-name="birdkeeper85">birdkeeper85</span>:</strong> <em>plbbb</em></div><div class="chat chatmessage-murderspiders"><strong style="color:#0f9dd1"><small>☆</small><span class="username" data-name="murderspiders">murderspiders</span>:</strong> <em>forgot you weren't Choiced</em></div><div class="chat chatmessage-murderspiders"><strong style="color:#0f9dd1"><small>☆</small><span class="username" data-name="murderspiders">murderspiders</span>:</strong> <em>so I thought</em></div><div class="chat chatmessage-birdkeeper85 mine"><strong style="color:#c75b29"><small>☆</small><span class="username" data-name="birdkeeper85">birdkeeper85</span>:</strong> <em>gimme ur shooooes</em></div><div class="chat chatmessage-murderspiders"><strong style="color:#0f9dd1"><small>☆</small><span class="username" data-name="murderspiders">murderspiders</span>:</strong> <em>"there's no way he stays in"</em></div><div class="chat chatmessage-murderspiders"><strong style="color:#0f9dd1"><small>☆</small><span class="username" data-name="murderspiders">murderspiders</span>:</strong> <em>so I</em></div><div class="chat chatmessage-murderspiders"><strong style="color:#0f9dd1"><small>☆</small><span class="username" data-name="murderspiders">murderspiders</span>:</strong> <em>okay.</em></div><div class="chat chatmessage-murderspiders"><strong style="color:#0f9dd1"><small>☆</small><span class="username" data-name="murderspiders">murderspiders</span>:</strong> <em>I'm dying</em></div><div class="spacer battle-history"><br></div><div class="battle-history">murderspiders withdrew Yew!<br></div><div class="battle-history">murderspiders sent out Sundrop (<strong>Umbreon</strong>)!<br></div><div class="spacer battle-history"><br></div><div class="battle-history">Poultergeist used <strong>Mind Blown</strong>!<br></div><div class="battle-history"><small>(The opposing Sundrop lost 33% of its health!)</small><br></div><div class="battle-history"><small>(Poultergeist cut its own HP to power up its move!)</small><br></div><div class="spacer battle-history"><br></div><div class="battle-history"><small>Poultergeist restored a little HP using its Leftovers!</small><br></div><div class="spacer battle-history"><br></div><h2 class="battle-history">Turn 24</h2><div class="spacer battle-history"><br></div><div class="battle-history">Poultergeist used <strong>Pain Split</strong>!<br></div><div class="battle-history"><small>The battlers shared their pain!</small><br></div><div class="spacer battle-history"><br></div><div class="battle-history">The opposing Sundrop used <strong>Wish</strong>!<br></div><div class="spacer battle-history"><br></div><div class="battle-history"><small>Poultergeist restored a little HP using its Leftovers!</small><br></div><div class="spacer battle-history"><br></div><h2 class="battle-history">Turn 25</h2><div class="spacer battle-history"><br></div><div class="battle-history">Poultergeist, come back!<br></div><div class="battle-history">Go! <strong>Buzzstacian</strong>!<br></div><div class="spacer battle-history"><br></div><div class="battle-history">The opposing Sundrop used <strong>Wish</strong>!<br></div><div class="battle-history"><small>But it failed!</small><br></div><div class="spacer battle-history"><br></div><div class="battle-history"><small>Sundrop's wish came true!</small><br></div><div class="spacer battle-history"><br></div><h2 class="battle-history">Turn 26</h2><div class="spacer battle-history"><br></div><div class="battle-history">murderspiders withdrew Sundrop!<br></div><div class="battle-history">murderspiders sent out Spilly (<strong>Araquanid</strong>)!<br></div><div class="spacer battle-history"><br></div><div class="battle-history">Buzzstacian used <strong>Wish</strong>!<br></div><div class="spacer battle-history"><br></div><h2 class="battle-history">Turn 27</h2><div class="spacer battle-history"><br></div><div class="battle-history">The opposing Spilly used <strong>Leech Life</strong>!<br></div><div class="battle-history"><small>It's super effective!</small><br></div><div class="battle-history"><small>(Buzzstacian lost <abbr title="−228/438">52.1%</abbr> of its health!)</small><br></div><div class="battle-history"><small>Buzzstacian had its energy drained!</small><br></div><div class="spacer battle-history"><br></div><div class="battle-history">Buzzstacian used <strong>Volt Switch</strong>!<br></div><div class="battle-history"><small>It's super effective!</small><br></div><div class="battle-history"><small>(The opposing Spilly lost 45% of its health!)</small><br></div><div class="chat chatmessage-murderspiders"><strong style="color:#0f9dd1"><small>☆</small><span class="username" data-name="murderspiders">murderspiders</span>:</strong> <em>Okay fair</em></div><div class="spacer battle-history"><br></div><div class="battle-history">Buzzstacian went back to birdkeeper85!<br></div><div class="battle-history">Go! <strong>Cobroom</strong>!<br></div><div class="spacer battle-history"><br></div><div class="battle-history"><small>Buzzstacian's wish came true!</small><br></div><div class="battle-history"><small>Cobroom restored a little HP using its Black Sludge!</small><br></div><div class="spacer battle-history"><br></div><h2 class="battle-history">Turn 28</h2><div class="spacer battle-history"><br></div><div class="battle-history">The opposing Spilly used <strong>Liquidation</strong>!<br></div><div class="battle-history"><small>(Cobroom lost <abbr title="−204/354">57.6%</abbr> of its health!)</small><br></div><div class="spacer battle-history"><br></div><div class="battle-history">Cobroom used <strong>Coil</strong>!<br></div><div class="battle-history"><small>Cobroom's Attack rose!</small><br></div><div class="battle-history"><small>Cobroom's Defense rose!</small><br></div><div class="battle-history"><small>Cobroom's accuracy rose!</small><br></div><div class="spacer battle-history"><br></div><div class="battle-history"><small>Cobroom restored a little HP using its Black Sludge!</small><br></div><div class="spacer battle-history"><br></div><h2 class="battle-history">Turn 29</h2><div class="chat chatmessage-birdkeeper85 mine"><strong style="color:#c75b29"><small>☆</small><span class="username" data-name="birdkeeper85">birdkeeper85</span>:</strong> <em>ow</em></div><div class="spacer battle-history"><br></div><div class="battle-history">Cobroom used <strong>Baneful Bunker</strong>!<br></div><div class="battle-history"><small>Cobroom protected itself!</small><br></div><div class="spacer battle-history"><br></div><div class="battle-history">The opposing Spilly used <strong>Toxic</strong>!<br></div><div class="battle-history"><small>Cobroom protected itself!</small><br></div><div class="spacer battle-history"><br></div><div class="battle-history"><small>Cobroom restored a little HP using its Black Sludge!</small><br></div><div class="spacer battle-history"><br></div><h2 class="battle-history">Turn 30</h2><div class="chat chatmessage-birdkeeper85 mine"><strong style="color:#c75b29"><small>☆</small><span class="username" data-name="birdkeeper85">birdkeeper85</span>:</strong> <em>pfff </em></div><div class="chat chatmessage-birdkeeper85 mine"><strong style="color:#c75b29"><small>☆</small><span class="username" data-name="birdkeeper85">birdkeeper85</span>:</strong> <em>fair</em></div><div class="chat chatmessage-murderspiders"><strong style="color:#0f9dd1"><small>☆</small><span class="username" data-name="murderspiders">murderspiders</span>:</strong> <em>that was going to be so funny I'm so mad</em></div><div class="chat chatmessage-birdkeeper85 mine"><strong style="color:#c75b29"><small>☆</small><span class="username" data-name="birdkeeper85">birdkeeper85</span>:</strong> <em>that was going to be so funny im sorry</em></div><div class="spacer battle-history"><br></div><div class="battle-history">The opposing Spilly used <strong>Toxic</strong>!<br></div><div class="battle-history"><small>It doesn't affect Cobroom...</small><br></div><div class="spacer battle-history"><br></div><div class="battle-history">Cobroom used <strong>Coil</strong>!<br></div><div class="battle-history"><small>Cobroom's Attack rose!</small><br></div><div class="battle-history"><small>Cobroom's Defense rose!</small><br></div><div class="battle-history"><small>Cobroom's accuracy rose!</small><br></div><div class="spacer battle-history"><br></div><div class="battle-history"><small>Cobroom restored a little HP using its Black Sludge!</small><br></div><div class="spacer battle-history"><br></div><h2 class="battle-history">Turn 31</h2><div class="spacer battle-history"><br></div><div class="battle-history">murderspiders withdrew Spilly!<br></div><div class="battle-history">murderspiders sent out Hyacinth (<strong>Tornadus-Therian</strong>)!<br></div><div class="battle-history">[Cobroom's Arcane Switch]<br></div><div class="spacer battle-history"><br></div><div class="battle-history">Cobroom used <strong>Sucker Punch</strong>!<br></div><div class="battle-history"><small>But it failed!</small><br></div><div class="spacer battle-history"><br></div><div class="battle-history"><small>Cobroom was hurt by its Black Sludge!</small><br></div><div class="spacer battle-history"><br></div><h2 class="battle-history">Turn 32</h2><div class="chat chatmessage-birdkeeper85 mine"><strong style="color:#c75b29"><small>☆</small><span class="username" data-name="birdkeeper85">birdkeeper85</span>:</strong> <em>piss</em></div><div class="spacer battle-history"><br></div><div class="battle-history">[Cobroom's Arcane Switch]<br></div><div class="spacer battle-history"><br></div><div class="battle-history">Cobroom used <strong>Baneful Bunker</strong>!<br></div><div class="battle-history"><small>Cobroom protected itself!</small><br></div><div class="spacer battle-history"><br></div><div class="battle-history">The opposing Hyacinth used <strong>Taunt</strong>!<br></div><div class="battle-history"><small>Cobroom protected itself!</small><br></div><div class="spacer battle-history"><br></div><div class="battle-history"><small>Cobroom restored a little HP using its Black Sludge!</small><br></div><div class="spacer battle-history"><br></div><h2 class="battle-history">Turn 33</h2><div class="spacer battle-history"><br></div><div class="battle-history">Cobroom, come back!<br></div><div class="battle-history">Go! <strong>Poultergeist</strong>!<br></div><div class="spacer battle-history"><br></div><div class="battle-history">The opposing Hyacinth used <strong>Taunt</strong>!<br></div><div class="battle-history"><small>Poultergeist fell for the taunt!</small><br></div><div class="spacer battle-history"><br></div><div class="battle-history"><small>Poultergeist restored a little HP using its Leftovers!</small><br></div><div class="spacer battle-history"><br></div><h2 class="battle-history">Turn 34</h2><div class="spacer battle-history"><br></div><div class="battle-history">The opposing Hyacinth used <strong>Knock Off</strong>!<br></div><div class="battle-history"><small>(Poultergeist lost <abbr title="−73/351">20.8%</abbr> of its health!)</small><br></div><div class="battle-history"><small>The opposing Hyacinth knocked off Poultergeist's Leftovers!</small><br></div><div class="spacer battle-history"><br></div><div class="battle-history">Poultergeist used <strong>Shadow Ball</strong>!<br></div><div class="battle-history"><small>(The opposing Hyacinth lost 23% of its health!)</small><br></div><div class="spacer battle-history"><br></div><h2 class="battle-history">Turn 35</h2><div class="spacer battle-history"><br></div><div class="battle-history">The opposing Hyacinth used <strong>Hurricane</strong>!<br></div><div class="battle-history"><small>Poultergeist avoided the attack!</small><br></div><div class="spacer battle-history"><br></div><div class="battle-history">Poultergeist used <strong>Shadow Ball</strong>!<br></div><div class="battle-history"><small>(The opposing Hyacinth lost 24% of its health!)</small><br></div><div class="battle-history"><small>The opposing Hyacinth's Sp. Def fell!</small><br></div><div class="spacer battle-history"><br></div><div class="battle-history"><small>Poultergeist shook off the taunt!</small><br></div><div class="spacer battle-history"><br></div><h2 class="battle-history">Turn 36</h2><div class="spacer battle-history"><br></div><div class="battle-history">The opposing Hyacinth used <strong>U-turn</strong>!<br></div><div class="battle-history"><small>It's not very effective...</small><br></div><div class="battle-history"><small>(Poultergeist lost <abbr title="−13/351">3.7%</abbr> of its health!)</small><br></div><div class="chat chatmessage-murderspiders"><strong style="color:#0f9dd1"><small>☆</small><span class="username" data-name="murderspiders">murderspiders</span>:</strong> <em>Dumb question was that the first time he missed Hurricane all night</em></div><div class="chat chatmessage-birdkeeper85 mine"><strong style="color:#c75b29"><small>☆</small><span class="username" data-name="birdkeeper85">birdkeeper85</span>:</strong> <em>i think not the first but one of them </em></div><div class="chat chatmessage-murderspiders"><strong style="color:#0f9dd1"><small>☆</small><span class="username" data-name="murderspiders">murderspiders</span>:</strong> <em>Fa ir</em></div><div class="chat chatmessage-birdkeeper85 mine"><strong style="color:#c75b29"><small>☆</small><span class="username" data-name="birdkeeper85">birdkeeper85</span>:</strong> <em>hes been on point though</em></div><div class="chat chatmessage-murderspiders"><strong style="color:#0f9dd1"><small>☆</small><span class="username" data-name="murderspiders">murderspiders</span>:</strong> <em>Yeah it's insane :'D</em></div><div class="spacer battle-history"><br></div><div class="battle-history">The opposing Hyacinth went back to murderspiders!<br></div><div class="battle-history">murderspiders sent out Sundrop (<strong>Umbreon</strong>)!<br></div><div class="spacer battle-history"><br></div><div class="battle-history">Poultergeist used <strong>Pain Split</strong>!<br></div><div class="battle-history"><small>The battlers shared their pain!</small><br></div><div class="spacer battle-history"><br></div><h2 class="battle-history">Turn 37</h2><div class="spacer battle-history"><br></div><div class="battle-history">Poultergeist, come back!<br></div><div class="battle-history">Go! <strong>Buzzstacian</strong>!<br></div><div class="spacer battle-history"><br></div><div class="battle-history">The opposing Sundrop used <strong>Wish</strong>!<br></div><div class="spacer battle-history"><br></div><h2 class="battle-history">Turn 38</h2><div class="spacer battle-history"><br></div><div class="battle-history">murderspiders withdrew Sundrop!<br></div><div class="battle-history">murderspiders sent out Spilly (<strong>Araquanid</strong>)!<br></div><div class="spacer battle-history"><br></div><div class="battle-history">Buzzstacian used <strong>Wish</strong>!<br></div><div class="spacer battle-history"><br></div><div class="battle-history"><small>Sundrop's wish came true!</small><br></div><div class="spacer battle-history"><br></div><h2 class="battle-history">Turn 39</h2><div class="spacer battle-history"><br></div><div class="battle-history">The opposing Spilly used <strong>Liquidation</strong>!<br></div><div class="battle-history"><small>It's not very effective...</small><br></div><div class="battle-history"><small>(Buzzstacian lost <abbr title="−131/438">29.9%</abbr> of its health!)</small><br></div><div class="spacer battle-history"><br></div><div class="battle-history">Buzzstacian used <strong>Leaf Storm</strong>!<br></div><div class="battle-history"><small>(The opposing Spilly lost 39% of its health!)</small><br></div><div class="battle-history"><small>Buzzstacian's Sp. Atk fell harshly!</small><br></div><div class="spacer battle-history"><br></div><div class="battle-history"><small>Buzzstacian's wish came true!</small><br></div><div class="spacer battle-history"><br></div><h2 class="battle-history">Turn 40</h2><div class="chat chatmessage-murderspiders"><strong style="color:#0f9dd1"><small>☆</small><span class="username" data-name="murderspiders">murderspiders</span>:</strong> <em>Fair okay</em></div><div class="spacer battle-history"><br></div><div class="battle-history">Buzzstacian, come back!<br></div><div class="battle-history">Go! Marshmallow (<strong>Flufnir</strong>)!<br></div><div class="spacer battle-history"><br></div><div class="battle-history">The opposing Spilly used <strong>Leech Life</strong>!<br></div><div class="battle-history"><small>(Marshmallow lost <abbr title="−74/459">16.1%</abbr> of its health!)</small><br></div><div class="battle-history"><small>Marshmallow had its energy drained!</small><br></div><div class="battle-history"><small>The opposing Spilly was hurt by the Rocky Helmet!</small><br></div><div class="spacer battle-history"><br></div><h2 class="battle-history">Turn 41</h2><div class="spacer battle-history"><br></div><div class="battle-history">murderspiders withdrew Spilly!<br></div><div class="battle-history">murderspiders sent out Yew (<strong>Runerigus</strong>)!<br></div><div class="spacer battle-history"><br></div><div class="battle-history">Marshmallow used <strong>Double-Edge</strong>!<br></div><div class="battle-history"><small>It doesn't affect the opposing Yew...</small><br></div><div class="spacer battle-history"><br></div><div class="battle-history"><small>The opposing Yew restored a little HP using its Leftovers!</small><br></div><div class="spacer battle-history"><br></div><h2 class="battle-history">Turn 42</h2><div class="chat chatmessage-birdkeeper85 mine"><strong style="color:#c75b29"><small>☆</small><span class="username" data-name="birdkeeper85">birdkeeper85</span>:</strong> <em>fair</em></div><div class="spacer battle-history"><br></div><div class="battle-history">Marshmallow, come back!<br></div><div class="battle-history">Go! <strong>Buzzstacian</strong>!<br></div><div class="spacer battle-history"><br></div><div class="battle-history">The opposing Yew used <strong>Toxic Spikes</strong>!<br></div><div class="battle-history"><small>Poison spikes were scattered on the ground all around your team!</small><br></div><div class="spacer battle-history"><br></div><div class="battle-history"><small>The opposing Yew restored a little HP using its Leftovers!</small><br></div><div class="spacer battle-history"><br></div><h2 class="battle-history">Turn 43</h2><div class="spacer battle-history"><br></div><div class="battle-history">murderspiders withdrew Yew!<br></div><div class="battle-history">murderspiders sent out Spilly (<strong>Araquanid</strong>)!<br></div><div class="spacer battle-history"><br></div><div class="battle-history">Buzzstacian used <strong>Wish</strong>!<br></div><div class="spacer battle-history"><br></div><h2 class="battle-history">Turn 44</h2><div class="spacer battle-history"><br></div><div class="battle-history">The opposing Spilly used <strong>Liquidation</strong>!<br></div><div class="battle-history"><small>It's not very effective...</small><br></div><div class="battle-history"><small>(Buzzstacian lost <abbr title="−120/438">27.4%</abbr> of its health!)</small><br></div><div class="spacer battle-history"><br></div><div class="battle-history">Buzzstacian used <strong>Leaf Storm</strong>!<br></div><div class="battle-history"><small>(The opposing Spilly lost 41% of its health!)</small><br></div><div class="battle-history"><small>Buzzstacian's Sp. Atk fell harshly!</small><br></div><div class="spacer battle-history"><br></div><div class="battle-history"><small>Buzzstacian's wish came true!</small><br></div><div class="spacer battle-history"><br></div><h2 class="battle-history">Turn 45</h2><div class="chat chatmessage-murderspiders"><strong style="color:#0f9dd1"><small>☆</small><span class="username" data-name="murderspiders">murderspiders</span>:</strong> <em>Okay</em></div><div class="spacer battle-history"><br></div><div class="battle-history">The opposing Spilly used <strong>Leech Life</strong>!<br></div><div class="battle-history"><small>It's super effective!</small><br></div><div class="battle-history"><small>(Buzzstacian lost <abbr title="−248/438">56.6%</abbr> of its health!)</small><br></div><div class="battle-history"><small>Buzzstacian had its energy drained!</small><br></div><div class="spacer battle-history"><br></div><div class="battle-history">Buzzstacian used <strong>Wish</strong>!<br></div><div class="spacer battle-history"><br></div><h2 class="battle-history">Turn 46</h2><div class="chat chatmessage-birdkeeper85 mine"><strong style="color:#c75b29"><small>☆</small><span class="username" data-name="birdkeeper85">birdkeeper85</span>:</strong> <em>ok i just lost all my progress i should not have stayed in,</em></div><div class="chat chatmessage-murderspiders"><strong style="color:#0f9dd1"><small>☆</small><span class="username" data-name="murderspiders">murderspiders</span>:</strong> <em>Oof fair</em></div><div class="spacer battle-history"><br></div><div class="battle-history">The opposing Spilly used <strong>Liquidation</strong>!<br></div><div class="battle-history"><small>It's not very effective...</small><br></div><div class="battle-history"><small>(Buzzstacian lost <abbr title="−137/438">31.3%</abbr> of its health!)</small><br></div><div class="spacer battle-history"><br></div><div class="battle-history">Buzzstacian used <strong>Volt Switch</strong>!<br></div><div class="battle-history"><small>It's super effective!</small><br></div><div class="battle-history"><small>(The opposing Spilly lost 21% of its health!)</small><br></div><div class="chat chatmessage-murderspiders"><strong style="color:#0f9dd1"><small>☆</small><span class="username" data-name="murderspiders">murderspiders</span>:</strong> <em>Skdjgjgkg okay</em></div><div class="chat chatmessage-birdkeeper85 mine"><strong style="color:#c75b29"><small>☆</small><span class="username" data-name="birdkeeper85">birdkeeper85</span>:</strong> <em>should stayed in then tho a</em></div><div class="spacer battle-history"><br></div><div class="battle-history">Buzzstacian went back to birdkeeper85!<br></div><div class="battle-history">Go! <strong>Cobroom</strong>!<br></div><div class="battle-history"><small>The poison spikes disappeared from the ground around your team!</small><br></div><div class="spacer battle-history"><br></div><div class="battle-history"><small>Buzzstacian's wish came true!</small><br></div><div class="spacer battle-history"><br></div><h2 class="battle-history">Turn 47</h2><div class="spacer battle-history"><br></div><div class="battle-history">murderspiders withdrew Spilly!<br></div><div class="battle-history">murderspiders sent out Sundrop (<strong>Umbreon</strong>)!<br></div><div class="spacer battle-history"><br></div><div class="battle-history">Cobroom used <strong>Baneful Bunker</strong>!<br></div><div class="battle-history"><small>But it failed!</small><br></div><div class="spacer battle-history"><br></div><h2 class="battle-history">Turn 48</h2><div class="spacer battle-history"><br></div><div class="battle-history">Cobroom, come back!<br></div><div class="battle-history">Go! <strong>Buzzstacian</strong>!<br></div><div class="spacer battle-history"><br></div><div class="battle-history">The opposing Sundrop used <strong>Wish</strong>!<br></div><div class="spacer battle-history"><br></div><h2 class="battle-history">Turn 49</h2><div class="spacer battle-history"><br></div><div class="battle-history">murderspiders withdrew Sundrop!<br></div><div class="battle-history">murderspiders sent out Spilly (<strong>Araquanid</strong>)!<br></div><div class="spacer battle-history"><br></div><div class="battle-history">Buzzstacian used <strong>Wish</strong>!<br></div><div class="spacer battle-history"><br></div><div class="battle-history"><small>Sundrop's wish came true!</small><br></div><div class="spacer battle-history"><br></div><h2 class="battle-history">Turn 50</h2><div class="chat chatmessage-murderspiders"><strong style="color:#0f9dd1"><small>☆</small><span class="username" data-name="murderspiders">murderspiders</span>:</strong> <em>AH one sec I will be right back</em></div><div class="chat chatmessage-birdkeeper85 mine"><strong style="color:#c75b29"><small>☆</small><span class="username" data-name="birdkeeper85">birdkeeper85</span>:</strong> <em>m</em></div><div class="chat chatmessage-murderspiders"><strong style="color:#0f9dd1"><small>☆</small><span class="username" data-name="murderspiders">murderspiders</span>:</strong> <em>Okay hi</em></div><div class="spacer battle-history"><br></div><div class="battle-history">Buzzstacian, come back!<br></div><div class="battle-history">Go! Marshmallow (<strong>Flufnir</strong>)!<br></div><div class="spacer battle-history"><br></div><div class="battle-history">The opposing Spilly used <strong>Liquidation</strong>!<br></div><div class="battle-history"><small>It's not very effective...</small><br></div><div class="battle-history"><small>(Marshmallow lost <abbr title="−78/459">17.0%</abbr> of its health!)</small><br></div><div class="battle-history"><small>The opposing Spilly was hurt by the Rocky Helmet!</small><br></div><div class="spacer battle-history"><br></div><div class="battle-history"><small>Buzzstacian's wish came true!</small><br></div><div class="spacer battle-history"><br></div><h2 class="battle-history">Turn 51</h2><div class="spacer battle-history"><br></div><div class="battle-history">Marshmallow, come back!<br></div><div class="battle-history">Go! <strong>Poultergeist</strong>!<br></div><div class="spacer battle-history"><br></div><div class="battle-history">The opposing Spilly used <strong>Toxic</strong>!<br></div><div class="battle-history"><small>Poultergeist was badly poisoned!</small><br></div><div class="spacer battle-history"><br></div><div class="battle-history"><small>Poultergeist was hurt by poison!</small><br></div><div class="spacer battle-history"><br></div><h2 class="battle-history">Turn 52</h2><div class="spacer battle-history"><br></div><div class="battle-history">Poultergeist used <strong>Trick</strong>!<br></div><div class="battle-history"><small>Poultergeist switched items with its target!</small><br></div><div class="battle-history"><small>Poultergeist obtained one Heavy-Duty Boots.</small><br></div><div class="spacer battle-history"><br></div><div class="battle-history">The opposing Spilly used <strong>Liquidation</strong>!<br></div><div class="battle-history"><small>It's super effective!</small><br></div><div class="battle-history"><small>(Poultergeist lost <abbr title="−263/351">74.9%</abbr> of its health!)</small><br></div><div class="spacer battle-history"><br></div><div class="battle-history">Poultergeist fainted!<br></div><div class="battle-history">[Poultergeist's Chicken Out]<br></div><div class="battle-history"><small>Poultergeist ran off somewhere...</small><br></div><div class="chat chatmessage-murderspiders"><strong style="color:#0f9dd1"><small>☆</small><span class="username" data-name="murderspiders">murderspiders</span>:</strong> <em>Regret probably</em></div><div class="chat chatmessage-birdkeeper85 mine"><strong style="color:#c75b29"><small>☆</small><span class="username" data-name="birdkeeper85">birdkeeper85</span>:</strong> <em>also regret but also i did it </em></div><div class="chat chatmessage-murderspiders"><strong style="color:#0f9dd1"><small>☆</small><span class="username" data-name="murderspiders">murderspiders</span>:</strong> <em>Heheh</em></div><div class="chat chatmessage-birdkeeper85 mine"><strong style="color:#c75b29"><small>☆</small><span class="username" data-name="birdkeeper85">birdkeeper85</span>:</strong> <em>i should not have gone for that ashgdasd</em></div><div class="spacer battle-history"><br></div><div class="battle-history">Go! Marshmallow (<strong>Flufnir</strong>)!<br></div><div class="spacer battle-history"><br></div><h2 class="battle-history">Turn 53</h2><div class="spacer battle-history"><br></div><div class="battle-history">Marshmallow used <strong>Double-Edge</strong>!<br></div><div class="battle-history"><small>(The opposing Spilly lost 69% of its health!)</small><br></div><div class="battle-history"><small>Marshmallow was damaged by the recoil!</small><br></div><div class="spacer battle-history"><br></div><div class="battle-history">The opposing Spilly used <strong>Toxic</strong>!<br></div><div class="battle-history"><small>Marshmallow was badly poisoned!</small><br></div><div class="spacer battle-history"><br></div><div class="battle-history"><small>Marshmallow was hurt by poison!</small><br></div><div class="spacer battle-history"><br></div><h2 class="battle-history">Turn 54</h2><div class="spacer battle-history"><br></div><div class="battle-history">Marshmallow, come back!<br></div><div class="battle-history">Go! <strong>Buzzstacian</strong>!<br></div><div class="spacer battle-history"><br></div><div class="battle-history">murderspiders withdrew Spilly!<br></div><div class="battle-history">murderspiders sent out Stool (<strong>Toxitoad</strong>)!<br></div><div class="spacer battle-history"><br></div><h2 class="battle-history">Turn 55</h2><div class="chat chatmessage-murderspiders"><strong style="color:#0f9dd1"><small>☆</small><span class="username" data-name="murderspiders">murderspiders</span>:</strong> <em>that hurts so muchhh</em></div><div class="spacer battle-history"><br></div><div class="battle-history">The opposing Stool used <strong>Flamethrower</strong>!<br></div><div class="battle-history"><small>It's super effective!</small><br></div><div class="battle-history"><small>(Buzzstacian lost <abbr title="−12/438">2.7%</abbr> of its health!)</small><br></div><div class="spacer battle-history"><br></div><div class="battle-history">Buzzstacian fainted!<br></div><div class="chat chatmessage-birdkeeper85 mine"><strong style="color:#c75b29"><small>☆</small><span class="username" data-name="birdkeeper85">birdkeeper85</span>:</strong> <em>right you are like mid speed</em></div><div class="chat chatmessage-birdkeeper85 mine"><strong style="color:#c75b29"><small>☆</small><span class="username" data-name="birdkeeper85">birdkeeper85</span>:</strong> <em>i knew that</em></div><div class="chat chatmessage-birdkeeper85 mine"><strong style="color:#c75b29"><small>☆</small><span class="username" data-name="birdkeeper85">birdkeeper85</span>:</strong> <em>h.hmm</em></div><div class="spacer battle-history"><br></div><div class="battle-history">Go! Poultergeist (<strong>Poultergeist-Headless</strong>)!<br></div><div class="chat"><ul class="utilichart"><li class="result"><span class="col pokemonnamecol" style="white-space: nowrap">Poultergeist-Headless</span> <span class="col typecol"><img src="https://play.pokemonshowdown.com/sprites/types/Fire.png" alt="Fire" height="14" width="32"><img src="https://play.pokemonshowdown.com/sprites/types/Ghost.png" alt="Ghost" height="14" width="32"></span> <span style="float: left ; min-height: 26px"><span class="col abilitycol">Wonder Guard</span><span class="col abilitycol"></span></span></li><li style="clear: both"></li></ul></div><div class="chat"><ul class="utilichart"><li class="result"><span style="float: left ; min-height: 26px"><span class="col statcol"><em>HP</em><br>1</span> <span class="col statcol"><em>Atk</em><br>65</span> <span class="col statcol"><em>Def</em><br>85</span> <span class="col statcol"><em>SpA</em><br>105</span> <span class="col statcol"><em>SpD</em><br>85</span> <span class="col statcol"><em>Spe</em><br>113</span> </span></li><li style="clear: both"></li></ul></div><div class="spacer battle-history"><br></div><h2 class="battle-history">Turn 56</h2><div class="chat chatmessage-birdkeeper85 mine"><strong style="color:#c75b29"><small>☆</small><span class="username" data-name="birdkeeper85">birdkeeper85</span>:</strong> <em>isnt this supposed to like</em></div><div class="chat chatmessage-birdkeeper85 mine"><strong style="color:#c75b29"><small>☆</small><span class="username" data-name="birdkeeper85">birdkeeper85</span>:</strong> <em>not be poisoned</em></div><div class="chat chatmessage-murderspiders"><strong style="color:#0f9dd1"><small>☆</small><span class="username" data-name="murderspiders">murderspiders</span>:</strong> <em>.</em></div><div class="chat chatmessage-murderspiders"><strong style="color:#0f9dd1"><small>☆</small><span class="username" data-name="murderspiders">murderspiders</span>:</strong> <em>huh.</em></div><div class="chat chatmessage-birdkeeper85 mine"><strong style="color:#c75b29"><small>☆</small><span class="username" data-name="birdkeeper85">birdkeeper85</span>:</strong> <em>or am i making things up</em></div><div class="chat chatmessage-murderspiders"><strong style="color:#0f9dd1"><small>☆</small><span class="username" data-name="murderspiders">murderspiders</span>:</strong> <em>Yeah no that</em></div><div class="chat chatmessage-murderspiders"><strong style="color:#0f9dd1"><small>☆</small><span class="username" data-name="murderspiders">murderspiders</span>:</strong> <em>should not be</em></div><div class="chat chatmessage-murderspiders"><strong style="color:#0f9dd1"><small>☆</small><span class="username" data-name="murderspiders">murderspiders</span>:</strong> <em>hn</em></div><div class="chat chatmessage-birdkeeper85 mine"><strong style="color:#c75b29"><small>☆</small><span class="username" data-name="birdkeeper85">birdkeeper85</span>:</strong> <em>wellp</em></div><div class="chat chatmessage-murderspiders"><strong style="color:#0f9dd1"><small>☆</small><span class="username" data-name="murderspiders">murderspiders</span>:</strong> <em>I am so sorry</em></div><div class="chat chatmessage-murderspiders"><strong style="color:#0f9dd1"><small>☆</small><span class="username" data-name="murderspiders">murderspiders</span>:</strong> <em>Why did that even... hh...</em></div><div class="spacer battle-history"><br></div><div class="battle-history">Poultergeist used <strong>Mind Blown</strong>!<br></div><div class="battle-history"><small>(The opposing Stool lost 34% of its health!)</small><br></div><div class="battle-history"><small>(Poultergeist cut its own HP to power up its move!)</small><br></div><div class="spacer battle-history"><br></div><div class="battle-history">Poultergeist fainted!<br></div><div class="battle-history">The opposing Stool used <strong>Recover</strong>!<br></div><div class="battle-history"><small>The opposing Stool had its HP restored.</small><br></div><div class="spacer battle-history"><br></div><div class="battle-history">Go! <strong>Cobroom</strong>!<br></div><div class="spacer battle-history"><br></div><h2 class="battle-history">Turn 57</h2><div class="spacer battle-history"><br></div><div class="battle-history">The opposing Stool used <strong>Clear Smog</strong>!<br></div><div class="battle-history"><small>(Cobroom lost <abbr title="−60/354">16.9%</abbr> of its health!)</small><br></div><div class="battle-history"><small>Cobroom's stat changes were removed!</small><br></div><div class="spacer battle-history"><br></div><div class="battle-history">Cobroom used <strong>Coil</strong>!<br></div><div class="battle-history"><small>Cobroom's Attack rose!</small><br></div><div class="battle-history"><small>Cobroom's Defense rose!</small><br></div><div class="battle-history"><small>Cobroom's accuracy rose!</small><br></div><div class="spacer battle-history"><br></div><div class="battle-history"><small>Cobroom restored a little HP using its Black Sludge!</small><br></div><div class="spacer battle-history"><br></div><h2 class="battle-history">Turn 58</h2><div class="spacer battle-history"><br></div><div class="battle-history">[Cobroom's Arcane Switch]<br></div><div class="spacer battle-history"><br></div><div class="battle-history">Cobroom used <strong>Sucker Punch</strong>!<br></div><div class="battle-history"><small>(The opposing Stool lost 59% of its health!)</small><br></div><div class="battle-history"><small>Cobroom was hurt by the Rocky Helmet!</small><br></div><div class="spacer battle-history"><br></div><div class="battle-history">The opposing Stool used <strong>Clear Smog</strong>!<br></div><div class="battle-history"><small>It's super effective!</small><br></div><div class="battle-history"><small>(Cobroom lost <abbr title="−192/354">54.2%</abbr> of its health!)</small><br></div><div class="battle-history"><small>Cobroom's stat changes were removed!</small><br></div><div class="spacer battle-history"><br></div><div class="battle-history"><small>Cobroom was hurt by its Black Sludge!</small><br></div><div class="spacer battle-history"><br></div><h2 class="battle-history">Turn 59</h2><div class="spacer battle-history"><br></div><div class="battle-history">[Cobroom's Arcane Switch]<br></div><div class="spacer battle-history"><br></div><div class="battle-history">Cobroom used <strong>Baneful Bunker</strong>!<br></div><div class="battle-history"><small>Cobroom protected itself!</small><br></div><div class="spacer battle-history"><br></div><div class="battle-history">The opposing Stool used <strong>Recover</strong>!<br></div><div class="battle-history"><small>The opposing Stool had its HP restored.</small><br></div><div class="spacer battle-history"><br></div><div class="battle-history"><small>Cobroom restored a little HP using its Black Sludge!</small><br></div><div class="spacer battle-history"><br></div><h2 class="battle-history">Turn 60</h2><div class="chat chatmessage-birdkeeper85 mine"><strong style="color:#c75b29"><small>☆</small><span class="username" data-name="birdkeeper85">birdkeeper85</span>:</strong> <em>god this being the wrong item hurts so bad i cant believe ive brought it in two battles already</em></div><div class="spacer battle-history"><br></div><div class="battle-history">Cobroom used <strong>Baneful Bunker</strong>!<br></div><div class="battle-history"><small>But it failed!</small><br></div><div class="spacer battle-history"><br></div><div class="battle-history">The opposing Stool used <strong>Clear Smog</strong>!<br></div><div class="battle-history"><small>(Cobroom lost <abbr title="−43/354">12.1%</abbr> of its health!)</small><br></div><div class="battle-history"><small>Cobroom's stat changes were removed!</small><br></div><div class="spacer battle-history"><br></div><div class="battle-history">Cobroom fainted!<br></div><div class="chat chatmessage-murderspiders"><strong style="color:#0f9dd1"><small>☆</small><span class="username" data-name="murderspiders">murderspiders</span>:</strong> <em>I am so sorry</em></div><div class="chat chatmessage-birdkeeper85 mine"><strong style="color:#c75b29"><small>☆</small><span class="username" data-name="birdkeeper85">birdkeeper85</span>:</strong> <em>its ok im very sleepy :'D </em></div><div class="spacer battle-history"><br></div><div class="battle-history">Go! Marshmallow (<strong>Flufnir</strong>)!<br></div><div class="spacer battle-history"><br></div><h2 class="battle-history">Turn 61</h2><div class="chat chatmessage-murderspiders"><strong style="color:#0f9dd1"><small>☆</small><span class="username" data-name="murderspiders">murderspiders</span>:</strong> <em>Skdjfjgkgk Poultergeist threw me there I so</em></div><div class="chat chatmessage-birdkeeper85 mine"><strong style="color:#c75b29"><small>☆</small><span class="username" data-name="birdkeeper85">birdkeeper85</span>:</strong> <em>yeah haha</em></div><div class="chat chatmessage-murderspiders"><strong style="color:#0f9dd1"><small>☆</small><span class="username" data-name="murderspiders">murderspiders</span>:</strong> <em>thought that was your last</em></div><div class="spacer battle-history"><br></div><div class="battle-history">Marshmallow used <strong>Double-Edge</strong>!<br></div><div class="battle-history"><small>(The opposing Stool lost 27% of its health!)</small><br></div><div class="battle-history"><small>Marshmallow was hurt by the Rocky Helmet!</small><br></div><div class="battle-history"><small>Marshmallow was damaged by the recoil!</small><br></div><div class="spacer battle-history"><br></div><div class="battle-history">The opposing Stool used <strong>Nasty Plot</strong>!<br></div><div class="battle-history"><small>The opposing Stool's Sp. Atk rose sharply!</small><br></div><div class="spacer battle-history"><br></div><div class="battle-history"><small>Marshmallow was hurt by poison!</small><br></div><div class="spacer battle-history"><br></div><h2 class="battle-history">Turn 62</h2><div class="chat chatmessage-birdkeeper85 mine"><strong style="color:#c75b29"><small>☆</small><span class="username" data-name="birdkeeper85">birdkeeper85</span>:</strong> <em>BOY you dont take damage </em></div><div class="spacer battle-history"><br></div><div class="battle-history">Marshmallow used <strong>Roost</strong>!<br></div><div class="battle-history"><small>Marshmallow had its HP restored.</small><br></div><div class="spacer battle-history"><br></div><div class="battle-history">The opposing Stool used <strong>Recover</strong>!<br></div><div class="battle-history"><small>The opposing Stool had its HP restored.</small><br></div><div class="spacer battle-history"><br></div><div class="battle-history"><small>Marshmallow was hurt by poison!</small><br></div><div class="spacer battle-history"><br></div><h2 class="battle-history">Turn 63</h2><div class="chat chatmessage-birdkeeper85 mine"><strong style="color:#c75b29"><small>☆</small><span class="username" data-name="birdkeeper85">birdkeeper85</span>:</strong> <em>oh thts why poultergeist didnt kill too i completely forgot</em></div><div class="chat chatmessage-murderspiders"><strong style="color:#0f9dd1"><small>☆</small><span class="username" data-name="murderspiders">murderspiders</span>:</strong> <em>okay despite all of the reasons this should not have happened</em></div><div class="chat chatmessage-murderspiders"><strong style="color:#0f9dd1"><small>☆</small><span class="username" data-name="murderspiders">murderspiders</span>:</strong> <em>I will appreciate the opportunity for Stool to do his thing one time</em></div><div class="chat chatmessage-murderspiders"><strong style="color:#0f9dd1"><small>☆</small><span class="username" data-name="murderspiders">murderspiders</span>:</strong> <em>Yeah :'D</em></div><div class="spacer battle-history"><br></div><div class="battle-history">Marshmallow used <strong>Breaking Swipe</strong>!<br></div><div class="battle-history"><small>(The opposing Stool lost 15% of its health!)</small><br></div><div class="battle-history"><small>The opposing Stool's Attack fell!</small><br></div><div class="battle-history"><small>Marshmallow was hurt by the Rocky Helmet!</small><br></div><div class="spacer battle-history"><br></div><div class="battle-history">The opposing Stool used <strong>Flamethrower</strong>!<br></div><div class="battle-history"><small>It's not very effective...</small><br></div><div class="battle-history"><small>(Marshmallow lost <abbr title="−238/459">51.9%</abbr> of its health!)</small><br></div><div class="spacer battle-history"><br></div><div class="battle-history"><small>Marshmallow was hurt by poison!</small><br></div><div class="spacer battle-history"><br></div><div class="battle-history">Marshmallow fainted!<br></div><div class="spacer battle-history"><br></div><div class="battle-history"><strong>murderspiders</strong> won the battle!<br></div><div class="chat chatmessage-birdkeeper85 mine"><strong style="color:#c75b29"><small>☆</small><span class="username" data-name="birdkeeper85">birdkeeper85</span>:</strong> <em>ggs ! </em></div><div class="chat chatmessage-murderspiders"><strong style="color:#0f9dd1"><small>☆</small><span class="username" data-name="murderspiders">murderspiders</span>:</strong> <em>Good game!!! Sorry for all of the, uh, everything</em></div><div class="chat chatmessage-birdkeeper85 mine"><strong style="color:#c75b29"><small>☆</small><span class="username" data-name="birdkeeper85">birdkeeper85</span>:</strong> <em>pff </em></div><div class="chat chatmessage-murderspiders"><strong style="color:#0f9dd1"><small>☆</small><span class="username" data-name="murderspiders">murderspiders</span>:</strong> <em>Poultergeist bugs included OTL</em></div><div class="chat chatmessage-murderspiders"><strong style="color:#0f9dd1"><small>☆</small><span class="username" data-name="murderspiders">murderspiders</span>:</strong> <em>You earned those boots,,,</em></div><div class="chat chatmessage-birdkeeper85 mine"><strong style="color:#c75b29"><small>☆</small><span class="username" data-name="birdkeeper85">birdkeeper85</span>:</strong> <em>heheheh</em></div></div><div class="inner-preempt message-log"></div></div></div>
</div>
<script>
let daily = Math.floor(Date.now()/1000/60/60/24);document.write('<script src="https://dragonheaven.herokuapp.com/js/replay-embed.js?version'+daily+'"></'+'script>');
</script>
