<!DOCTYPE html>
<meta charset="utf-8" />
<!-- version 1 -->
<title>[Gen 8] Conniecord Draft League replay: H2OPulse vs. inkbug1</title>
<style>
html,body {font-family:Verdana, sans-serif;font-size:10pt;margin:0;padding:0;}body{padding:12px 0;} .battle-log {font-family:Verdana, sans-serif;font-size:10pt;} .battle-log-inline {border:1px solid #AAAAAA;background:#EEF2F5;color:black;max-width:640px;margin:0 auto 80px;padding-bottom:5px;} .battle-log .inner {padding:4px 8px 0px 8px;} .battle-log .inner-preempt {padding:0 8px 4px 8px;} .battle-log .inner-after {margin-top:0.5em;} .battle-log h2 {margin:0.5em -8px;padding:4px 8px;border:1px solid #AAAAAA;background:#E0E7EA;border-left:0;border-right:0;font-family:Verdana, sans-serif;font-size:13pt;} .battle-log .chat {vertical-align:middle;padding:3px 0 3px 0;font-size:8pt;} .battle-log .chat strong {color:#40576A;} .battle-log .chat em {padding:1px 4px 1px 3px;color:#000000;font-style:normal;} .chat.mine {background:rgba(0,0,0,0.05);margin-left:-8px;margin-right:-8px;padding-left:8px;padding-right:8px;} .spoiler {color:#BBBBBB;background:#BBBBBB;padding:0px 3px;} .spoiler:hover, .spoiler:active, .spoiler-shown {color:#000000;background:#E2E2E2;padding:0px 3px;} .spoiler a {color:#BBBBBB;} .spoiler:hover a, .spoiler:active a, .spoiler-shown a {color:#2288CC;} .chat code, .chat .spoiler:hover code, .chat .spoiler:active code, .chat .spoiler-shown code {border:1px solid #C0C0C0;background:#EEEEEE;color:black;padding:0 2px;} .chat .spoiler code {border:1px solid #CCCCCC;background:#CCCCCC;color:#CCCCCC;} .battle-log .rated {padding:3px 4px;} .battle-log .rated strong {color:white;background:#89A;padding:1px 4px;border-radius:4px;} .spacer {margin-top:0.5em;} .message-announce {background:#6688AA;color:white;padding:1px 4px 2px;} .message-announce a, .broadcast-green a, .broadcast-blue a, .broadcast-red a {color:#DDEEFF;} .broadcast-green {background-color:#559955;color:white;padding:2px 4px;} .broadcast-blue {background-color:#6688AA;color:white;padding:2px 4px;} .infobox {border:1px solid #6688AA;padding:2px 4px;} .infobox-limited {max-height:200px;overflow:auto;overflow-x:hidden;} .broadcast-red {background-color:#AA5544;color:white;padding:2px 4px;} .message-learn-canlearn {font-weight:bold;color:#228822;text-decoration:underline;} .message-learn-cannotlearn {font-weight:bold;color:#CC2222;text-decoration:underline;} .message-effect-weak {font-weight:bold;color:#CC2222;} .message-effect-resist {font-weight:bold;color:#6688AA;} .message-effect-immune {font-weight:bold;color:#666666;} .message-learn-list {margin-top:0;margin-bottom:0;} .message-throttle-notice, .message-error {color:#992222;} .message-overflow, .chat small.message-overflow {font-size:0pt;} .message-overflow::before {font-size:9pt;content:'...';} .subtle {color:#3A4A66;}
</style>
<div class="wrapper replay-wrapper" style="max-width:1180px;margin:0 auto">
<input type="hidden" name="replayid" value="dragonheaven-gen8conniecorddraftleague-1041" />
<div class="battle"></div><div class="battle-log"></div><div class="replay-controls"></div><div class="replay-controls-2"></div>
<h1 style="font-weight:normal;text-align:center"><strong>[Gen 8] Conniecord Draft League</strong><br /><a href="http://pokemonshowdown.com/users/h2opulse" class="subtle" target="_blank">H2OPulse</a> vs. <a href="http://pokemonshowdown.com/users/inkbug1" class="subtle" target="_blank">inkbug1</a></h1>
<script type="text/plain" class="battle-log-data">|j|☆H2OPulse
|j|☆inkbug1

|t:|1611038615
|player|p1|H2OPulse|aetherfoundation|
|player|p2|inkbug1|burgh|
|teamsize|p1|6
|teamsize|p2|6
|gametype|singles
|gen|8
|tier|[Gen 8] Conniecord Draft League
|clearpoke
|poke|p1|Araquanid, M|
|poke|p1|Vaporeon, F|
|poke|p1|Zygarde|
|poke|p1|Zoroark, M|
|poke|p1|Scizor, F|
|poke|p1|Poultergeist, M|
|poke|p2|Landorus-Therian, M|
|poke|p2|Incineroar, F|
|poke|p2|Neuroboxin, M|
|poke|p2|Manectric, F|
|poke|p2|Golisopod, M|
|poke|p2|Minior|
|rule|HP Percentage Mod: HP is shown in percentages
|rule|Endless Battle Clause: Forcing endless battles is banned
|rule|OHKO Clause: OHKO moves are banned
|rule|Evasion Moves Clause: Evasion moves are banned
|rule|Species Clause: Limit one of each Pokémon (not counting forms)
|rule|Dynamax Clause: You cannot dynamax
|rule|Sleep Clause Mod: Limit one foe put to sleep
|rule|Z-Move Clause: Z-Moves are banned
|teampreview
|c|☆inkbug1|dammit lemondrops the wrong color again
|c|☆inkbug1|ah well 
|c|☆H2OPulse|Oofff fair
|
|t:|1611038651
|start
|switch|p1a: Spilly|Araquanid, M|100\/100
|switch|p2a: Lemon Drop|Minior|261\/261
|-formechange|p2a: Lemon Drop|Minior-Meteor||[from] ability: Shields Down
|turn|1
|
|t:|1611038662
|move|p2a: Lemon Drop|U-turn|p1a: Spilly
|-damage|p1a: Spilly|80\/100
|
|t:|1611038668
|switch|p2a: Goliso Padre|Golisopod, M|354\/354
|move|p1a: Spilly|Liquidation|p2a: Goliso Padre
|-resisted|p2a: Goliso Padre
|-damage|p2a: Goliso Padre|277\/354
|
|upkeep
|turn|2
|
|t:|1611038675
|switch|p1a: Rosemary|Poultergeist, M|100\/100
|-start|p1a: Rosemary|typechange|Fire\/Flying|[silent]
|raw|<ul class="utilichart"><li class="result"><span class="col pokemonnamecol" style="white-space: nowrap">Poultergeist<\/span> <span class="col typecol"><img src="https:\/\/play.pokemonshowdown.com\/sprites\/types\/Fire.png" alt="Fire" height="14" width="32"><img src="https:\/\/play.pokemonshowdown.com\/sprites\/types\/Flying.png" alt="Flying" height="14" width="32"><\/span> <span style="float: left ; min-height: 26px"><span class="col abilitycol">Chicken Out<\/span><span class="col abilitycol"><\/span><\/span><span style="float: left ; min-height: 26px"><span class="col statcol"><em>HP<\/em><br>105<\/span> <span class="col statcol"><em>Atk<\/em><br>65<\/span> <span class="col statcol"><em>Def<\/em><br>85<\/span> <span class="col statcol"><em>SpA<\/em><br>105<\/span> <span class="col statcol"><em>SpD<\/em><br>85<\/span> <span class="col statcol"><em>Spe<\/em><br>73<\/span> <\/span><\/li><li style="clear: both"><\/li><\/ul>
|move|p2a: Goliso Padre|Toxic|p1a: Rosemary
|-status|p1a: Rosemary|tox
|
|-damage|p1a: Rosemary|94\/100 tox|[from] psn
|upkeep
|turn|3
|c|☆H2OPulse|rude okay
|
|t:|1611038684
|switch|p2a: Donner|Manectric, F|281\/281
|move|p1a: Rosemary|Will-O-Wisp|p2a: Donner
|-status|p2a: Donner|brn
|
|-damage|p2a: Donner|264\/281 brn|[from] brn
|-damage|p1a: Rosemary|82\/100 tox|[from] psn
|upkeep
|turn|4
|
|t:|1611038694
|switch|p1a: Ambrosioides|Zygarde|100\/100
|-ability|p1a: Ambrosioides|Aura Break
|detailschange|p2a: Donner|Manectric-Mega, F
|-mega|p2a: Donner|Manectric|Manectite
|-ability|p2a: Donner|Intimidate|boost
|-unboost|p1a: Ambrosioides|atk|1
|move|p2a: Donner|Volt Switch|p1a: Ambrosioides
|-immune|p1a: Ambrosioides
|
|-damage|p2a: Donner|247\/281 brn|[from] brn
|upkeep
|turn|5
|
|t:|1611038712
|switch|p2a: Goliso Padre|Golisopod, M|277\/354
|move|p1a: Ambrosioides|Substitute|p1a: Ambrosioides
|-start|p1a: Ambrosioides|Substitute
|-damage|p1a: Ambrosioides|76\/100
|
|-heal|p1a: Ambrosioides|82\/100|[from] item: Leftovers
|upkeep
|turn|6
|
|t:|1611038722
|move|p1a: Ambrosioides|Coil|p1a: Ambrosioides
|-boost|p1a: Ambrosioides|atk|1
|-boost|p1a: Ambrosioides|def|1
|-boost|p1a: Ambrosioides|accuracy|1
|move|p2a: Goliso Padre|Liquidation|p1a: Ambrosioides
|-activate|p1a: Ambrosioides|move: Substitute|[damage]
|
|-heal|p1a: Ambrosioides|88\/100|[from] item: Leftovers
|upkeep
|turn|7
|c|☆H2OPulse|wHY ARE YOU SO BULKY
|c|☆inkbug1|damn not even
|c|☆inkbug1|alright
|c|☆H2OPulse|EXCUSE ME
|c|☆H2OPulse|419 HP and 417 Def
|c|☆inkbug1|im very in danger 
|
|t:|1611038749
|move|p1a: Ambrosioides|Coil|p1a: Ambrosioides
|-boost|p1a: Ambrosioides|atk|1
|-boost|p1a: Ambrosioides|def|1
|-boost|p1a: Ambrosioides|accuracy|1
|move|p2a: Goliso Padre|Liquidation|p1a: Ambrosioides
|-end|p1a: Ambrosioides|Substitute
|
|-heal|p1a: Ambrosioides|94\/100|[from] item: Leftovers
|upkeep
|turn|8
|c|☆H2OPulse|why is this legal why would Ausma enable me like this
|c|☆inkbug1|i miss hp ice so much already
|c|☆H2OPulse|fhgjkgl
|
|t:|1611038764
|move|p1a: Ambrosioides|Substitute|p1a: Ambrosioides
|-start|p1a: Ambrosioides|Substitute
|-damage|p1a: Ambrosioides|69\/100
|move|p2a: Goliso Padre|Toxic|p1a: Ambrosioides|[miss]
|-miss|p2a: Goliso Padre|p1a: Ambrosioides
|
|-heal|p1a: Ambrosioides|76\/100|[from] item: Leftovers
|upkeep
|turn|9
|c|☆inkbug1|rude
|c|☆H2OPulse|Hidden Power was such a good element I am mad at Game Freak for removing it >:c
|
|t:|1611038785
|switch|p2a: Cindy|Incineroar, F|394\/394
|-ability|p2a: Cindy|Intimidate|boost
|-immune|p1a: Ambrosioides
|move|p1a: Ambrosioides|Extreme Speed|p2a: Cindy
|-damage|p2a: Cindy|256\/394
|
|-heal|p1a: Ambrosioides|82\/100|[from] item: Leftovers
|upkeep
|turn|10
|
|t:|1611038794
|move|p1a: Ambrosioides|Thousand Arrows|p2a: Cindy
|-supereffective|p2a: Cindy
|-damage|p2a: Cindy|0 fnt
|faint|p2a: Cindy
|
|-heal|p1a: Ambrosioides|88\/100|[from] item: Leftovers
|upkeep
|c|☆inkbug1|mmmmm it has the wrong berry for this aaa hmmm
|
|t:|1611038819
|switch|p2a: Neuroboxin|Neuroboxin, M|289\/289
|-start|p2a: Neuroboxin|typechange|Poison\/Fighting|[silent]
|raw|<ul class="utilichart"><li class="result"><span class="col pokemonnamecol" style="white-space: nowrap">Neuroboxin<\/span> <span class="col typecol"><img src="https:\/\/play.pokemonshowdown.com\/sprites\/types\/Poison.png" alt="Poison" height="14" width="32"><img src="https:\/\/play.pokemonshowdown.com\/sprites\/types\/Fighting.png" alt="Fighting" height="14" width="32"><\/span> <span style="float: left ; min-height: 26px"><span class="col abilitycol">Infiltrator \/ Sticky Hold \/ Trace<\/span><span class="col abilitycol"><\/span><\/span><span style="float: left ; min-height: 26px"><span class="col statcol"><em>HP<\/em><br>74<\/span> <span class="col statcol"><em>Atk<\/em><br>85<\/span> <span class="col statcol"><em>Def<\/em><br>96<\/span> <span class="col statcol"><em>SpA<\/em><br>72<\/span> <span class="col statcol"><em>SpD<\/em><br>81<\/span> <span class="col statcol"><em>Spe<\/em><br>109<\/span> <\/span><\/li><li style="clear: both"><\/li><\/ul>
|-ability|p2a: Neuroboxin|Aura Break|[from] ability: Trace|[of] p1a: Ambrosioides
|-ability|p2a: Neuroboxin|Aura Break
|turn|11
|
|t:|1611038842
|move|p2a: Neuroboxin|Taunt|p1a: Ambrosioides
|-start|p1a: Ambrosioides|move: Taunt
|move|p1a: Ambrosioides|Thousand Arrows|p2a: Neuroboxin
|-supereffective|p2a: Neuroboxin
|-damage|p2a: Neuroboxin|0 fnt
|faint|p2a: Neuroboxin
|
|-heal|p1a: Ambrosioides|94\/100|[from] item: Leftovers
|upkeep
|
|t:|1611038856
|switch|p2a: Donner|Manectric-Mega, F|247\/281 brn
|-ability|p2a: Donner|Intimidate|boost
|-immune|p1a: Ambrosioides
|turn|12
|
|t:|1611038875
|move|p2a: Donner|Overheat|p1a: Ambrosioides
|-resisted|p1a: Ambrosioides
|-activate|p1a: Ambrosioides|move: Substitute|[damage]
|-unboost|p2a: Donner|spa|2
|move|p1a: Ambrosioides|Thousand Arrows|p2a: Donner
|-supereffective|p2a: Donner
|-damage|p2a: Donner|0 fnt
|faint|p2a: Donner
|
|-heal|p1a: Ambrosioides|100\/100|[from] item: Leftovers
|upkeep
|c|☆H2OPulse|__what is Zygarde__
|c|☆H2OPulse|okay I am going to take you off of my casual team now but Ily
|c|☆inkbug1|i figured i might need to use alternate strats on this one
|c|☆inkbug1|no no no 
|c|☆inkbug1|its good
|c|☆inkbug1|i can handle it
|c|☆H2OPulse|haha okay
|c|☆inkbug1|just not rn
|c|☆inkbug1|i actually have a lot of options here technically
|c|☆inkbug1|but like not in this battle 
|c|☆inkbug1|bc im dumy
|
|t:|1611038921
|switch|p2a: Lemon Drop|Minior|261\/261
|-formechange|p2a: Lemon Drop|Minior-Meteor||[from] ability: Shields Down
|turn|13
|
|t:|1611038933
|move|p1a: Ambrosioides|Thousand Arrows|p2a: Lemon Drop
|-damage|p2a: Lemon Drop|57\/261
|-start|p2a: Lemon Drop|Smack Down
|move|p2a: Lemon Drop|Shell Smash|p2a: Lemon Drop
|-unboost|p2a: Lemon Drop|def|1
|-unboost|p2a: Lemon Drop|spd|1
|-boost|p2a: Lemon Drop|atk|2
|-boost|p2a: Lemon Drop|spa|2
|-boost|p2a: Lemon Drop|spe|2
|-enditem|p2a: Lemon Drop|White Herb
|-clearnegativeboost|p2a: Lemon Drop|[silent]
|
|-end|p1a: Ambrosioides|move: Taunt
|-formechange|p2a: Lemon Drop|Minior||[from] ability: Shields Down
|upkeep
|turn|14
|c|☆inkbug1|you sure are faster than base minior huh
|
|t:|1611038949
|move|p1a: Ambrosioides|Extreme Speed|p2a: Lemon Drop
|-resisted|p2a: Lemon Drop
|-damage|p2a: Lemon Drop|0 fnt
|faint|p2a: Lemon Drop
|
|upkeep
|
|t:|1611038955
|switch|p2a: Goliso Padre|Golisopod, M|277\/354
|turn|15
|
|t:|1611038960
|move|p1a: Ambrosioides|Thousand Arrows|p2a: Goliso Padre
|-resisted|p2a: Goliso Padre
|-damage|p2a: Goliso Padre|193\/354
|move|p2a: Goliso Padre|Knock Off|p1a: Ambrosioides
|-end|p1a: Ambrosioides|Substitute
|
|upkeep
|turn|16
|
|t:|1611038969
|move|p1a: Ambrosioides|Substitute|p1a: Ambrosioides
|-start|p1a: Ambrosioides|Substitute
|-damage|p1a: Ambrosioides|76\/100
|move|p2a: Goliso Padre|Knock Off|p1a: Ambrosioides
|-activate|p1a: Ambrosioides|move: Substitute|[damage]
|
|-heal|p1a: Ambrosioides|82\/100|[from] item: Leftovers
|upkeep
|turn|17
|
|t:|1611038976
|move|p1a: Ambrosioides|Thousand Arrows|p2a: Goliso Padre
|-resisted|p2a: Goliso Padre
|-damage|p2a: Goliso Padre|115\/354
|-activate|p2a: Goliso Padre|ability: Emergency Exit
|
|t:|1611038981
|switch|p2a: Caramel|Landorus-Therian, M|382\/382
|-ability|p2a: Caramel|Intimidate|boost
|-immune|p1a: Ambrosioides
|
|-heal|p1a: Ambrosioides|88\/100|[from] item: Leftovers
|upkeep
|turn|18
|
|t:|1611038990
|move|p2a: Caramel|U-turn|p1a: Ambrosioides
|-activate|p1a: Ambrosioides|move: Substitute|[damage]
|
|t:|1611038992
|switch|p2a: Goliso Padre|Golisopod, M|115\/354
|move|p1a: Ambrosioides|Thousand Arrows|p2a: Goliso Padre
|-resisted|p2a: Goliso Padre
|-damage|p2a: Goliso Padre|33\/354
|
|-heal|p1a: Ambrosioides|94\/100|[from] item: Leftovers
|upkeep
|turn|19
|
|t:|1611039000
|move|p1a: Ambrosioides|Thousand Arrows|p2a: Goliso Padre
|-resisted|p2a: Goliso Padre
|-damage|p2a: Goliso Padre|0 fnt
|faint|p2a: Goliso Padre
|
|-heal|p1a: Ambrosioides|100\/100|[from] item: Leftovers
|upkeep
|
|t:|1611039007
|switch|p2a: Caramel|Landorus-Therian, M|382\/382
|-ability|p2a: Caramel|Intimidate|boost
|-immune|p1a: Ambrosioides
|turn|20
|c|☆inkbug1|ok lets seeee
|
|t:|1611039041
|move|p2a: Caramel|Earthquake|p1a: Ambrosioides
|-end|p1a: Ambrosioides|Substitute
|move|p1a: Ambrosioides|Thousand Arrows|p2a: Caramel
|-damage|p2a: Caramel|159\/382
|-start|p2a: Caramel|Smack Down
|
|-heal|p2a: Caramel|182\/382|[from] item: Leftovers
|upkeep
|turn|21
|
|t:|1611039051
|move|p2a: Caramel|Earthquake|p1a: Ambrosioides
|-damage|p1a: Ambrosioides|84\/100
|move|p1a: Ambrosioides|Thousand Arrows|p2a: Caramel
|-damage|p2a: Caramel|0 fnt
|faint|p2a: Caramel
|
|win|H2OPulse
|c|☆inkbug1|so immediate issue here is i had 0 special attackers for starters, 
|c|☆H2OPulse|Well
|c|☆H2OPulse|that was something
|c|☆H2OPulse|I am so sorry
|c|☆inkbug1|and by 0 i mean "one electric type" </script>
</div>
<div class="battle-log battle-log-inline"><div class="inner"><div class="battle-options"><div style="padding-top: 3px; padding-right: 3px; text-align: right"><button class="icon button" name="openBattleOptions" title="Options">Battle Options</button></div></div><div class="inner message-log"><div class="chat"><small>☆H2OPulse and ☆inkbug1 joined</small></div><div class=""><small>Format:</small> <br><strong>[Gen 8] Conniecord Draft League</strong></div><div class=""><small><em>HP Percentage Mod:</em> HP is shown in percentages</small></div><div class=""><small><em>Endless Battle Clause:</em> Forcing endless battles is banned</small></div><div class=""><small><em>OHKO Clause:</em> OHKO moves are banned</small></div><div class=""><small><em>Evasion Moves Clause:</em> Evasion moves are banned</small></div><div class=""><small><em>Species Clause:</em> Limit one of each Pokémon (not counting forms)</small></div><div class=""><small><em>Dynamax Clause:</em> You cannot dynamax</small></div><div class=""><small><em>Sleep Clause Mod:</em> Limit one foe put to sleep</small></div><div class=""><small><em>Z-Move Clause:</em> Z-Moves are banned</small></div><div class="chat battle-history"><strong>H2OPulse's team:</strong> <em style="color:#445566;display:block;">Araquanid / Vaporeon / Zygarde / Zoroark / Scizor / Poultergeist</em></div><div class="chat battle-history"><strong>inkbug1's team:</strong> <em style="color:#445566;display:block;">Landorus-Therian / Incineroar / Neuroboxin / Manectric / Golisopod / Minior</em></div><div class="chat chatmessage-inkbug1 mine"><strong style="color:#e46e0f"><small>☆</small><span class="username" data-name="inkbug1">inkbug1</span>:</strong> <em>dammit lemondrops the wrong color again</em></div><div class="chat chatmessage-inkbug1 mine"><strong style="color:#e46e0f"><small>☆</small><span class="username" data-name="inkbug1">inkbug1</span>:</strong> <em>ah well </em></div><div class="chat chatmessage-h2opulse"><strong style="color:#6e8c2b"><small>☆</small><span class="username" data-name="H2OPulse">H2OPulse</span>:</strong> <em>Oofff fair</em></div><div class="spacer battle-history"><br></div><div class="battle-history">Battle started between H2OPulse and inkbug1!<br></div><div class="spacer battle-history"><br></div><div class="battle-history">H2OPulse sent out Spilly (<strong>Araquanid</strong>)!<br></div><div class="spacer battle-history"><br></div><div class="battle-history">Go! Lemon Drop (<strong>Minior</strong>)!<br></div><div class="battle-history">[Lemon Drop's Shields Down]<br>Shields Down deactivated!<br>(Lemon Drop shielded itself.)<br></div><div class="spacer battle-history"><br></div><h2 class="battle-history">Turn 1</h2><div class="spacer battle-history"><br></div><div class="battle-history">Lemon Drop used <strong>U-turn</strong>!<br></div><div class="battle-history"><small>(The opposing Spilly lost 20% of its health!)</small><br></div><div class="spacer battle-history"><br></div><div class="battle-history">Lemon Drop went back to inkbug1!<br></div><div class="battle-history">Go! Goliso Padre (<strong>Golisopod</strong>)!<br></div><div class="spacer battle-history"><br></div><div class="battle-history">The opposing Spilly used <strong>Liquidation</strong>!<br></div><div class="battle-history"><small>It's not very effective...</small><br></div><div class="battle-history"><small>(Goliso Padre lost <abbr title="−77/354">21.8%</abbr> of its health!)</small><br></div><div class="spacer battle-history"><br></div><h2 class="battle-history">Turn 2</h2><div class="spacer battle-history"><br></div><div class="battle-history">H2OPulse withdrew Spilly!<br></div><div class="battle-history">H2OPulse sent out Rosemary (<strong>Poultergeist</strong>)!<br></div><div class="chat"><ul class="utilichart"><li class="result"><span class="col pokemonnamecol" style="white-space: nowrap">Poultergeist</span> <span class="col typecol"><img src="https://play.pokemonshowdown.com/sprites/types/Fire.png" alt="Fire" height="14" width="32"><img src="https://play.pokemonshowdown.com/sprites/types/Flying.png" alt="Flying" height="14" width="32"></span> <span style="float: left ; min-height: 26px"><span class="col abilitycol">Chicken Out</span><span class="col abilitycol"></span></span><span style="float: left ; min-height: 26px"><span class="col statcol"><em>HP</em><br>105</span> <span class="col statcol"><em>Atk</em><br>65</span> <span class="col statcol"><em>Def</em><br>85</span> <span class="col statcol"><em>SpA</em><br>105</span> <span class="col statcol"><em>SpD</em><br>85</span> <span class="col statcol"><em>Spe</em><br>73</span> </span></li><li style="clear: both"></li></ul></div><div class="spacer battle-history"><br></div><div class="battle-history">Goliso Padre used <strong>Toxic</strong>!<br></div><div class="battle-history"><small>The opposing Rosemary was badly poisoned!</small><br></div><div class="spacer battle-history"><br></div><div class="battle-history"><small>The opposing Rosemary was hurt by poison!</small><br></div><div class="spacer battle-history"><br></div><h2 class="battle-history">Turn 3</h2><div class="chat chatmessage-h2opulse"><strong style="color:#6e8c2b"><small>☆</small><span class="username" data-name="H2OPulse">H2OPulse</span>:</strong> <em>rude okay</em></div><div class="spacer battle-history"><br></div><div class="battle-history">Goliso Padre, come back!<br></div><div class="battle-history">Go! Donner (<strong>Manectric</strong>)!<br></div><div class="spacer battle-history"><br></div><div class="battle-history">The opposing Rosemary used <strong>Will-O-Wisp</strong>!<br></div><div class="battle-history"><small>Donner was burned!</small><br></div><div class="spacer battle-history"><br></div><div class="battle-history"><small>Donner was hurt by its burn!</small><br></div><div class="battle-history"><small>The opposing Rosemary was hurt by poison!</small><br></div><div class="spacer battle-history"><br></div><h2 class="battle-history">Turn 4</h2><div class="spacer battle-history"><br></div><div class="battle-history">H2OPulse withdrew Rosemary!<br></div><div class="battle-history">H2OPulse sent out Ambrosioides (<strong>Zygarde</strong>)!<br></div><div class="battle-history">[The opposing Ambrosioides's Aura Break]<br><small>The opposing Ambrosioides reversed all other Pokémon's auras!</small><br></div><div class="spacer battle-history"><br></div><div class="battle-history"><small>Donner's Manectite is reacting to the Key Stone!</small><br>Donner has Mega Evolved into Mega Manectric!<br></div><div class="battle-history">[Donner's Intimidate]<br></div><div class="battle-history"><small>The opposing Ambrosioides's Attack fell!</small><br></div><div class="spacer battle-history"><br></div><div class="battle-history">Donner used <strong>Volt Switch</strong>!<br></div><div class="battle-history"><small>It doesn't affect the opposing Ambrosioides...</small><br></div><div class="spacer battle-history"><br></div><div class="battle-history"><small>Donner was hurt by its burn!</small><br></div><div class="spacer battle-history"><br></div><h2 class="battle-history">Turn 5</h2><div class="spacer battle-history"><br></div><div class="battle-history">Donner went back to inkbug1!<br></div><div class="battle-history">Go! Goliso Padre (<strong>Golisopod</strong>)!<br></div><div class="spacer battle-history"><br></div><div class="battle-history">The opposing Ambrosioides used <strong>Substitute</strong>!<br></div><div class="battle-history"><small>The opposing Ambrosioides put in a substitute!</small><br></div><div class="battle-history"><small>(The opposing Ambrosioides lost 24% of its health!)</small><br></div><div class="spacer battle-history"><br></div><div class="battle-history"><small>The opposing Ambrosioides restored a little HP using its Leftovers!</small><br></div><div class="spacer battle-history"><br></div><h2 class="battle-history">Turn 6</h2><div class="spacer battle-history"><br></div><div class="battle-history">The opposing Ambrosioides used <strong>Coil</strong>!<br></div><div class="battle-history"><small>The opposing Ambrosioides's Attack rose!</small><br></div><div class="battle-history"><small>The opposing Ambrosioides's Defense rose!</small><br></div><div class="battle-history"><small>The opposing Ambrosioides's accuracy rose!</small><br></div><div class="spacer battle-history"><br></div><div class="battle-history">Goliso Padre used <strong>Liquidation</strong>!<br></div><div class="battle-history"><small>The substitute took damage for the opposing Ambrosioides!</small><br></div><div class="spacer battle-history"><br></div><div class="battle-history"><small>The opposing Ambrosioides restored a little HP using its Leftovers!</small><br></div><div class="spacer battle-history"><br></div><h2 class="battle-history">Turn 7</h2><div class="chat chatmessage-h2opulse"><strong style="color:#6e8c2b"><small>☆</small><span class="username" data-name="H2OPulse">H2OPulse</span>:</strong> <em>wHY ARE YOU SO BULKY</em></div><div class="chat chatmessage-inkbug1 mine"><strong style="color:#e46e0f"><small>☆</small><span class="username" data-name="inkbug1">inkbug1</span>:</strong> <em>damn not even</em></div><div class="chat chatmessage-inkbug1 mine"><strong style="color:#e46e0f"><small>☆</small><span class="username" data-name="inkbug1">inkbug1</span>:</strong> <em>alright</em></div><div class="chat chatmessage-h2opulse"><strong style="color:#6e8c2b"><small>☆</small><span class="username" data-name="H2OPulse">H2OPulse</span>:</strong> <em>EXCUSE ME</em></div><div class="chat chatmessage-h2opulse"><strong style="color:#6e8c2b"><small>☆</small><span class="username" data-name="H2OPulse">H2OPulse</span>:</strong> <em>419 HP and 417 Def</em></div><div class="chat chatmessage-inkbug1 mine"><strong style="color:#e46e0f"><small>☆</small><span class="username" data-name="inkbug1">inkbug1</span>:</strong> <em>im very in danger </em></div><div class="spacer battle-history"><br></div><div class="battle-history">The opposing Ambrosioides used <strong>Coil</strong>!<br></div><div class="battle-history"><small>The opposing Ambrosioides's Attack rose!</small><br></div><div class="battle-history"><small>The opposing Ambrosioides's Defense rose!</small><br></div><div class="battle-history"><small>The opposing Ambrosioides's accuracy rose!</small><br></div><div class="spacer battle-history"><br></div><div class="battle-history">Goliso Padre used <strong>Liquidation</strong>!<br></div><div class="battle-history"><small>The opposing Ambrosioides's substitute faded!</small><br></div><div class="spacer battle-history"><br></div><div class="battle-history"><small>The opposing Ambrosioides restored a little HP using its Leftovers!</small><br></div><div class="spacer battle-history"><br></div><h2 class="battle-history">Turn 8</h2><div class="chat chatmessage-h2opulse"><strong style="color:#6e8c2b"><small>☆</small><span class="username" data-name="H2OPulse">H2OPulse</span>:</strong> <em>why is this legal why would Ausma enable me like this</em></div><div class="chat chatmessage-inkbug1 mine"><strong style="color:#e46e0f"><small>☆</small><span class="username" data-name="inkbug1">inkbug1</span>:</strong> <em>i miss hp ice so much already</em></div><div class="chat chatmessage-h2opulse"><strong style="color:#6e8c2b"><small>☆</small><span class="username" data-name="H2OPulse">H2OPulse</span>:</strong> <em>fhgjkgl</em></div><div class="spacer battle-history"><br></div><div class="battle-history">The opposing Ambrosioides used <strong>Substitute</strong>!<br></div><div class="battle-history"><small>The opposing Ambrosioides put in a substitute!</small><br></div><div class="battle-history"><small>(The opposing Ambrosioides lost 25% of its health!)</small><br></div><div class="spacer battle-history"><br></div><div class="battle-history">Goliso Padre used <strong>Toxic</strong>!<br></div><div class="battle-history"><small>The opposing Ambrosioides avoided the attack!</small><br></div><div class="spacer battle-history"><br></div><div class="battle-history"><small>The opposing Ambrosioides restored a little HP using its Leftovers!</small><br></div><div class="spacer battle-history"><br></div><h2 class="battle-history">Turn 9</h2><div class="chat chatmessage-inkbug1 mine"><strong style="color:#e46e0f"><small>☆</small><span class="username" data-name="inkbug1">inkbug1</span>:</strong> <em>rude</em></div><div class="chat chatmessage-h2opulse"><strong style="color:#6e8c2b"><small>☆</small><span class="username" data-name="H2OPulse">H2OPulse</span>:</strong> <em>Hidden Power was such a good element I am mad at Game Freak for removing it &gt;:c</em></div><div class="spacer battle-history"><br></div><div class="battle-history">Goliso Padre, come back!<br></div><div class="battle-history">Go! Cindy (<strong>Incineroar</strong>)!<br></div><div class="battle-history">[Cindy's Intimidate]<br></div><div class="battle-history"><small>It doesn't affect the opposing Ambrosioides...</small><br></div><div class="spacer battle-history"><br></div><div class="battle-history">The opposing Ambrosioides used <strong>Extreme Speed</strong>!<br></div><div class="battle-history"><small>(Cindy lost <abbr title="−138/394">35.0%</abbr> of its health!)</small><br></div><div class="spacer battle-history"><br></div><div class="battle-history"><small>The opposing Ambrosioides restored a little HP using its Leftovers!</small><br></div><div class="spacer battle-history"><br></div><h2 class="battle-history">Turn 10</h2><div class="spacer battle-history"><br></div><div class="battle-history">The opposing Ambrosioides used <strong>Thousand Arrows</strong>!<br></div><div class="battle-history"><small>It's super effective!</small><br></div><div class="battle-history"><small>(Cindy lost <abbr title="−256/394">65.0%</abbr> of its health!)</small><br></div><div class="spacer battle-history"><br></div><div class="battle-history">Cindy fainted!<br></div><div class="spacer battle-history"><br></div><div class="battle-history"><small>The opposing Ambrosioides restored a little HP using its Leftovers!</small><br></div><div class="chat chatmessage-inkbug1 mine"><strong style="color:#e46e0f"><small>☆</small><span class="username" data-name="inkbug1">inkbug1</span>:</strong> <em>mmmmm it has the wrong berry for this aaa hmmm</em></div><div class="spacer battle-history"><br></div><div class="battle-history">Go! <strong>Neuroboxin</strong>!<br></div><div class="chat"><ul class="utilichart"><li class="result"><span class="col pokemonnamecol" style="white-space: nowrap">Neuroboxin</span> <span class="col typecol"><img src="https://play.pokemonshowdown.com/sprites/types/Poison.png" alt="Poison" height="14" width="32"><img src="https://play.pokemonshowdown.com/sprites/types/Fighting.png" alt="Fighting" height="14" width="32"></span> <span style="float: left ; min-height: 26px"><span class="col abilitycol">Infiltrator / Sticky Hold / Trace</span><span class="col abilitycol"></span></span><span style="float: left ; min-height: 26px"><span class="col statcol"><em>HP</em><br>74</span> <span class="col statcol"><em>Atk</em><br>85</span> <span class="col statcol"><em>Def</em><br>96</span> <span class="col statcol"><em>SpA</em><br>72</span> <span class="col statcol"><em>SpD</em><br>81</span> <span class="col statcol"><em>Spe</em><br>109</span> </span></li><li style="clear: both"></li></ul></div><div class="battle-history">[Neuroboxin's Trace]<br>[Neuroboxin's Aura Break]<br><small>Neuroboxin traced the opposing Ambrosioides's Aura Break!</small><br></div><div class="battle-history">[Neuroboxin's Aura Break]<br><small>Neuroboxin reversed all other Pokémon's auras!</small><br></div><div class="spacer battle-history"><br></div><h2 class="battle-history">Turn 11</h2><div class="spacer battle-history"><br></div><div class="battle-history">Neuroboxin used <strong>Taunt</strong>!<br></div><div class="battle-history"><small>The opposing Ambrosioides fell for the taunt!</small><br></div><div class="spacer battle-history"><br></div><div class="battle-history">The opposing Ambrosioides used <strong>Thousand Arrows</strong>!<br></div><div class="battle-history"><small>It's super effective!</small><br></div><div class="battle-history"><small>(Neuroboxin lost <abbr title="−289/289">100%</abbr> of its health!)</small><br></div><div class="spacer battle-history"><br></div><div class="battle-history">Neuroboxin fainted!<br></div><div class="spacer battle-history"><br></div><div class="battle-history"><small>The opposing Ambrosioides restored a little HP using its Leftovers!</small><br></div><div class="spacer battle-history"><br></div><div class="battle-history">Go! Donner (<strong>Manectric-Mega</strong>)!<br></div><div class="battle-history">[Donner's Intimidate]<br></div><div class="battle-history"><small>It doesn't affect the opposing Ambrosioides...</small><br></div><div class="spacer battle-history"><br></div><h2 class="battle-history">Turn 12</h2><div class="spacer battle-history"><br></div><div class="battle-history">Donner used <strong>Overheat</strong>!<br></div><div class="battle-history"><small>It's not very effective...</small><br></div><div class="battle-history"><small>The substitute took damage for the opposing Ambrosioides!</small><br></div><div class="battle-history"><small>Donner's Sp. Atk fell harshly!</small><br></div><div class="spacer battle-history"><br></div><div class="battle-history">The opposing Ambrosioides used <strong>Thousand Arrows</strong>!<br></div><div class="battle-history"><small>It's super effective!</small><br></div><div class="battle-history"><small>(Donner lost <abbr title="−247/281">87.9%</abbr> of its health!)</small><br></div><div class="spacer battle-history"><br></div><div class="battle-history">Donner fainted!<br></div><div class="spacer battle-history"><br></div><div class="battle-history"><small>The opposing Ambrosioides restored a little HP using its Leftovers!</small><br></div><div class="chat chatmessage-h2opulse"><strong style="color:#6e8c2b"><small>☆</small><span class="username" data-name="H2OPulse">H2OPulse</span>:</strong> <em><i>what is Zygarde</i></em></div><div class="chat chatmessage-h2opulse"><strong style="color:#6e8c2b"><small>☆</small><span class="username" data-name="H2OPulse">H2OPulse</span>:</strong> <em>okay I am going to take you off of my casual team now but Ily</em></div><div class="chat chatmessage-inkbug1 mine"><strong style="color:#e46e0f"><small>☆</small><span class="username" data-name="inkbug1">inkbug1</span>:</strong> <em>i figured i might need to use alternate strats on this one</em></div><div class="chat chatmessage-inkbug1 mine"><strong style="color:#e46e0f"><small>☆</small><span class="username" data-name="inkbug1">inkbug1</span>:</strong> <em>no no no </em></div><div class="chat chatmessage-inkbug1 mine"><strong style="color:#e46e0f"><small>☆</small><span class="username" data-name="inkbug1">inkbug1</span>:</strong> <em>its good</em></div><div class="chat chatmessage-inkbug1 mine"><strong style="color:#e46e0f"><small>☆</small><span class="username" data-name="inkbug1">inkbug1</span>:</strong> <em>i can handle it</em></div><div class="chat chatmessage-h2opulse"><strong style="color:#6e8c2b"><small>☆</small><span class="username" data-name="H2OPulse">H2OPulse</span>:</strong> <em>haha okay</em></div><div class="chat chatmessage-inkbug1 mine"><strong style="color:#e46e0f"><small>☆</small><span class="username" data-name="inkbug1">inkbug1</span>:</strong> <em>just not rn</em></div><div class="chat chatmessage-inkbug1 mine"><strong style="color:#e46e0f"><small>☆</small><span class="username" data-name="inkbug1">inkbug1</span>:</strong> <em>i actually have a lot of options here technically</em></div><div class="chat chatmessage-inkbug1 mine"><strong style="color:#e46e0f"><small>☆</small><span class="username" data-name="inkbug1">inkbug1</span>:</strong> <em>but like not in this battle </em></div><div class="chat chatmessage-inkbug1 mine"><strong style="color:#e46e0f"><small>☆</small><span class="username" data-name="inkbug1">inkbug1</span>:</strong> <em>bc im dumy</em></div><div class="spacer battle-history"><br></div><div class="battle-history">Go! Lemon Drop (<strong>Minior</strong>)!<br></div><div class="battle-history">[Lemon Drop's Shields Down]<br>Shields Down deactivated!<br>(Lemon Drop shielded itself.)<br></div><div class="spacer battle-history"><br></div><h2 class="battle-history">Turn 13</h2><div class="spacer battle-history"><br></div><div class="battle-history">The opposing Ambrosioides used <strong>Thousand Arrows</strong>!<br></div><div class="battle-history"><small>(Lemon Drop lost <abbr title="−204/261">78.2%</abbr> of its health!)</small><br></div><div class="battle-history"><small>Lemon Drop fell straight down!</small><br></div><div class="spacer battle-history"><br></div><div class="battle-history">Lemon Drop used <strong>Shell Smash</strong>!<br></div><div class="battle-history"><small>Lemon Drop's Defense fell!</small><br></div><div class="battle-history"><small>Lemon Drop's Sp. Def fell!</small><br></div><div class="battle-history"><small>Lemon Drop's Attack rose sharply!</small><br></div><div class="battle-history"><small>Lemon Drop's Sp. Atk rose sharply!</small><br></div><div class="battle-history"><small>Lemon Drop's Speed rose sharply!</small><br></div><div class="battle-history"><small>Lemon Drop returned its stats to normal using its White Herb!</small><br></div><div class="spacer battle-history"><br></div><div class="battle-history"><small>The opposing Ambrosioides shook off the taunt!</small><br></div><div class="battle-history">[Lemon Drop's Shields Down]<br>Shields Down activated!<br>(Lemon Drop stopped shielding itself.)<br></div><div class="spacer battle-history"><br></div><h2 class="battle-history">Turn 14</h2><div class="chat chatmessage-inkbug1 mine"><strong style="color:#e46e0f"><small>☆</small><span class="username" data-name="inkbug1">inkbug1</span>:</strong> <em>you sure are faster than base minior huh</em></div><div class="spacer battle-history"><br></div><div class="battle-history">The opposing Ambrosioides used <strong>Extreme Speed</strong>!<br></div><div class="battle-history"><small>It's not very effective...</small><br></div><div class="battle-history"><small>(Lemon Drop lost <abbr title="−57/261">21.8%</abbr> of its health!)</small><br></div><div class="spacer battle-history"><br></div><div class="battle-history">Lemon Drop fainted!<br></div><div class="spacer battle-history"><br></div><div class="battle-history">Go! Goliso Padre (<strong>Golisopod</strong>)!<br></div><div class="spacer battle-history"><br></div><h2 class="battle-history">Turn 15</h2><div class="spacer battle-history"><br></div><div class="battle-history">The opposing Ambrosioides used <strong>Thousand Arrows</strong>!<br></div><div class="battle-history"><small>It's not very effective...</small><br></div><div class="battle-history"><small>(Goliso Padre lost <abbr title="−84/354">23.7%</abbr> of its health!)</small><br></div><div class="spacer battle-history"><br></div><div class="battle-history">Goliso Padre used <strong>Knock Off</strong>!<br></div><div class="battle-history"><small>The opposing Ambrosioides's substitute faded!</small><br></div><div class="spacer battle-history"><br></div><h2 class="battle-history">Turn 16</h2><div class="spacer battle-history"><br></div><div class="battle-history">The opposing Ambrosioides used <strong>Substitute</strong>!<br></div><div class="battle-history"><small>The opposing Ambrosioides put in a substitute!</small><br></div><div class="battle-history"><small>(The opposing Ambrosioides lost 24% of its health!)</small><br></div><div class="spacer battle-history"><br></div><div class="battle-history">Goliso Padre used <strong>Knock Off</strong>!<br></div><div class="battle-history"><small>The substitute took damage for the opposing Ambrosioides!</small><br></div><div class="spacer battle-history"><br></div><div class="battle-history"><small>The opposing Ambrosioides restored a little HP using its Leftovers!</small><br></div><div class="spacer battle-history"><br></div><h2 class="battle-history">Turn 17</h2><div class="spacer battle-history"><br></div><div class="battle-history">The opposing Ambrosioides used <strong>Thousand Arrows</strong>!<br></div><div class="battle-history"><small>It's not very effective...</small><br></div><div class="battle-history"><small>(Goliso Padre lost <abbr title="−78/354">22.0%</abbr> of its health!)</small><br></div><div class="battle-history">[Goliso Padre's Emergency Exit]<br></div><div class="spacer battle-history"><br></div><div class="battle-history">Goliso Padre, come back!<br></div><div class="battle-history">Go! Caramel (<strong>Landorus-Therian</strong>)!<br></div><div class="battle-history">[Caramel's Intimidate]<br></div><div class="battle-history"><small>It doesn't affect the opposing Ambrosioides...</small><br></div><div class="spacer battle-history"><br></div><div class="battle-history"><small>The opposing Ambrosioides restored a little HP using its Leftovers!</small><br></div><div class="spacer battle-history"><br></div><h2 class="battle-history">Turn 18</h2><div class="spacer battle-history"><br></div><div class="battle-history">Caramel used <strong>U-turn</strong>!<br></div><div class="battle-history"><small>The substitute took damage for the opposing Ambrosioides!</small><br></div><div class="spacer battle-history"><br></div><div class="battle-history">Caramel went back to inkbug1!<br></div><div class="battle-history">Go! Goliso Padre (<strong>Golisopod</strong>)!<br></div><div class="spacer battle-history"><br></div><div class="battle-history">The opposing Ambrosioides used <strong>Thousand Arrows</strong>!<br></div><div class="battle-history"><small>It's not very effective...</small><br></div><div class="battle-history"><small>(Goliso Padre lost <abbr title="−82/354">23.2%</abbr> of its health!)</small><br></div><div class="spacer battle-history"><br></div><div class="battle-history"><small>The opposing Ambrosioides restored a little HP using its Leftovers!</small><br></div><div class="spacer battle-history"><br></div><h2 class="battle-history">Turn 19</h2><div class="spacer battle-history"><br></div><div class="battle-history">The opposing Ambrosioides used <strong>Thousand Arrows</strong>!<br></div><div class="battle-history"><small>It's not very effective...</small><br></div><div class="battle-history"><small>(Goliso Padre lost <abbr title="−33/354">9.3%</abbr> of its health!)</small><br></div><div class="spacer battle-history"><br></div><div class="battle-history">Goliso Padre fainted!<br></div><div class="spacer battle-history"><br></div><div class="battle-history"><small>The opposing Ambrosioides restored a little HP using its Leftovers!</small><br></div><div class="spacer battle-history"><br></div><div class="battle-history">Go! Caramel (<strong>Landorus-Therian</strong>)!<br></div><div class="battle-history">[Caramel's Intimidate]<br></div><div class="battle-history"><small>It doesn't affect the opposing Ambrosioides...</small><br></div><div class="spacer battle-history"><br></div><h2 class="battle-history">Turn 20</h2><div class="chat chatmessage-inkbug1 mine"><strong style="color:#e46e0f"><small>☆</small><span class="username" data-name="inkbug1">inkbug1</span>:</strong> <em>ok lets seeee</em></div><div class="spacer battle-history"><br></div><div class="battle-history">Caramel used <strong>Earthquake</strong>!<br></div><div class="battle-history"><small>The opposing Ambrosioides's substitute faded!</small><br></div><div class="spacer battle-history"><br></div><div class="battle-history">The opposing Ambrosioides used <strong>Thousand Arrows</strong>!<br></div><div class="battle-history"><small>(Caramel lost <abbr title="−223/382">58.4%</abbr> of its health!)</small><br></div><div class="battle-history"><small>Caramel fell straight down!</small><br></div><div class="spacer battle-history"><br></div><div class="battle-history"><small>Caramel restored a little HP using its Leftovers!</small><br></div><div class="spacer battle-history"><br></div><h2 class="battle-history">Turn 21</h2><div class="spacer battle-history"><br></div><div class="battle-history">Caramel used <strong>Earthquake</strong>!<br></div><div class="battle-history"><small>(The opposing Ambrosioides lost 16% of its health!)</small><br></div><div class="spacer battle-history"><br></div><div class="battle-history">The opposing Ambrosioides used <strong>Thousand Arrows</strong>!<br></div><div class="battle-history"><small>(Caramel lost <abbr title="−182/382">47.6%</abbr> of its health!)</small><br></div><div class="spacer battle-history"><br></div><div class="battle-history">Caramel fainted!<br></div><div class="spacer battle-history"><br></div><div class="battle-history"><strong>H2OPulse</strong> won the battle!<br></div><div class="chat chatmessage-inkbug1 mine"><strong style="color:#e46e0f"><small>☆</small><span class="username" data-name="inkbug1">inkbug1</span>:</strong> <em>so immediate issue here is i had 0 special attackers for starters, </em></div><div class="chat chatmessage-h2opulse"><strong style="color:#6e8c2b"><small>☆</small><span class="username" data-name="H2OPulse">H2OPulse</span>:</strong> <em>Well</em></div><div class="chat chatmessage-h2opulse"><strong style="color:#6e8c2b"><small>☆</small><span class="username" data-name="H2OPulse">H2OPulse</span>:</strong> <em>that was something</em></div><div class="chat chatmessage-h2opulse"><strong style="color:#6e8c2b"><small>☆</small><span class="username" data-name="H2OPulse">H2OPulse</span>:</strong> <em>I am so sorry</em></div><div class="chat chatmessage-inkbug1 mine"><strong style="color:#e46e0f"><small>☆</small><span class="username" data-name="inkbug1">inkbug1</span>:</strong> <em>and by 0 i mean "one electric type" </em></div></div><div class="inner-preempt message-log"></div></div></div>
</div>
<script>
let daily = Math.floor(Date.now()/1000/60/60/24);document.write('<script src="https://dragonheaven.herokuapp.com/js/replay-embed.js?version'+daily+'"></'+'script>');
</script>
