<!DOCTYPE html>
<meta charset="utf-8" />
<!-- version 1 -->
<title>[Gen 8] Conniecord Draft League replay: inkbug1 vs. H2OPulse</title>
<style>
html,body {font-family:Verdana, sans-serif;font-size:10pt;margin:0;padding:0;}body{padding:12px 0;} .battle-log {font-family:Verdana, sans-serif;font-size:10pt;} .battle-log-inline {border:1px solid #AAAAAA;background:#EEF2F5;color:black;max-width:640px;margin:0 auto 80px;padding-bottom:5px;} .battle-log .inner {padding:4px 8px 0px 8px;} .battle-log .inner-preempt {padding:0 8px 4px 8px;} .battle-log .inner-after {margin-top:0.5em;} .battle-log h2 {margin:0.5em -8px;padding:4px 8px;border:1px solid #AAAAAA;background:#E0E7EA;border-left:0;border-right:0;font-family:Verdana, sans-serif;font-size:13pt;} .battle-log .chat {vertical-align:middle;padding:3px 0 3px 0;font-size:8pt;} .battle-log .chat strong {color:#40576A;} .battle-log .chat em {padding:1px 4px 1px 3px;color:#000000;font-style:normal;} .chat.mine {background:rgba(0,0,0,0.05);margin-left:-8px;margin-right:-8px;padding-left:8px;padding-right:8px;} .spoiler {color:#BBBBBB;background:#BBBBBB;padding:0px 3px;} .spoiler:hover, .spoiler:active, .spoiler-shown {color:#000000;background:#E2E2E2;padding:0px 3px;} .spoiler a {color:#BBBBBB;} .spoiler:hover a, .spoiler:active a, .spoiler-shown a {color:#2288CC;} .chat code, .chat .spoiler:hover code, .chat .spoiler:active code, .chat .spoiler-shown code {border:1px solid #C0C0C0;background:#EEEEEE;color:black;padding:0 2px;} .chat .spoiler code {border:1px solid #CCCCCC;background:#CCCCCC;color:#CCCCCC;} .battle-log .rated {padding:3px 4px;} .battle-log .rated strong {color:white;background:#89A;padding:1px 4px;border-radius:4px;} .spacer {margin-top:0.5em;} .message-announce {background:#6688AA;color:white;padding:1px 4px 2px;} .message-announce a, .broadcast-green a, .broadcast-blue a, .broadcast-red a {color:#DDEEFF;} .broadcast-green {background-color:#559955;color:white;padding:2px 4px;} .broadcast-blue {background-color:#6688AA;color:white;padding:2px 4px;} .infobox {border:1px solid #6688AA;padding:2px 4px;} .infobox-limited {max-height:200px;overflow:auto;overflow-x:hidden;} .broadcast-red {background-color:#AA5544;color:white;padding:2px 4px;} .message-learn-canlearn {font-weight:bold;color:#228822;text-decoration:underline;} .message-learn-cannotlearn {font-weight:bold;color:#CC2222;text-decoration:underline;} .message-effect-weak {font-weight:bold;color:#CC2222;} .message-effect-resist {font-weight:bold;color:#6688AA;} .message-effect-immune {font-weight:bold;color:#666666;} .message-learn-list {margin-top:0;margin-bottom:0;} .message-throttle-notice, .message-error {color:#992222;} .message-overflow, .chat small.message-overflow {font-size:0pt;} .message-overflow::before {font-size:9pt;content:'...';} .subtle {color:#3A4A66;}
</style>
<div class="wrapper replay-wrapper" style="max-width:1180px;margin:0 auto">
<input type="hidden" name="replayid" value="dragonheaven-gen8conniecorddraftleague-299-pj2217olstkdvvcbc0iq7yv4zq65oy3pw" />
<div class="battle"></div><div class="battle-log"></div><div class="replay-controls"></div><div class="replay-controls-2"></div>
<h1 style="font-weight:normal;text-align:center"><strong>[Gen 8] Conniecord Draft League</strong><br /><a href="http://pokemonshowdown.com/users/inkbug1" class="subtle" target="_blank">inkbug1</a> vs. <a href="http://pokemonshowdown.com/users/h2opulse" class="subtle" target="_blank">H2OPulse</a></h1>
<script type="text/plain" class="battle-log-data">|raw|<div class="broadcast-red"><strong>This battle is invite-only!<\/strong><br \/>Users must be invited with <code>\/invite<\/code> (or be staff) to join<\/div>
|j|☆inkbug1

|j|☆H2OPulse
|t:|1639530456
|player|p1|inkbug1|burgh|
|player|p2|H2OPulse|aetherfoundation|
|teamsize|p1|6
|teamsize|p2|6
|gametype|singles
|gen|8
|tier|[Gen 8] Conniecord Draft League
|clearpoke
|poke|p1|Neuroboxin, M|
|poke|p1|Buzzstacian, F|
|poke|p1|Dracalloy, F|
|poke|p1|Grimmsnarl, M|
|poke|p1|Volcanion|
|poke|p1|Noivern, M|
|poke|p2|Araquanid, M|
|poke|p2|Vaporeon, F|
|poke|p2|Flufnir, M|
|poke|p2|Flygon, M|
|poke|p2|Scizor, F|
|poke|p2|Poultergeist, M|
|rule|HP Percentage Mod: HP is shown in percentages
|rule|Endless Battle Clause: Forcing endless battles is banned
|rule|OHKO Clause: OHKO moves are banned
|rule|Evasion Moves Clause: Evasion moves are banned
|rule|Species Clause: Limit one of each Pokémon (not counting forms)
|rule|Dynamax Clause: You cannot dynamax
|rule|Sleep Clause Mod: Limit one foe put to sleep
|rule|Z-Move Clause: Z-Moves are banned
|teampreview
|c|☆H2OPulse|Good luck and have fun OO:
|c|☆inkbug1|\/log Low-Key-G-Mazing was invited (and promoted to Room Voice) by inkbug1.
|j|+Low-Key-G-Mazing
|c|☆H2OPulse|I am slightly more used to this team I'm curious how it does
|c|+Low-Key-G-Mazing|ty
|c|☆H2OPulse|(oh man wait Low-Key you need to see the)
|c|☆inkbug1|oh i forgot to save the first replay, did you get it? 
|c|☆H2OPulse|I did!
|c|☆inkbug1|ok
|c|☆H2OPulse|I also just invited Low-Key they have to see you wipe the floor with me P:
|c|☆H2OPulse|\/log kha243 was invited (and promoted to Room Voice) by H2OPulse.
|c|☆inkbug1|on accident mostly
|c|+Low-Key-G-Mazing|i really wanna build for this meta tbh
|j|+kha243
|c|☆inkbug1|i wanna design dracalloy its a friend
|c|+Low-Key-G-Mazing|it seems really fun
|c|☆inkbug1|i want it to have sprites
|
|t:|1639530536
|start
|switch|p1a: Rooibos|Volcanion|363\/363
|switch|p2a: Spilly|Araquanid, M|100\/100
|turn|1
|c|☆H2OPulse|I remember you saying you had a super specific mental image of it I'm so interested
|
|t:|1639530555
|move|p2a: Spilly|Toxic|p1a: Rooibos
|-status|p1a: Rooibos|tox
|move|p1a: Rooibos|Sludge Wave|p2a: Spilly
|-damage|p2a: Spilly|70\/100
|
|-damage|p1a: Rooibos|341\/363 tox|[from] psn
|upkeep
|turn|2
|c|☆inkbug1|i tried to draw it once but i couldnt get it to work 
|c|☆H2OPulse|Ohhh fair
|c|☆inkbug1|well thats gonna be an issue hm 
|
|t:|1639530594
|switch|p1a: Martini|Buzzstacian, F|438\/438
|-start|p1a: Martini|typechange|Grass\/Electric|[silent]
|raw|<ul class="utilichart"><li class="result"><span class="col pokemonnamecol" style="white-space: nowrap">Buzzstacian<\/span> <span class="col typecol"><img src="https:\/\/play.pokemonshowdown.com\/sprites\/types\/Grass.png" alt="Grass" height="14" width="32"><img src="https:\/\/play.pokemonshowdown.com\/sprites\/types\/Electric.png" alt="Electric" height="14" width="32"><\/span> <span style="float: left ; min-height: 26px"><span class="col abilitycol">Natural Cure \/ Leaf Guard \/ Marvel Scale<\/span><span class="col abilitycol"><\/span><\/span><\/li><li style="clear: both"><\/li><\/ul>
|raw|<ul class="utilichart"><li class="result"><span style="float: left ; min-height: 26px"><span class="col statcol"><em>HP<\/em><br>117<\/span> <span class="col statcol"><em>Atk<\/em><br>49<\/span> <span class="col statcol"><em>Def<\/em><br>84<\/span> <span class="col statcol"><em>SpA<\/em><br>101<\/span> <span class="col statcol"><em>SpD<\/em><br>106<\/span> <span class="col statcol"><em>Spe<\/em><br>63<\/span> <\/span><\/li><li style="clear: both"><\/li><\/ul>
|move|p2a: Spilly|Sticky Web|p1a: Martini
|-sidestart|p1: inkbug1|move: Sticky Web
|
|-status|p1a: Martini|brn|[from] item: Flame Orb
|upkeep
|turn|3
|
|t:|1639530621
|switch|p2a: Rosemary|Poultergeist, M|100\/100
|-start|p2a: Rosemary|typechange|Fire\/Flying|[silent]
|raw|<ul class="utilichart"><li class="result"><span class="col pokemonnamecol" style="white-space: nowrap">Poultergeist<\/span> <span class="col typecol"><img src="https:\/\/play.pokemonshowdown.com\/sprites\/types\/Fire.png" alt="Fire" height="14" width="32"><img src="https:\/\/play.pokemonshowdown.com\/sprites\/types\/Flying.png" alt="Flying" height="14" width="32"><\/span> <span style="float: left ; min-height: 26px"><span class="col abilitycol">Chicken Out<\/span><span class="col abilitycol"><\/span><\/span><\/li><li style="clear: both"><\/li><\/ul>
|raw|<ul class="utilichart"><li class="result"><span style="float: left ; min-height: 26px"><span class="col statcol"><em>HP<\/em><br>105<\/span> <span class="col statcol"><em>Atk<\/em><br>65<\/span> <span class="col statcol"><em>Def<\/em><br>85<\/span> <span class="col statcol"><em>SpA<\/em><br>105<\/span> <span class="col statcol"><em>SpD<\/em><br>85<\/span> <span class="col statcol"><em>Spe<\/em><br>73<\/span> <\/span><\/li><li style="clear: both"><\/li><\/ul>
|move|p1a: Martini|Leech Seed|p2a: Rosemary
|-start|p2a: Rosemary|move: Leech Seed
|
|-damage|p2a: Rosemary|88\/100|[from] Leech Seed|[of] p1a: Martini
|-damage|p1a: Martini|411\/438 brn|[from] brn
|upkeep
|turn|4
|c|+kha243|i think its incredible how good your drawings are anyway
|c|☆inkbug1|awe ty ! 
|
|t:|1639530656
|move|p2a: Rosemary|Overheat|p1a: Martini|[miss]
|-miss|p2a: Rosemary|p1a: Martini
|move|p1a: Martini|Calm Mind|p1a: Martini
|-boost|p1a: Martini|spa|1
|-boost|p1a: Martini|spd|1
|
|-damage|p2a: Rosemary|75\/100|[from] Leech Seed|[of] p1a: Martini
|-heal|p1a: Martini|438\/438 brn|[silent]
|-damage|p1a: Martini|411\/438 brn|[from] brn
|upkeep
|turn|5
|c|☆inkbug1|kajshdkjahsdmdh 
|c|☆inkbug1|im sorry 
|
|t:|1639530665
|move|p2a: Rosemary|Overheat|p1a: Martini
|-supereffective|p1a: Martini
|-damage|p1a: Martini|159\/438 brn
|-unboost|p2a: Rosemary|spa|2
|move|p1a: Martini|Calm Mind|p1a: Martini
|-boost|p1a: Martini|spa|1
|-boost|p1a: Martini|spd|1
|
|-damage|p2a: Rosemary|63\/100|[from] Leech Seed|[of] p1a: Martini
|-heal|p1a: Martini|203\/438 brn|[silent]
|-damage|p1a: Martini|176\/438 brn|[from] brn
|upkeep
|turn|6
|c|☆H2OPulse|Pff no worries :'D
|
|t:|1639530677
|move|p2a: Rosemary|U-turn|p1a: Martini
|-supereffective|p1a: Martini
|-damage|p1a: Martini|140\/438 brn
|c|☆H2OPulse|Does Martini have recovery or anything I am not deeply familiar
|c|☆H2OPulse|I will find out
|
|t:|1639530690
|switch|p2a: Ophrys|Scizor, F|100\/100|[from]move: U-turn
|move|p1a: Martini|Pollen Puff|p2a: Ophrys
|-resisted|p2a: Ophrys
|-damage|p2a: Ophrys|76\/100
|
|-damage|p1a: Martini|113\/438 brn|[from] brn
|upkeep
|turn|7
|c|☆inkbug1|it has access, i think but im not running it
|c|☆H2OPulse|Fair okay :'D
|raw|<div class="message"><ul class="utilichart"><li class="result"><span class="col numcol">UU<\/span> <span class="col iconcol"><psicon pokemon="scizor"\/><\/span> <span class="col pokemonnamecol" style="white-space:nowrap"><a href="https:\/\/dex.pokemonshowdown.com\/pokemon\/scizor" target="_blank">Scizor<\/a><\/span> <span class="col typecol"><img src="https:\/\/play.pokemonshowdown.com\/sprites\/types\/Bug.png" alt="Bug" height="14" width="32"><img src="https:\/\/play.pokemonshowdown.com\/sprites\/types\/Steel.png" alt="Steel" height="14" width="32"><\/span> <span style="float:left;min-height:26px"><span class="col twoabilitycol">Swarm<br \/>Technician<\/span><span class="col abilitycol"><em>Light Metal<\/em><\/span><\/span><span style="float:left;min-height:26px"><span class="col statcol"><em>HP<\/em><br \/>70<\/span> <span class="col statcol"><em>Atk<\/em><br \/>130<\/span> <span class="col statcol"><em>Def<\/em><br \/>100<\/span> <span class="col statcol"><em>SpA<\/em><br \/>55<\/span> <span class="col statcol"><em>SpD<\/em><br \/>80<\/span> <span class="col statcol"><em>Spe<\/em><br \/>65<\/span> <span class="col bstcol"><em>BST<br \/>500<\/em><\/span> <\/span><\/li><li style="clear:both"><\/li><\/ul><\/div>
|raw|<font size="1"><font color="#686868">Dex#:<\/font> 212&nbsp;|&ThickSpace;<font color="#686868">Gen:<\/font> 2&nbsp;|&ThickSpace;<font color="#686868">Height:<\/font> 1.8 m&nbsp;|&ThickSpace;<font color="#686868">Weight:<\/font> 118 kg <em>(100 BP)<\/em>&nbsp;|&ThickSpace;<font color="#686868">Dex Colour:<\/font> Red&nbsp;|&ThickSpace;<font color="#686868">Egg Group(s):<\/font> Bug&nbsp;|&ThickSpace;<font color="#686868">Does Not Evolve<\/font><\/font>

|raw|<div class="message"><ul class="utilichart"><li class="result"><span class="col numcol">CCD1<\/span> <span class="col iconcol"><psicon pokemon="buzzstacian"\/><\/span> <span class="col pokemonnamecol" style="white-space:nowrap"><a href="https:\/\/dex.pokemonshowdown.com\/pokemon\/buzzstacian" target="_blank">Buzzstacian<\/a><\/span> <span class="col typecol"><img src="https:\/\/play.pokemonshowdown.com\/sprites\/types\/Grass.png" alt="Grass" height="14" width="32"><img src="https:\/\/play.pokemonshowdown.com\/sprites\/types\/Electric.png" alt="Electric" height="14" width="32"><\/span> <span style="float:left;min-height:26px"><span class="col twoabilitycol">Natural Cure<br \/>Leaf Guard<\/span><span class="col abilitycol"><em>Marvel Scale<\/em><\/span><\/span><span style="float:left;min-height:26px"><span class="col statcol"><em>HP<\/em><br \/>117<\/span> <span class="col statcol"><em>Atk<\/em><br \/>49<\/span> <span class="col statcol"><em>Def<\/em><br \/>84<\/span> <span class="col statcol"><em>SpA<\/em><br \/>101<\/span> <span class="col statcol"><em>SpD<\/em><br \/>106<\/span> <span class="col statcol"><em>Spe<\/em><br \/>63<\/span> <span class="col bstcol"><em>BST<br \/>520<\/em><\/span> <\/span><\/li><li style="clear:both"><\/li><\/ul><\/div>
|raw|<font size="1"><font color="#686868">Dex#:<\/font> -1002&nbsp;|&ThickSpace;<font color="#686868">Gen:<\/font> 0&nbsp;|&ThickSpace;<font color="#686868">Height:<\/font> 1.4 m&nbsp;|&ThickSpace;<font color="#686868">Weight:<\/font> 54 kg <em>(80 BP)<\/em>&nbsp;|&ThickSpace;<font color="#686868">Dex Colour:<\/font> Green&nbsp;|&ThickSpace;<font color="#686868">Egg Group(s):<\/font> Water 3&nbsp;|&ThickSpace;<font color="#686868">Does Not Evolve<\/font><\/font>

|
|t:|1639530729
|detailschange|p2a: Ophrys|Scizor-Mega, F
|-mega|p2a: Ophrys|Scizor|Scizorite
|-start|p2a: Ophrys|typechange|Bug\/Steel|[silent]
|raw|<ul class="utilichart"><li class="result"><span class="col pokemonnamecol" style="white-space: nowrap">Scizor-Mega<\/span> <span class="col typecol"><img src="https:\/\/play.pokemonshowdown.com\/sprites\/types\/Bug.png" alt="Bug" height="14" width="32"><img src="https:\/\/play.pokemonshowdown.com\/sprites\/types\/Steel.png" alt="Steel" height="14" width="32"><\/span> <span style="float: left ; min-height: 26px"><span class="col abilitycol">Technician<\/span><span class="col abilitycol"><\/span><\/span><span style="float: left ; min-height: 26px"><span class="col statcol"><em>HP<\/em><br>70<\/span> <span class="col statcol"><em>Atk<\/em><br>150<\/span> <span class="col statcol"><em>Def<\/em><br>140<\/span> <span class="col statcol"><em>SpA<\/em><br>65<\/span> <span class="col statcol"><em>SpD<\/em><br>100<\/span> <span class="col statcol"><em>Spe<\/em><br>75<\/span> <\/span><\/li><li style="clear: both"><\/li><\/ul>
|move|p2a: Ophrys|U-turn|p1a: Martini
|-supereffective|p1a: Martini
|-damage|p1a: Martini|0 fnt
|faint|p1a: Martini
|c|☆inkbug1|yeah ok figured tht was not worth a shot
|
|t:|1639530742
|switch|p2a: Lotus|Flygon, M|100\/100|[from]move: U-turn
|
|upkeep
|
|t:|1639530751
|switch|p1a: Octo Eight-Step|Neuroboxin, M|369\/369
|-start|p1a: Octo Eight-Step|typechange|Poison\/Fighting|[silent]
|raw|<ul class="utilichart"><li class="result"><span class="col pokemonnamecol" style="white-space: nowrap">Neuroboxin<\/span> <span class="col typecol"><img src="https:\/\/play.pokemonshowdown.com\/sprites\/types\/Poison.png" alt="Poison" height="14" width="32"><img src="https:\/\/play.pokemonshowdown.com\/sprites\/types\/Fighting.png" alt="Fighting" height="14" width="32"><\/span> <span style="float: left ; min-height: 26px"><span class="col abilitycol">Infiltrator \/ Sticky Hold \/ Trace<\/span><span class="col abilitycol"><\/span><\/span><\/li><li style="clear: both"><\/li><\/ul>
|raw|<ul class="utilichart"><li class="result"><span style="float: left ; min-height: 26px"><span class="col statcol"><em>HP<\/em><br>114<\/span> <span class="col statcol"><em>Atk<\/em><br>72<\/span> <span class="col statcol"><em>Def<\/em><br>96<\/span> <span class="col statcol"><em>SpA<\/em><br>85<\/span> <span class="col statcol"><em>SpD<\/em><br>81<\/span> <span class="col statcol"><em>Spe<\/em><br>109<\/span> <\/span><\/li><li style="clear: both"><\/li><\/ul>
|-activate|p1a: Octo Eight-Step|move: Sticky Web
|-unboost|p1a: Octo Eight-Step|spe|1
|-ability|p1a: Octo Eight-Step|Levitate|[from] ability: Trace|[of] p2a: Lotus
|turn|8
|
|t:|1639530758
|move|p2a: Lotus|U-turn|p1a: Octo Eight-Step
|-resisted|p1a: Octo Eight-Step
|-damage|p1a: Octo Eight-Step|349\/369
|
|t:|1639530777
|switch|p2a: Rosemary|Poultergeist, M|63\/100|[from]move: U-turn
|-start|p2a: Rosemary|typechange|Fire\/Flying|[silent]
|move|p1a: Octo Eight-Step|Knock Off|p2a: Rosemary
|-damage|p2a: Rosemary|35\/100
|-enditem|p2a: Rosemary|Heavy-Duty Boots|[from] move: Knock Off|[of] p1a: Octo Eight-Step
|
|upkeep
|turn|9
|
|t:|1639530787
|switch|p1a: Rooibos|Volcanion|341\/363 tox
|-activate|p1a: Rooibos|move: Sticky Web
|-unboost|p1a: Rooibos|spe|1
|move|p2a: Rosemary|Will-O-Wisp||[still]
|-fail|p2a: Rosemary
|
|-damage|p1a: Rooibos|319\/363 tox|[from] psn
|upkeep
|turn|10
|
|t:|1639530797
|move|p2a: Rosemary|Hex|p1a: Rooibos
|-damage|p1a: Rooibos|228\/363 tox
|move|p1a: Rooibos|Steam Eruption|p2a: Rosemary
|-supereffective|p2a: Rosemary
|-damage|p2a: Rosemary|0 fnt
|faint|p2a: Rosemary
|detailschange|p2a: Rosemary|Poultergeist-Headless, M
|-ability|p2a: Rosemary|Chicken Out
|-message|Rosemary ran off somewhere...
|
|-damage|p1a: Rooibos|184\/363 tox|[from] psn
|upkeep
|
|t:|1639530810
|switch|p2a: Lotus|Flygon, M|100\/100
|turn|11
|
|t:|1639530838
|switch|p1a: Oliver|Noivern, M|311\/311
|-item|p2a: Lotus|Choice Scarf|[from] ability: Frisk|[of] p1a: Oliver|[identify]
|move|p2a: Lotus|U-turn|p1a: Oliver
|-resisted|p1a: Oliver
|-damage|p1a: Oliver|269\/311
|
|t:|1639530863
|switch|p2a: Rosemary|Poultergeist-Headless, M|100\/100|[from]move: U-turn
|-start|p2a: Rosemary|typechange|Fire\/Ghost|[silent]
|raw|<ul class="utilichart"><li class="result"><span class="col pokemonnamecol" style="white-space: nowrap">Poultergeist-Headless<\/span> <span class="col typecol"><img src="https:\/\/play.pokemonshowdown.com\/sprites\/types\/Fire.png" alt="Fire" height="14" width="32"><img src="https:\/\/play.pokemonshowdown.com\/sprites\/types\/Ghost.png" alt="Ghost" height="14" width="32"><\/span> <span style="float: left ; min-height: 26px"><span class="col abilitycol">Wonder Guard<\/span><span class="col abilitycol"><\/span><\/span><\/li><li style="clear: both"><\/li><\/ul>
|raw|<ul class="utilichart"><li class="result"><span style="float: left ; min-height: 26px"><span class="col statcol"><em>HP<\/em><br>1<\/span> <span class="col statcol"><em>Atk<\/em><br>65<\/span> <span class="col statcol"><em>Def<\/em><br>85<\/span> <span class="col statcol"><em>SpA<\/em><br>105<\/span> <span class="col statcol"><em>SpD<\/em><br>85<\/span> <span class="col statcol"><em>Spe<\/em><br>113<\/span> <\/span><\/li><li style="clear: both"><\/li><\/ul>
|
|upkeep
|turn|12
|
|t:|1639530872
|move|p1a: Oliver|Defog|p2a: Rosemary
|-unboost|p2a: Rosemary|evasion|1
|-sideend|p1: inkbug1|Sticky Web|[from] move: Defog|[of] p1a: Oliver
|move|p2a: Rosemary|Will-O-Wisp|p1a: Oliver
|-status|p1a: Oliver|brn
|
|-damage|p1a: Oliver|250\/311 brn|[from] brn
|upkeep
|turn|13
|
|t:|1639530880
|switch|p1a: Octo Eight-Step|Neuroboxin, M|349\/369
|-start|p1a: Octo Eight-Step|typechange|Poison\/Fighting|[silent]
|-ability|p1a: Octo Eight-Step|Wonder Guard|[from] ability: Trace|[of] p2a: Rosemary
|move|p2a: Rosemary|Hex|p1a: Octo Eight-Step
|-immune|p1a: Octo Eight-Step|[from] ability: Wonder Guard
|
|upkeep
|turn|14
|c|☆H2OPulse|Forgot
|c|☆inkbug1|hmmm...
|c|+Low-Key-G-Mazing|classic strat
|
|t:|1639530931
|switch|p2a: Lotus|Flygon, M|100\/100
|move|p1a: Octo Eight-Step|U-turn|p2a: Lotus
|-crit|p2a: Lotus
|-damage|p2a: Lotus|67\/100
|
|t:|1639530947
|switch|p1a: Juniper|Grimmsnarl, M|394\/394
|
|upkeep
|turn|15
|
|t:|1639530958
|move|p1a: Juniper|Reflect|p1a: Juniper
|-sidestart|p1: inkbug1|Reflect
|move|p2a: Lotus|U-turn|p1a: Juniper
|-damage|p1a: Juniper|340\/394
|
|t:|1639530963
|switch|p2a: Spilly|Araquanid, M|70\/100|[from]move: U-turn
|
|upkeep
|turn|16
|c|☆inkbug1|you're at full six still r
|c|☆inkbug1|yeah
|c|☆H2OPulse|Yes
|
|t:|1639530986
|switch|p1a: Oliver|Noivern, M|250\/311 brn
|-item|p2a: Spilly|Heavy-Duty Boots|[from] ability: Frisk|[of] p1a: Oliver|[identify]
|move|p2a: Spilly|Sticky Web|p1a: Oliver
|-sidestart|p1: inkbug1|move: Sticky Web
|
|-damage|p1a: Oliver|231\/311 brn|[from] brn
|upkeep
|turn|17
|
|t:|1639530993
|switch|p2a: Rosemary|Poultergeist-Headless, M|100\/100
|-start|p2a: Rosemary|typechange|Fire\/Ghost|[silent]
|move|p1a: Oliver|Hurricane|p2a: Rosemary
|-immune|p2a: Rosemary|[from] ability: Wonder Guard
|
|-damage|p1a: Oliver|212\/311 brn|[from] brn
|upkeep
|turn|18
|
|t:|1639531001
|switch|p1a: Rooibos|Volcanion|184\/363 tox
|-activate|p1a: Rooibos|move: Sticky Web
|-unboost|p1a: Rooibos|spe|1
|move|p2a: Rosemary|Will-O-Wisp||[still]
|-fail|p2a: Rosemary
|
|-damage|p1a: Rooibos|162\/363 tox|[from] psn
|upkeep
|turn|19
|
|t:|1639531023
|move|p2a: Rosemary|U-turn|p1a: Rooibos
|-resisted|p1a: Rooibos
|-damage|p1a: Rooibos|154\/363 tox
|
|t:|1639531026
|switch|p2a: Cattail|Vaporeon, F|100\/100|[from]move: U-turn
|move|p1a: Rooibos|Steam Eruption|p2a: Cattail
|-immune|p2a: Cattail|[from] ability: Water Absorb
|
|-damage|p1a: Rooibos|110\/363 tox|[from] psn
|upkeep
|turn|20
|c|☆inkbug1|yea 
|
|t:|1639531049
|switch|p1a: Edison|Dracalloy, F|333\/333
|-start|p1a: Edison|typechange|Steel\/Dragon|[silent]
|raw|<ul class="utilichart"><li class="result"><span class="col pokemonnamecol" style="white-space: nowrap">Dracalloy<\/span> <span class="col typecol"><img src="https:\/\/play.pokemonshowdown.com\/sprites\/types\/Steel.png" alt="Steel" height="14" width="32"><img src="https:\/\/play.pokemonshowdown.com\/sprites\/types\/Dragon.png" alt="Dragon" height="14" width="32"><\/span> <span style="float: left ; min-height: 26px"><span class="col abilitycol">Levitate \/ Lightning Rod<\/span><span class="col abilitycol"><\/span><\/span><\/li><li style="clear: both"><\/li><\/ul>
|raw|<ul class="utilichart"><li class="result"><span style="float: left ; min-height: 26px"><span class="col statcol"><em>HP<\/em><br>96<\/span> <span class="col statcol"><em>Atk<\/em><br>115<\/span> <span class="col statcol"><em>Def<\/em><br>85<\/span> <span class="col statcol"><em>SpA<\/em><br>75<\/span> <span class="col statcol"><em>SpD<\/em><br>110<\/span> <span class="col statcol"><em>Spe<\/em><br>84<\/span> <\/span><\/li><li style="clear: both"><\/li><\/ul>
|move|p2a: Cattail|Wish|p2a: Cattail
|
|upkeep
|turn|21
|
|t:|1639531056
|move|p1a: Edison|Hone Claws|p1a: Edison
|-boost|p1a: Edison|atk|1
|-boost|p1a: Edison|accuracy|1
|move|p2a: Cattail|Flip Turn|p1a: Edison
|-resisted|p1a: Edison
|-damage|p1a: Edison|320\/333
|c|☆H2OPulse|Edison scares me so much
|
|t:|1639531083
|switch|p2a: Cortaderia|Flufnir, M|100\/100|[from]move: Flip Turn
|-start|p2a: Cortaderia|typechange|Normal\/Dragon|[silent]
|raw|<ul class="utilichart"><li class="result"><span class="col pokemonnamecol" style="white-space: nowrap">Flufnir<\/span> <span class="col typecol"><img src="https:\/\/play.pokemonshowdown.com\/sprites\/types\/Normal.png" alt="Normal" height="14" width="32"><img src="https:\/\/play.pokemonshowdown.com\/sprites\/types\/Dragon.png" alt="Dragon" height="14" width="32"><\/span> <span style="float: left ; min-height: 26px"><span class="col abilitycol">Fluffy \/ Hustle \/ Natural Cure<\/span><span class="col abilitycol"><\/span><\/span><\/li><li style="clear: both"><\/li><\/ul>
|raw|<ul class="utilichart"><li class="result"><span style="float: left ; min-height: 26px"><span class="col statcol"><em>HP<\/em><br>128<\/span> <span class="col statcol"><em>Atk<\/em><br>136<\/span> <span class="col statcol"><em>Def<\/em><br>64<\/span> <span class="col statcol"><em>SpA<\/em><br>80<\/span> <span class="col statcol"><em>SpD<\/em><br>64<\/span> <span class="col statcol"><em>Spe<\/em><br>63<\/span> <\/span><\/li><li style="clear: both"><\/li><\/ul>
|
|-heal|p1a: Edison|333\/333|[from] item: Leftovers
|upkeep
|turn|22
|
|t:|1639531092
|move|p1a: Edison|Scale Shot|p2a: Cortaderia
|-supereffective|p2a: Cortaderia
|-damage|p2a: Cortaderia|64\/100
|-supereffective|p2a: Cortaderia
|-damage|p2a: Cortaderia|26\/100
|-supereffective|p2a: Cortaderia
|-damage|p2a: Cortaderia|0 fnt
|-hitcount|p2a: Cortaderia|3
|-unboost|p1a: Edison|def|1
|-boost|p1a: Edison|spe|1
|faint|p2a: Cortaderia
|
|-sideend|p1: inkbug1|Reflect
|upkeep
|c|+Low-Key-G-Mazing|edison.
|c|☆H2OPulse|Yeah
|c|☆inkbug1|oh right bc shes actully at +1 this time
|c|☆inkbug1|bc of 
|c|☆inkbug1|intimidate
|c|☆H2OPulse|__ahh wait__ I just realized there was something I could have done if I didn't let you set up first
|c|☆inkbug1|ah rip
|c|☆H2OPulse|I will beat Edison one day
|c|☆H2OPulse|Today is probably not that day
|c|☆inkbug1|asdasdasd
|c|+Low-Key-G-Mazing|based edison
|
|t:|1639531170
|switch|p2a: Spilly|Araquanid, M|70\/100
|turn|23
|c|☆inkbug1|why is scale shot kinda insane tho 
|
|t:|1639531178
|move|p1a: Edison|Scale Shot|p2a: Spilly
|-damage|p2a: Spilly|47\/100
|-damage|p2a: Spilly|23\/100
|-damage|p2a: Spilly|0 fnt
|-hitcount|p2a: Spilly|3
|-unboost|p1a: Edison|def|1
|-boost|p1a: Edison|spe|1
|faint|p2a: Spilly
|
|upkeep
|
|t:|1639531186
|switch|p2a: Ophrys|Scizor-Mega, F|76\/100
|-start|p2a: Ophrys|typechange|Bug\/Steel|[silent]
|turn|24
|
|t:|1639531196
|move|p1a: Edison|Scale Shot|p2a: Ophrys
|-resisted|p2a: Ophrys
|-damage|p2a: Ophrys|72\/100
|-resisted|p2a: Ophrys
|-damage|p2a: Ophrys|67\/100
|-resisted|p2a: Ophrys
|-damage|p2a: Ophrys|62\/100
|-resisted|p2a: Ophrys
|-damage|p2a: Ophrys|56\/100
|-hitcount|p2a: Ophrys|4
|-unboost|p1a: Edison|def|1
|-boost|p1a: Edison|spe|1
|move|p2a: Ophrys|Swords Dance|p2a: Ophrys
|-boost|p2a: Ophrys|atk|2
|
|upkeep
|turn|25
|c|☆inkbug1|ok fair i wasnt sure what the best move here is 
|
|t:|1639531210
|move|p2a: Ophrys|Bullet Punch|p1a: Edison
|-resisted|p1a: Edison
|-damage|p1a: Edison|30\/333
|move|p1a: Edison|Iron Head|p2a: Ophrys
|-resisted|p2a: Ophrys
|-damage|p2a: Ophrys|40\/100
|
|-heal|p1a: Edison|50\/333|[from] item: Leftovers
|upkeep
|turn|26
|c|☆inkbug1|ajgdajdgajgsdjasgd
|c|☆H2OPulse|Oooo nice
|c|☆H2OPulse|Cool with that damage
|c|☆inkbug1|fair 
|
|t:|1639531233
|switch|p1a: Rooibos|Volcanion|110\/363 tox
|-activate|p1a: Rooibos|move: Sticky Web
|-unboost|p1a: Rooibos|spe|1
|move|p2a: Ophrys|Roost|p2a: Ophrys
|-heal|p2a: Ophrys|90\/100
|-singleturn|p2a: Ophrys|move: Roost
|
|-damage|p1a: Rooibos|88\/363 tox|[from] psn
|upkeep
|turn|27
|c|☆inkbug1|you still have vaporeon right 
|c|☆H2OPulse|Yes
|c|☆inkbug1|k
|c|☆H2OPulse|The interface is annoying oops uh
|c|☆H2OPulse|Scizor, Poultergeist, Vaporeon and Flygon are all still alive
|c|☆inkbug1|right 
|c|☆H2OPulse|Vaporeon and obviously Poultergeist are at full
|c|☆inkbug1|listing poultergeist in "things that are alive" reminds me of this 
|
|t:|1639531306
|move|p2a: Ophrys|U-turn|p1a: Rooibos
|-resisted|p1a: Rooibos
|-damage|p1a: Rooibos|0 fnt
|faint|p1a: Rooibos
|c|☆H2OPulse|Oh nice
|
|t:|1639531319
|switch|p2a: Cattail|Vaporeon, F|100\/100|[from]move: U-turn
|
|upkeep
|c|☆inkbug1|like the characters page on a webcomic theres a character panel for someone whos like a ghost and it goes like 
|c|☆inkbug1|"a ghost currently living (WELL NOT EXACTLY LIVING PER SE) in main characters house-" 
|c|☆H2OPulse|__kfjhgk__
|
|t:|1639531362
|switch|p1a: Oliver|Noivern, M|212\/311 brn
|-item|p2a: Cattail|Leftovers|[from] ability: Frisk|[of] p1a: Oliver|[identify]
|turn|28
|
|t:|1639531376
|move|p1a: Oliver|Defog|p2a: Cattail
|-unboost|p2a: Cattail|evasion|1
|-sideend|p1: inkbug1|Sticky Web|[from] move: Defog|[of] p1a: Oliver
|move|p2a: Cattail|Flip Turn|p1a: Oliver
|-resisted|p1a: Oliver
|-damage|p1a: Oliver|182\/311 brn
|c|☆H2OPulse|Noooo I liked having those
|c|☆H2OPulse|RIP Spilly
|
|t:|1639531388
|switch|p2a: Rosemary|Poultergeist-Headless, M|100\/100|[from]move: Flip Turn
|-start|p2a: Rosemary|typechange|Fire\/Ghost|[silent]
|
|-damage|p1a: Oliver|163\/311 brn|[from] brn
|upkeep
|turn|29
|
|t:|1639531401
|switch|p1a: Octo Eight-Step|Neuroboxin, M|349\/369
|-start|p1a: Octo Eight-Step|typechange|Poison\/Fighting|[silent]
|-ability|p1a: Octo Eight-Step|Wonder Guard|[from] ability: Trace|[of] p2a: Rosemary
|move|p2a: Rosemary|Hex|p1a: Octo Eight-Step
|-immune|p1a: Octo Eight-Step|[from] ability: Wonder Guard
|
|upkeep
|turn|30
|c|☆inkbug1|HMMMM mmmm m 
|c|☆H2OPulse|__wait I was ready for that but I clicked the wrong move__
|c|☆H2OPulse|I was so excited when you sent him in and so confused when Wonder Guard activated
|c|☆inkbug1|akshda sorry 
|c|☆H2OPulse|I'm just dumb :'D
|
|t:|1639531446
|switch|p2a: Lotus|Flygon, M|67\/100
|move|p1a: Octo Eight-Step|Knock Off|p2a: Lotus
|-damage|p2a: Lotus|35\/100
|-enditem|p2a: Lotus|Choice Scarf|[from] move: Knock Off|[of] p1a: Octo Eight-Step
|
|upkeep
|turn|31
|
|t:|1639531460
|switch|p1a: Edison|Dracalloy, F|50\/333
|-start|p1a: Edison|typechange|Steel\/Dragon|[silent]
|move|p2a: Lotus|Earthquake|p1a: Edison
|-immune|p1a: Edison|[from] ability: Levitate
|
|-heal|p1a: Edison|70\/333|[from] item: Leftovers
|upkeep
|turn|32
|
|t:|1639531491
|move|p2a: Lotus|U-turn|p1a: Edison
|-resisted|p1a: Edison
|-damage|p1a: Edison|29\/333
|
|t:|1639531494
|switch|p2a: Ophrys|Scizor-Mega, F|90\/100|[from]move: U-turn
|-start|p2a: Ophrys|typechange|Bug\/Steel|[silent]
|move|p1a: Edison|Hone Claws|p1a: Edison
|-boost|p1a: Edison|atk|1
|-boost|p1a: Edison|accuracy|1
|
|-heal|p1a: Edison|49\/333|[from] item: Leftovers
|upkeep
|turn|33
|c|☆inkbug1|owie
|c|☆inkbug1|fair
|c|☆inkbug1|hm
|c|☆H2OPulse|It's so
|c|☆H2OPulse|fascinating to have a physically frail Steel-type like this
|c|☆inkbug1|my switch ins for this are kinda dead 
|c|☆H2OPulse|I mean not really that frail but
|c|☆H2OPulse|Especially with Scale Shot, kinda
|c|☆inkbug1|i dont think eightstep can scratch it hrm 
|
|t:|1639531543
|move|p1a: Edison|Earthquake|p2a: Ophrys
|-damage|p2a: Ophrys|65\/100
|move|p2a: Ophrys|Swords Dance|p2a: Ophrys
|-boost|p2a: Ophrys|atk|2
|
|-heal|p1a: Edison|69\/333|[from] item: Leftovers
|upkeep
|turn|34
|
|t:|1639531568
|move|p1a: Edison|Earthquake|p2a: Ophrys
|-damage|p2a: Ophrys|37\/100
|move|p2a: Ophrys|Roost|p2a: Ophrys
|-heal|p2a: Ophrys|87\/100
|-singleturn|p2a: Ophrys|move: Roost
|
|-heal|p1a: Edison|89\/333|[from] item: Leftovers
|upkeep
|turn|35
|
|t:|1639531574
|move|p1a: Edison|Hone Claws|p1a: Edison
|-boost|p1a: Edison|atk|1
|-boost|p1a: Edison|accuracy|1
|move|p2a: Ophrys|Swords Dance|p2a: Ophrys
|-boost|p2a: Ophrys|atk|2
|
|-heal|p1a: Edison|109\/333|[from] item: Leftovers
|upkeep
|turn|36
|
|t:|1639531582
|move|p2a: Ophrys|Bullet Punch|p1a: Edison
|-resisted|p1a: Edison
|-damage|p1a: Edison|0 fnt
|faint|p1a: Edison
|
|upkeep
|
|t:|1639531589
|switch|p1a: Juniper|Grimmsnarl, M|340\/394
|turn|37
|
|t:|1639531592
|move|p2a: Ophrys|Bullet Punch|p1a: Juniper
|-supereffective|p1a: Juniper
|-damage|p1a: Juniper|0 fnt
|faint|p1a: Juniper
|
|upkeep
|c|☆inkbug1|NO 
|c|☆inkbug1|well there goes plan b 
|
|t:|1639531604
|switch|p1a: Oliver|Noivern, M|163\/311 brn
|-item|p2a: Ophrys|Scizorite|[from] ability: Frisk|[of] p1a: Oliver|[identify]
|turn|38
|c|☆inkbug1|gg
|c|☆H2OPulse|I entirely forgot about that but getting a screen up first would have been so good
|c|☆H2OPulse|Good game :'D
|c|☆H2OPulse|I am 186 what are you
|c|☆H2OPulse|out of curiosity
|
|t:|1639531630
|move|p2a: Ophrys|Bullet Punch|p1a: Oliver
|-damage|p1a: Oliver|0 fnt
|faint|p1a: Oliver
|
|upkeep
|c|☆inkbug1|yeah that would have helped this be a little less instant death 
|c|☆inkbug1|uh juniper? 
|c|☆H2OPulse|Yeah
|c|☆inkbug1|156
|c|☆H2OPulse|Righttt okay
|
|t:|1639531645
|switch|p1a: Octo Eight-Step|Neuroboxin, M|349\/369
|-start|p1a: Octo Eight-Step|typechange|Poison\/Fighting|[silent]
|-ability|p1a: Octo Eight-Step|Technician|[from] ability: Trace|[of] p2a: Ophrys
|turn|39
|
|t:|1639531729
|move|p2a: Ophrys|Bullet Punch|p1a: Octo Eight-Step
|-damage|p1a: Octo Eight-Step|10\/369
|move|p1a: Octo Eight-Step|Knock Off|p2a: Ophrys
|-damage|p2a: Ophrys|79\/100
|
|upkeep
|turn|40
|c|☆H2OPulse|Whew okay
|c|☆H2OPulse|Good game!!! O:
|c|☆inkbug1|oh my god the 10 hp
|
|t:|1639531753
|move|p2a: Ophrys|Bullet Punch|p1a: Octo Eight-Step
|-damage|p1a: Octo Eight-Step|0 fnt
|faint|p1a: Octo Eight-Step
|
|win|H2OPulse
|c|☆inkbug1|gg
|c|☆inkbug1|i feel like i should b playing a lot safer w certain things im used to having a cleric 
|c|☆inkbug1|poison on volcanion rly hurt 
|c|☆H2OPulse|This was insanely close though :'D
|c|☆inkbug1|i thhhink volcanion was the only thing that wins against scizor 
|c|☆inkbug1|im not sure buzzstacian would outlast it with sd and its weak to uturn 
|c|☆inkbug1|wait and i dont even have fire on it rn 
|c|☆inkbug1|so thats a problem
|c|☆inkbug1|yeah i should probably fix the moves back to the original set this one isnt rly working i have not had reason to click it
|c|☆H2OPulse|Fair O:</script>
</div>
<div class="battle-log battle-log-inline"><div class="inner"><div class="battle-options"><div style="padding-top: 3px; padding-right: 3px; text-align: right"><button class="icon button" name="openBattleOptions" title="Options">Battle Options</button></div></div><div class="inner message-log"><div class="chat"><div class="broadcast-red"><strong>This battle is invite-only!</strong><br>Users must be invited with <code>/invite</code> (or be staff) to join</div></div><div class="chat"><small>☆inkbug1 and ☆H2OPulse joined</small></div><div class=""><small>Format:</small> <br><strong>[Gen 8] Conniecord Draft League</strong></div><div class=""><small><em>HP Percentage Mod:</em> HP is shown in percentages</small></div><div class=""><small><em>Endless Battle Clause:</em> Forcing endless battles is banned</small></div><div class=""><small><em>OHKO Clause:</em> OHKO moves are banned</small></div><div class=""><small><em>Evasion Moves Clause:</em> Evasion moves are banned</small></div><div class=""><small><em>Species Clause:</em> Limit one of each Pokémon (not counting forms)</small></div><div class=""><small><em>Dynamax Clause:</em> You cannot dynamax</small></div><div class=""><small><em>Sleep Clause Mod:</em> Limit one foe put to sleep</small></div><div class=""><small><em>Z-Move Clause:</em> Z-Moves are banned</small></div><div class="chat battle-history"><strong>inkbug1's team:</strong> <em style="color:#445566;display:block;">Neuroboxin / Buzzstacian / Dracalloy / Grimmsnarl / Volcanion / Noivern</em></div><div class="chat battle-history"><strong>H2OPulse's team:</strong> <em style="color:#445566;display:block;">Araquanid / Vaporeon / Flufnir / Flygon / Scizor / Poultergeist</em></div><div class="chat chatmessage-h2opulse"><strong style="color:#6e8c2b"><small>☆</small><span class="username" data-name="H2OPulse">H2OPulse</span>:</strong> <em>Good luck and have fun OO:</em></div><div class="chat chatmessage-inkbug1 highlighted mine"><span class="message-log">Low-Key-G-Mazing was invited (and promoted to Room Voice) by inkbug1.</span></div><div class="chat"><small>+Low-Key-G-Mazing joined</small></div><div class="chat chatmessage-h2opulse"><strong style="color:#6e8c2b"><small>☆</small><span class="username" data-name="H2OPulse">H2OPulse</span>:</strong> <em>I am slightly more used to this team I'm curious how it does</em></div><div class="chat chatmessage-lowkeygmazing"><strong style="color:#28a951"><small>+</small><span class="username" data-name="Low-Key-G-Mazing">Low-Key-G-Mazing</span>:</strong> <em>ty</em></div><div class="chat chatmessage-h2opulse"><strong style="color:#6e8c2b"><small>☆</small><span class="username" data-name="H2OPulse">H2OPulse</span>:</strong> <em>(oh man wait Low-Key you need to see the)</em></div><div class="chat chatmessage-inkbug1 mine"><strong style="color:#e46e0f"><small>☆</small><span class="username" data-name="inkbug1">inkbug1</span>:</strong> <em>oh i forgot to save the first replay, did you get it? </em></div><div class="chat chatmessage-h2opulse"><strong style="color:#6e8c2b"><small>☆</small><span class="username" data-name="H2OPulse">H2OPulse</span>:</strong> <em>I did!</em></div><div class="chat chatmessage-inkbug1 mine"><strong style="color:#e46e0f"><small>☆</small><span class="username" data-name="inkbug1">inkbug1</span>:</strong> <em>ok</em></div><div class="chat chatmessage-h2opulse"><strong style="color:#6e8c2b"><small>☆</small><span class="username" data-name="H2OPulse">H2OPulse</span>:</strong> <em>I also just invited Low-Key they have to see you wipe the floor with me P:</em></div><div class="chat chatmessage-h2opulse"><span class="message-log">kha243 was invited (and promoted to Room Voice) by H2OPulse.</span></div><div class="chat chatmessage-inkbug1 mine"><strong style="color:#e46e0f"><small>☆</small><span class="username" data-name="inkbug1">inkbug1</span>:</strong> <em>on accident mostly</em></div><div class="chat chatmessage-lowkeygmazing"><strong style="color:#28a951"><small>+</small><span class="username" data-name="Low-Key-G-Mazing">Low-Key-G-Mazing</span>:</strong> <em>i really wanna build for this meta tbh</em></div><div class="chat"><small>+kha243 joined</small></div><div class="chat chatmessage-inkbug1 mine"><strong style="color:#e46e0f"><small>☆</small><span class="username" data-name="inkbug1">inkbug1</span>:</strong> <em>i wanna design dracalloy its a friend</em></div><div class="chat chatmessage-lowkeygmazing"><strong style="color:#28a951"><small>+</small><span class="username" data-name="Low-Key-G-Mazing">Low-Key-G-Mazing</span>:</strong> <em>it seems really fun</em></div><div class="chat chatmessage-inkbug1 mine"><strong style="color:#e46e0f"><small>☆</small><span class="username" data-name="inkbug1">inkbug1</span>:</strong> <em>i want it to have sprites</em></div><div class="spacer battle-history"><br></div><div class="battle-history">Battle started between inkbug1 and H2OPulse!<br></div><div class="spacer battle-history"><br></div><div class="battle-history">Go! Rooibos (<strong>Volcanion</strong>)!<br></div><div class="spacer battle-history"><br></div><div class="battle-history">H2OPulse sent out Spilly (<strong>Araquanid</strong>)!<br></div><div class="spacer battle-history"><br></div><h2 class="battle-history">Turn 1</h2><div class="chat chatmessage-h2opulse"><strong style="color:#6e8c2b"><small>☆</small><span class="username" data-name="H2OPulse">H2OPulse</span>:</strong> <em>I remember you saying you had a super specific mental image of it I'm so interested</em></div><div class="spacer battle-history"><br></div><div class="battle-history">The opposing Spilly used <strong>Toxic</strong>!<br></div><div class="battle-history"><small>Rooibos was badly poisoned!</small><br></div><div class="spacer battle-history"><br></div><div class="battle-history">Rooibos used <strong>Sludge Wave</strong>!<br></div><div class="battle-history"><small>(The opposing Spilly lost 30% of its health!)</small><br></div><div class="spacer battle-history"><br></div><div class="battle-history"><small>Rooibos was hurt by poison!</small><br></div><div class="spacer battle-history"><br></div><h2 class="battle-history">Turn 2</h2><div class="chat chatmessage-inkbug1 mine"><strong style="color:#e46e0f"><small>☆</small><span class="username" data-name="inkbug1">inkbug1</span>:</strong> <em>i tried to draw it once but i couldnt get it to work </em></div><div class="chat chatmessage-h2opulse"><strong style="color:#6e8c2b"><small>☆</small><span class="username" data-name="H2OPulse">H2OPulse</span>:</strong> <em>Ohhh fair</em></div><div class="chat chatmessage-inkbug1 mine"><strong style="color:#e46e0f"><small>☆</small><span class="username" data-name="inkbug1">inkbug1</span>:</strong> <em>well thats gonna be an issue hm </em></div><div class="spacer battle-history"><br></div><div class="battle-history">Rooibos, come back!<br></div><div class="battle-history">Go! Martini (<strong>Buzzstacian</strong>)!<br></div><div class="chat"><ul class="utilichart"><li class="result"><span class="col pokemonnamecol" style="white-space: nowrap">Buzzstacian</span> <span class="col typecol"><img src="https://play.pokemonshowdown.com/sprites/types/Grass.png" alt="Grass" height="14" width="32"><img src="https://play.pokemonshowdown.com/sprites/types/Electric.png" alt="Electric" height="14" width="32"></span> <span style="float: left ; min-height: 26px"><span class="col abilitycol">Natural Cure / Leaf Guard / Marvel Scale</span><span class="col abilitycol"></span></span></li><li style="clear: both"></li></ul></div><div class="chat"><ul class="utilichart"><li class="result"><span style="float: left ; min-height: 26px"><span class="col statcol"><em>HP</em><br>117</span> <span class="col statcol"><em>Atk</em><br>49</span> <span class="col statcol"><em>Def</em><br>84</span> <span class="col statcol"><em>SpA</em><br>101</span> <span class="col statcol"><em>SpD</em><br>106</span> <span class="col statcol"><em>Spe</em><br>63</span> </span></li><li style="clear: both"></li></ul></div><div class="spacer battle-history"><br></div><div class="battle-history">The opposing Spilly used <strong>Sticky Web</strong>!<br></div><div class="battle-history"><small>A sticky web has been laid out on the ground around your team!</small><br></div><div class="spacer battle-history"><br></div><div class="battle-history"><small>Martini was burned!</small><br></div><div class="spacer battle-history"><br></div><h2 class="battle-history">Turn 3</h2><div class="spacer battle-history"><br></div><div class="battle-history">H2OPulse withdrew Spilly!<br></div><div class="battle-history">H2OPulse sent out Rosemary (<strong>Poultergeist</strong>)!<br></div><div class="chat"><ul class="utilichart"><li class="result"><span class="col pokemonnamecol" style="white-space: nowrap">Poultergeist</span> <span class="col typecol"><img src="https://play.pokemonshowdown.com/sprites/types/Fire.png" alt="Fire" height="14" width="32"><img src="https://play.pokemonshowdown.com/sprites/types/Flying.png" alt="Flying" height="14" width="32"></span> <span style="float: left ; min-height: 26px"><span class="col abilitycol">Chicken Out</span><span class="col abilitycol"></span></span></li><li style="clear: both"></li></ul></div><div class="chat"><ul class="utilichart"><li class="result"><span style="float: left ; min-height: 26px"><span class="col statcol"><em>HP</em><br>105</span> <span class="col statcol"><em>Atk</em><br>65</span> <span class="col statcol"><em>Def</em><br>85</span> <span class="col statcol"><em>SpA</em><br>105</span> <span class="col statcol"><em>SpD</em><br>85</span> <span class="col statcol"><em>Spe</em><br>73</span> </span></li><li style="clear: both"></li></ul></div><div class="spacer battle-history"><br></div><div class="battle-history">Martini used <strong>Leech Seed</strong>!<br></div><div class="battle-history"><small>The opposing Rosemary was seeded!</small><br></div><div class="spacer battle-history"><br></div><div class="battle-history"><small>The opposing Rosemary's health is sapped by Leech Seed!</small><br></div><div class="battle-history"><small>Martini was hurt by its burn!</small><br></div><div class="spacer battle-history"><br></div><h2 class="battle-history">Turn 4</h2><div class="chat chatmessage-kha243"><strong style="color:#419e8f"><small>+</small><span class="username" data-name="kha243">kha243</span>:</strong> <em>i think its incredible how good your drawings are anyway</em></div><div class="chat chatmessage-inkbug1 mine"><strong style="color:#e46e0f"><small>☆</small><span class="username" data-name="inkbug1">inkbug1</span>:</strong> <em>awe ty ! </em></div><div class="spacer battle-history"><br></div><div class="battle-history">The opposing Rosemary used <strong>Overheat</strong>!<br></div><div class="battle-history"><small>Martini avoided the attack!</small><br></div><div class="spacer battle-history"><br></div><div class="battle-history">Martini used <strong>Calm Mind</strong>!<br></div><div class="battle-history"><small>Martini's Sp. Atk rose!</small><br></div><div class="battle-history"><small>Martini's Sp. Def rose!</small><br></div><div class="spacer battle-history"><br></div><div class="battle-history"><small>The opposing Rosemary's health is sapped by Leech Seed!</small><br></div><div class="battle-history"><small>Martini was hurt by its burn!</small><br></div><div class="spacer battle-history"><br></div><h2 class="battle-history">Turn 5</h2><div class="chat chatmessage-inkbug1 mine"><strong style="color:#e46e0f"><small>☆</small><span class="username" data-name="inkbug1">inkbug1</span>:</strong> <em>kajshdkjahsdmdh </em></div><div class="chat chatmessage-inkbug1 mine"><strong style="color:#e46e0f"><small>☆</small><span class="username" data-name="inkbug1">inkbug1</span>:</strong> <em>im sorry </em></div><div class="spacer battle-history"><br></div><div class="battle-history">The opposing Rosemary used <strong>Overheat</strong>!<br></div><div class="battle-history"><small>It's super effective!</small><br></div><div class="battle-history"><small>(Martini lost <abbr title="−252/438">57.5%</abbr> of its health!)</small><br></div><div class="battle-history"><small>The opposing Rosemary's Sp. Atk fell harshly!</small><br></div><div class="spacer battle-history"><br></div><div class="battle-history">Martini used <strong>Calm Mind</strong>!<br></div><div class="battle-history"><small>Martini's Sp. Atk rose!</small><br></div><div class="battle-history"><small>Martini's Sp. Def rose!</small><br></div><div class="spacer battle-history"><br></div><div class="battle-history"><small>The opposing Rosemary's health is sapped by Leech Seed!</small><br></div><div class="battle-history"><small>Martini was hurt by its burn!</small><br></div><div class="spacer battle-history"><br></div><h2 class="battle-history">Turn 6</h2><div class="chat chatmessage-h2opulse"><strong style="color:#6e8c2b"><small>☆</small><span class="username" data-name="H2OPulse">H2OPulse</span>:</strong> <em>Pff no worries :'D</em></div><div class="spacer battle-history"><br></div><div class="battle-history">The opposing Rosemary used <strong>U-turn</strong>!<br></div><div class="battle-history"><small>It's super effective!</small><br></div><div class="battle-history"><small>(Martini lost <abbr title="−36/438">8.2%</abbr> of its health!)</small><br></div><div class="chat chatmessage-h2opulse"><strong style="color:#6e8c2b"><small>☆</small><span class="username" data-name="H2OPulse">H2OPulse</span>:</strong> <em>Does Martini have recovery or anything I am not deeply familiar</em></div><div class="chat chatmessage-h2opulse"><strong style="color:#6e8c2b"><small>☆</small><span class="username" data-name="H2OPulse">H2OPulse</span>:</strong> <em>I will find out</em></div><div class="spacer battle-history"><br></div><div class="battle-history">The opposing Rosemary went back to H2OPulse!<br></div><div class="battle-history">H2OPulse sent out Ophrys (<strong>Scizor</strong>)!<br></div><div class="spacer battle-history"><br></div><div class="battle-history">Martini used <strong>Pollen Puff</strong>!<br></div><div class="battle-history"><small>It's not very effective...</small><br></div><div class="battle-history"><small>(The opposing Ophrys lost 24% of its health!)</small><br></div><div class="spacer battle-history"><br></div><div class="battle-history"><small>Martini was hurt by its burn!</small><br></div><div class="spacer battle-history"><br></div><h2 class="battle-history">Turn 7</h2><div class="chat chatmessage-inkbug1 mine"><strong style="color:#e46e0f"><small>☆</small><span class="username" data-name="inkbug1">inkbug1</span>:</strong> <em>it has access, i think but im not running it</em></div><div class="chat chatmessage-h2opulse"><strong style="color:#6e8c2b"><small>☆</small><span class="username" data-name="H2OPulse">H2OPulse</span>:</strong> <em>Fair okay :'D</em></div><div class="chat"><div class="message"><ul class="utilichart"><li class="result"><span class="col numcol">UU</span> <span class="col iconcol"><span class="picon" style="background: transparent url(&quot;https://play.pokemonshowdown.com/sprites/pokemonicons-sheet.png?v4&quot;) no-repeat scroll -320px -510px"></span></span> <span class="col pokemonnamecol" style="white-space: nowrap"><a href="https://dex.pokemonshowdown.com/pokemon/scizor" target="_blank" rel="noopener">Scizor</a></span> <span class="col typecol"><img src="https://play.pokemonshowdown.com/sprites/types/Bug.png" alt="Bug" height="14" width="32"><img src="https://play.pokemonshowdown.com/sprites/types/Steel.png" alt="Steel" height="14" width="32"></span> <span style="float: left ; min-height: 26px"><span class="col twoabilitycol">Swarm<br>Technician</span><span class="col abilitycol"><em>Light Metal</em></span></span><span style="float: left ; min-height: 26px"><span class="col statcol"><em>HP</em><br>70</span> <span class="col statcol"><em>Atk</em><br>130</span> <span class="col statcol"><em>Def</em><br>100</span> <span class="col statcol"><em>SpA</em><br>55</span> <span class="col statcol"><em>SpD</em><br>80</span> <span class="col statcol"><em>Spe</em><br>65</span> <span class="col bstcol"><em>BST<br>500</em></span> </span></li><li style="clear: both"></li></ul></div></div><div class="chat"><font size="1"><font color="#686868">Dex#:</font> 212&nbsp;|  <font color="#686868">Gen:</font> 2&nbsp;|  <font color="#686868">Height:</font> 1.8 m&nbsp;|  <font color="#686868">Weight:</font> 118 kg <em>(100 BP)</em>&nbsp;|  <font color="#686868">Dex Colour:</font> Red&nbsp;|  <font color="#686868">Egg Group(s):</font> Bug&nbsp;|  <font color="#686868">Does Not Evolve</font></font></div><div class="chat"><div class="message"><ul class="utilichart"><li class="result"><span class="col numcol">CCD1</span> <span class="col iconcol"><span class="picon" style="background: transparent url(&quot;https://play.pokemonshowdown.com/sprites/pokemonicons-sheet.png?v4&quot;) no-repeat scroll -0px -0px"></span></span> <span class="col pokemonnamecol" style="white-space: nowrap"><a href="https://dex.pokemonshowdown.com/pokemon/buzzstacian" target="_blank" rel="noopener">Buzzstacian</a></span> <span class="col typecol"><img src="https://play.pokemonshowdown.com/sprites/types/Grass.png" alt="Grass" height="14" width="32"><img src="https://play.pokemonshowdown.com/sprites/types/Electric.png" alt="Electric" height="14" width="32"></span> <span style="float: left ; min-height: 26px"><span class="col twoabilitycol">Natural Cure<br>Leaf Guard</span><span class="col abilitycol"><em>Marvel Scale</em></span></span><span style="float: left ; min-height: 26px"><span class="col statcol"><em>HP</em><br>117</span> <span class="col statcol"><em>Atk</em><br>49</span> <span class="col statcol"><em>Def</em><br>84</span> <span class="col statcol"><em>SpA</em><br>101</span> <span class="col statcol"><em>SpD</em><br>106</span> <span class="col statcol"><em>Spe</em><br>63</span> <span class="col bstcol"><em>BST<br>520</em></span> </span></li><li style="clear: both"></li></ul></div></div><div class="chat"><font size="1"><font color="#686868">Dex#:</font> -1002&nbsp;|  <font color="#686868">Gen:</font> 0&nbsp;|  <font color="#686868">Height:</font> 1.4 m&nbsp;|  <font color="#686868">Weight:</font> 54 kg <em>(80 BP)</em>&nbsp;|  <font color="#686868">Dex Colour:</font> Green&nbsp;|  <font color="#686868">Egg Group(s):</font> Water 3&nbsp;|  <font color="#686868">Does Not Evolve</font></font></div><div class="spacer battle-history"><br></div><div class="battle-history"><small>The opposing Ophrys's Scizorite is reacting to the Key Stone!</small><br>The opposing Ophrys has Mega Evolved into Mega Scizor!<br></div><div class="chat"><ul class="utilichart"><li class="result"><span class="col pokemonnamecol" style="white-space: nowrap">Scizor-Mega</span> <span class="col typecol"><img src="https://play.pokemonshowdown.com/sprites/types/Bug.png" alt="Bug" height="14" width="32"><img src="https://play.pokemonshowdown.com/sprites/types/Steel.png" alt="Steel" height="14" width="32"></span> <span style="float: left ; min-height: 26px"><span class="col abilitycol">Technician</span><span class="col abilitycol"></span></span><span style="float: left ; min-height: 26px"><span class="col statcol"><em>HP</em><br>70</span> <span class="col statcol"><em>Atk</em><br>150</span> <span class="col statcol"><em>Def</em><br>140</span> <span class="col statcol"><em>SpA</em><br>65</span> <span class="col statcol"><em>SpD</em><br>100</span> <span class="col statcol"><em>Spe</em><br>75</span> </span></li><li style="clear: both"></li></ul></div><div class="spacer battle-history"><br></div><div class="battle-history">The opposing Ophrys used <strong>U-turn</strong>!<br></div><div class="battle-history"><small>It's super effective!</small><br></div><div class="battle-history"><small>(Martini lost <abbr title="−113/438">25.8%</abbr> of its health!)</small><br></div><div class="spacer battle-history"><br></div><div class="battle-history">Martini fainted!<br></div><div class="chat chatmessage-inkbug1 mine"><strong style="color:#e46e0f"><small>☆</small><span class="username" data-name="inkbug1">inkbug1</span>:</strong> <em>yeah ok figured tht was not worth a shot</em></div><div class="spacer battle-history"><br></div><div class="battle-history">The opposing Ophrys went back to H2OPulse!<br></div><div class="battle-history">H2OPulse sent out Lotus (<strong>Flygon</strong>)!<br></div><div class="spacer battle-history"><br></div><div class="battle-history">Go! Octo Eight-Step (<strong>Neuroboxin</strong>)!<br></div><div class="chat"><ul class="utilichart"><li class="result"><span class="col pokemonnamecol" style="white-space: nowrap">Neuroboxin</span> <span class="col typecol"><img src="https://play.pokemonshowdown.com/sprites/types/Poison.png" alt="Poison" height="14" width="32"><img src="https://play.pokemonshowdown.com/sprites/types/Fighting.png" alt="Fighting" height="14" width="32"></span> <span style="float: left ; min-height: 26px"><span class="col abilitycol">Infiltrator / Sticky Hold / Trace</span><span class="col abilitycol"></span></span></li><li style="clear: both"></li></ul></div><div class="chat"><ul class="utilichart"><li class="result"><span style="float: left ; min-height: 26px"><span class="col statcol"><em>HP</em><br>114</span> <span class="col statcol"><em>Atk</em><br>72</span> <span class="col statcol"><em>Def</em><br>96</span> <span class="col statcol"><em>SpA</em><br>85</span> <span class="col statcol"><em>SpD</em><br>81</span> <span class="col statcol"><em>Spe</em><br>109</span> </span></li><li style="clear: both"></li></ul></div><div class="battle-history"><small>Octo Eight-Step was caught in a sticky web!</small><br></div><div class="battle-history"><small>Octo Eight-Step's Speed fell!</small><br></div><div class="battle-history">[Octo Eight-Step's Trace]<br>[Octo Eight-Step's Levitate]<br><small>Octo Eight-Step traced the opposing Lotus's Levitate!</small><br></div><div class="spacer battle-history"><br></div><h2 class="battle-history">Turn 8</h2><div class="spacer battle-history"><br></div><div class="battle-history">The opposing Lotus used <strong>U-turn</strong>!<br></div><div class="battle-history"><small>It's not very effective...</small><br></div><div class="battle-history"><small>(Octo Eight-Step lost <abbr title="−20/369">5.4%</abbr> of its health!)</small><br></div><div class="spacer battle-history"><br></div><div class="battle-history">The opposing Lotus went back to H2OPulse!<br></div><div class="battle-history">H2OPulse sent out Rosemary (<strong>Poultergeist</strong>)!<br></div><div class="spacer battle-history"><br></div><div class="battle-history">Octo Eight-Step used <strong>Knock Off</strong>!<br></div><div class="battle-history"><small>(The opposing Rosemary lost 28% of its health!)</small><br></div><div class="battle-history"><small>Octo Eight-Step knocked off the opposing Rosemary's Heavy-Duty Boots!</small><br></div><div class="spacer battle-history"><br></div><h2 class="battle-history">Turn 9</h2><div class="spacer battle-history"><br></div><div class="battle-history">Octo Eight-Step, come back!<br></div><div class="battle-history">Go! Rooibos (<strong>Volcanion</strong>)!<br></div><div class="battle-history"><small>Rooibos was caught in a sticky web!</small><br></div><div class="battle-history"><small>Rooibos's Speed fell!</small><br></div><div class="spacer battle-history"><br></div><div class="battle-history">The opposing Rosemary used <strong>Will-O-Wisp</strong>!<br></div><div class="battle-history"><small>But it failed!</small><br></div><div class="spacer battle-history"><br></div><div class="battle-history"><small>Rooibos was hurt by poison!</small><br></div><div class="spacer battle-history"><br></div><h2 class="battle-history">Turn 10</h2><div class="spacer battle-history"><br></div><div class="battle-history">The opposing Rosemary used <strong>Hex</strong>!<br></div><div class="battle-history"><small>(Rooibos lost <abbr title="−91/363">25.1%</abbr> of its health!)</small><br></div><div class="spacer battle-history"><br></div><div class="battle-history">Rooibos used <strong>Steam Eruption</strong>!<br></div><div class="battle-history"><small>It's super effective!</small><br></div><div class="battle-history"><small>(The opposing Rosemary lost 35% of its health!)</small><br></div><div class="spacer battle-history"><br></div><div class="battle-history">The opposing Rosemary fainted!<br></div><div class="battle-history">[The opposing Rosemary's Chicken Out]<br></div><div class="battle-history"><small>Rosemary ran off somewhere...</small><br></div><div class="spacer battle-history"><br></div><div class="battle-history"><small>Rooibos was hurt by poison!</small><br></div><div class="spacer battle-history"><br></div><div class="battle-history">H2OPulse sent out Lotus (<strong>Flygon</strong>)!<br></div><div class="spacer battle-history"><br></div><h2 class="battle-history">Turn 11</h2><div class="spacer battle-history"><br></div><div class="battle-history">Rooibos, come back!<br></div><div class="battle-history">Go! Oliver (<strong>Noivern</strong>)!<br></div><div class="battle-history">[Oliver's Frisk]<br><small>Oliver frisked the opposing Lotus and found its Choice Scarf!</small><br></div><div class="spacer battle-history"><br></div><div class="battle-history">The opposing Lotus used <strong>U-turn</strong>!<br></div><div class="battle-history"><small>It's not very effective...</small><br></div><div class="battle-history"><small>(Oliver lost <abbr title="−42/311">13.5%</abbr> of its health!)</small><br></div><div class="spacer battle-history"><br></div><div class="battle-history">The opposing Lotus went back to H2OPulse!<br></div><div class="battle-history">H2OPulse sent out Rosemary (<strong>Poultergeist-Headless</strong>)!<br></div><div class="chat"><ul class="utilichart"><li class="result"><span class="col pokemonnamecol" style="white-space: nowrap">Poultergeist-Headless</span> <span class="col typecol"><img src="https://play.pokemonshowdown.com/sprites/types/Fire.png" alt="Fire" height="14" width="32"><img src="https://play.pokemonshowdown.com/sprites/types/Ghost.png" alt="Ghost" height="14" width="32"></span> <span style="float: left ; min-height: 26px"><span class="col abilitycol">Wonder Guard</span><span class="col abilitycol"></span></span></li><li style="clear: both"></li></ul></div><div class="chat"><ul class="utilichart"><li class="result"><span style="float: left ; min-height: 26px"><span class="col statcol"><em>HP</em><br>1</span> <span class="col statcol"><em>Atk</em><br>65</span> <span class="col statcol"><em>Def</em><br>85</span> <span class="col statcol"><em>SpA</em><br>105</span> <span class="col statcol"><em>SpD</em><br>85</span> <span class="col statcol"><em>Spe</em><br>113</span> </span></li><li style="clear: both"></li></ul></div><div class="spacer battle-history"><br></div><h2 class="battle-history">Turn 12</h2><div class="spacer battle-history"><br></div><div class="battle-history">Oliver used <strong>Defog</strong>!<br></div><div class="battle-history"><small>The opposing Rosemary's evasiveness fell!</small><br></div><div class="battle-history"><small>The sticky web has disappeared from the ground around your team!</small><br></div><div class="spacer battle-history"><br></div><div class="battle-history">The opposing Rosemary used <strong>Will-O-Wisp</strong>!<br></div><div class="battle-history"><small>Oliver was burned!</small><br></div><div class="spacer battle-history"><br></div><div class="battle-history"><small>Oliver was hurt by its burn!</small><br></div><div class="spacer battle-history"><br></div><h2 class="battle-history">Turn 13</h2><div class="spacer battle-history"><br></div><div class="battle-history">Oliver, come back!<br></div><div class="battle-history">Go! Octo Eight-Step (<strong>Neuroboxin</strong>)!<br></div><div class="battle-history">[Octo Eight-Step's Trace]<br>[Octo Eight-Step's Wonder Guard]<br><small>Octo Eight-Step traced the opposing Rosemary's Wonder Guard!</small><br></div><div class="spacer battle-history"><br></div><div class="battle-history">The opposing Rosemary used <strong>Hex</strong>!<br></div><div class="battle-history">[Octo Eight-Step's Wonder Guard]<br><small>It doesn't affect Octo Eight-Step...</small><br></div><div class="spacer battle-history"><br></div><h2 class="battle-history">Turn 14</h2><div class="chat chatmessage-h2opulse"><strong style="color:#6e8c2b"><small>☆</small><span class="username" data-name="H2OPulse">H2OPulse</span>:</strong> <em>Forgot</em></div><div class="chat chatmessage-inkbug1 mine"><strong style="color:#e46e0f"><small>☆</small><span class="username" data-name="inkbug1">inkbug1</span>:</strong> <em>hmmm...</em></div><div class="chat chatmessage-lowkeygmazing"><strong style="color:#28a951"><small>+</small><span class="username" data-name="Low-Key-G-Mazing">Low-Key-G-Mazing</span>:</strong> <em>classic strat</em></div><div class="spacer battle-history"><br></div><div class="battle-history">H2OPulse withdrew Rosemary!<br></div><div class="battle-history">H2OPulse sent out Lotus (<strong>Flygon</strong>)!<br></div><div class="spacer battle-history"><br></div><div class="battle-history">Octo Eight-Step used <strong>U-turn</strong>!<br></div><div class="battle-history"><small>A critical hit!</small><br></div><div class="battle-history"><small>(The opposing Lotus lost 33% of its health!)</small><br></div><div class="spacer battle-history"><br></div><div class="battle-history">Octo Eight-Step went back to inkbug1!<br></div><div class="battle-history">Go! Juniper (<strong>Grimmsnarl</strong>)!<br></div><div class="spacer battle-history"><br></div><h2 class="battle-history">Turn 15</h2><div class="spacer battle-history"><br></div><div class="battle-history">Juniper used <strong>Reflect</strong>!<br></div><div class="battle-history"><small>Reflect made your team stronger against physical moves!</small><br></div><div class="spacer battle-history"><br></div><div class="battle-history">The opposing Lotus used <strong>U-turn</strong>!<br></div><div class="battle-history"><small>(Juniper lost <abbr title="−54/394">13.7%</abbr> of its health!)</small><br></div><div class="spacer battle-history"><br></div><div class="battle-history">The opposing Lotus went back to H2OPulse!<br></div><div class="battle-history">H2OPulse sent out Spilly (<strong>Araquanid</strong>)!<br></div><div class="spacer battle-history"><br></div><h2 class="battle-history">Turn 16</h2><div class="chat chatmessage-inkbug1 mine"><strong style="color:#e46e0f"><small>☆</small><span class="username" data-name="inkbug1">inkbug1</span>:</strong> <em>you're at full six still r</em></div><div class="chat chatmessage-inkbug1 mine"><strong style="color:#e46e0f"><small>☆</small><span class="username" data-name="inkbug1">inkbug1</span>:</strong> <em>yeah</em></div><div class="chat chatmessage-h2opulse"><strong style="color:#6e8c2b"><small>☆</small><span class="username" data-name="H2OPulse">H2OPulse</span>:</strong> <em>Yes</em></div><div class="spacer battle-history"><br></div><div class="battle-history">Juniper, come back!<br></div><div class="battle-history">Go! Oliver (<strong>Noivern</strong>)!<br></div><div class="battle-history">[Oliver's Frisk]<br><small>Oliver frisked the opposing Spilly and found its Heavy-Duty Boots!</small><br></div><div class="spacer battle-history"><br></div><div class="battle-history">The opposing Spilly used <strong>Sticky Web</strong>!<br></div><div class="battle-history"><small>A sticky web has been laid out on the ground around your team!</small><br></div><div class="spacer battle-history"><br></div><div class="battle-history"><small>Oliver was hurt by its burn!</small><br></div><div class="spacer battle-history"><br></div><h2 class="battle-history">Turn 17</h2><div class="spacer battle-history"><br></div><div class="battle-history">H2OPulse withdrew Spilly!<br></div><div class="battle-history">H2OPulse sent out Rosemary (<strong>Poultergeist-Headless</strong>)!<br></div><div class="spacer battle-history"><br></div><div class="battle-history">Oliver used <strong>Hurricane</strong>!<br></div><div class="battle-history">[The opposing Rosemary's Wonder Guard]<br><small>It doesn't affect the opposing Rosemary...</small><br></div><div class="spacer battle-history"><br></div><div class="battle-history"><small>Oliver was hurt by its burn!</small><br></div><div class="spacer battle-history"><br></div><h2 class="battle-history">Turn 18</h2><div class="spacer battle-history"><br></div><div class="battle-history">Oliver, come back!<br></div><div class="battle-history">Go! Rooibos (<strong>Volcanion</strong>)!<br></div><div class="battle-history"><small>Rooibos was caught in a sticky web!</small><br></div><div class="battle-history"><small>Rooibos's Speed fell!</small><br></div><div class="spacer battle-history"><br></div><div class="battle-history">The opposing Rosemary used <strong>Will-O-Wisp</strong>!<br></div><div class="battle-history"><small>But it failed!</small><br></div><div class="spacer battle-history"><br></div><div class="battle-history"><small>Rooibos was hurt by poison!</small><br></div><div class="spacer battle-history"><br></div><h2 class="battle-history">Turn 19</h2><div class="spacer battle-history"><br></div><div class="battle-history">The opposing Rosemary used <strong>U-turn</strong>!<br></div><div class="battle-history"><small>It's not very effective...</small><br></div><div class="battle-history"><small>(Rooibos lost <abbr title="−8/363">2.2%</abbr> of its health!)</small><br></div><div class="spacer battle-history"><br></div><div class="battle-history">The opposing Rosemary went back to H2OPulse!<br></div><div class="battle-history">H2OPulse sent out Cattail (<strong>Vaporeon</strong>)!<br></div><div class="spacer battle-history"><br></div><div class="battle-history">Rooibos used <strong>Steam Eruption</strong>!<br></div><div class="battle-history">[The opposing Cattail's Water Absorb]<br><small>It doesn't affect the opposing Cattail...</small><br></div><div class="spacer battle-history"><br></div><div class="battle-history"><small>Rooibos was hurt by poison!</small><br></div><div class="spacer battle-history"><br></div><h2 class="battle-history">Turn 20</h2><div class="chat chatmessage-inkbug1 mine"><strong style="color:#e46e0f"><small>☆</small><span class="username" data-name="inkbug1">inkbug1</span>:</strong> <em>yea </em></div><div class="spacer battle-history"><br></div><div class="battle-history">Rooibos, come back!<br></div><div class="battle-history">Go! Edison (<strong>Dracalloy</strong>)!<br></div><div class="chat"><ul class="utilichart"><li class="result"><span class="col pokemonnamecol" style="white-space: nowrap">Dracalloy</span> <span class="col typecol"><img src="https://play.pokemonshowdown.com/sprites/types/Steel.png" alt="Steel" height="14" width="32"><img src="https://play.pokemonshowdown.com/sprites/types/Dragon.png" alt="Dragon" height="14" width="32"></span> <span style="float: left ; min-height: 26px"><span class="col abilitycol">Levitate / Lightning Rod</span><span class="col abilitycol"></span></span></li><li style="clear: both"></li></ul></div><div class="chat"><ul class="utilichart"><li class="result"><span style="float: left ; min-height: 26px"><span class="col statcol"><em>HP</em><br>96</span> <span class="col statcol"><em>Atk</em><br>115</span> <span class="col statcol"><em>Def</em><br>85</span> <span class="col statcol"><em>SpA</em><br>75</span> <span class="col statcol"><em>SpD</em><br>110</span> <span class="col statcol"><em>Spe</em><br>84</span> </span></li><li style="clear: both"></li></ul></div><div class="spacer battle-history"><br></div><div class="battle-history">The opposing Cattail used <strong>Wish</strong>!<br></div><div class="spacer battle-history"><br></div><h2 class="battle-history">Turn 21</h2><div class="spacer battle-history"><br></div><div class="battle-history">Edison used <strong>Hone Claws</strong>!<br></div><div class="battle-history"><small>Edison's Attack rose!</small><br></div><div class="battle-history"><small>Edison's accuracy rose!</small><br></div><div class="spacer battle-history"><br></div><div class="battle-history">The opposing Cattail used <strong>Flip Turn</strong>!<br></div><div class="battle-history"><small>It's not very effective...</small><br></div><div class="battle-history"><small>(Edison lost <abbr title="−13/333">3.9%</abbr> of its health!)</small><br></div><div class="chat chatmessage-h2opulse"><strong style="color:#6e8c2b"><small>☆</small><span class="username" data-name="H2OPulse">H2OPulse</span>:</strong> <em>Edison scares me so much</em></div><div class="spacer battle-history"><br></div><div class="battle-history">H2OPulse withdrew Cattail!<br></div><div class="battle-history">H2OPulse sent out Cortaderia (<strong>Flufnir</strong>)!<br></div><div class="chat"><ul class="utilichart"><li class="result"><span class="col pokemonnamecol" style="white-space: nowrap">Flufnir</span> <span class="col typecol"><img src="https://play.pokemonshowdown.com/sprites/types/Normal.png" alt="Normal" height="14" width="32"><img src="https://play.pokemonshowdown.com/sprites/types/Dragon.png" alt="Dragon" height="14" width="32"></span> <span style="float: left ; min-height: 26px"><span class="col abilitycol">Fluffy / Hustle / Natural Cure</span><span class="col abilitycol"></span></span></li><li style="clear: both"></li></ul></div><div class="chat"><ul class="utilichart"><li class="result"><span style="float: left ; min-height: 26px"><span class="col statcol"><em>HP</em><br>128</span> <span class="col statcol"><em>Atk</em><br>136</span> <span class="col statcol"><em>Def</em><br>64</span> <span class="col statcol"><em>SpA</em><br>80</span> <span class="col statcol"><em>SpD</em><br>64</span> <span class="col statcol"><em>Spe</em><br>63</span> </span></li><li style="clear: both"></li></ul></div><div class="spacer battle-history"><br></div><div class="battle-history"><small>Edison restored a little HP using its Leftovers!</small><br></div><div class="spacer battle-history"><br></div><h2 class="battle-history">Turn 22</h2><div class="spacer battle-history"><br></div><div class="battle-history">Edison used <strong>Scale Shot</strong>!<br></div><div class="battle-history"><small>It's super effective!</small><br></div><div class="battle-history"><small>(The opposing Cortaderia lost 36% of its health!)</small><br></div><div class="battle-history"><small>It's super effective!</small><br></div><div class="battle-history"><small>(The opposing Cortaderia lost 38% of its health!)</small><br></div><div class="battle-history"><small>It's super effective!</small><br></div><div class="battle-history"><small>(The opposing Cortaderia lost 26% of its health!)</small><br></div><div class="battle-history"><small>The Pokémon was hit 3 times!</small><br></div><div class="battle-history"><small>Edison's Defense fell!</small><br></div><div class="battle-history"><small>Edison's Speed rose!</small><br></div><div class="spacer battle-history"><br></div><div class="battle-history">The opposing Cortaderia fainted!<br></div><div class="spacer battle-history"><br></div><div class="battle-history"><small>Your team's Reflect wore off!</small><br></div><div class="chat chatmessage-lowkeygmazing"><strong style="color:#28a951"><small>+</small><span class="username" data-name="Low-Key-G-Mazing">Low-Key-G-Mazing</span>:</strong> <em>edison.</em></div><div class="chat chatmessage-h2opulse"><strong style="color:#6e8c2b"><small>☆</small><span class="username" data-name="H2OPulse">H2OPulse</span>:</strong> <em>Yeah</em></div><div class="chat chatmessage-inkbug1 mine"><strong style="color:#e46e0f"><small>☆</small><span class="username" data-name="inkbug1">inkbug1</span>:</strong> <em>oh right bc shes actully at +1 this time</em></div><div class="chat chatmessage-inkbug1 mine"><strong style="color:#e46e0f"><small>☆</small><span class="username" data-name="inkbug1">inkbug1</span>:</strong> <em>bc of </em></div><div class="chat chatmessage-inkbug1 mine"><strong style="color:#e46e0f"><small>☆</small><span class="username" data-name="inkbug1">inkbug1</span>:</strong> <em>intimidate</em></div><div class="chat chatmessage-h2opulse"><strong style="color:#6e8c2b"><small>☆</small><span class="username" data-name="H2OPulse">H2OPulse</span>:</strong> <em><i>ahh wait</i> I just realized there was something I could have done if I didn't let you set up first</em></div><div class="chat chatmessage-inkbug1 mine"><strong style="color:#e46e0f"><small>☆</small><span class="username" data-name="inkbug1">inkbug1</span>:</strong> <em>ah rip</em></div><div class="chat chatmessage-h2opulse"><strong style="color:#6e8c2b"><small>☆</small><span class="username" data-name="H2OPulse">H2OPulse</span>:</strong> <em>I will beat Edison one day</em></div><div class="chat chatmessage-h2opulse"><strong style="color:#6e8c2b"><small>☆</small><span class="username" data-name="H2OPulse">H2OPulse</span>:</strong> <em>Today is probably not that day</em></div><div class="chat chatmessage-inkbug1 mine"><strong style="color:#e46e0f"><small>☆</small><span class="username" data-name="inkbug1">inkbug1</span>:</strong> <em>asdasdasd</em></div><div class="chat chatmessage-lowkeygmazing"><strong style="color:#28a951"><small>+</small><span class="username" data-name="Low-Key-G-Mazing">Low-Key-G-Mazing</span>:</strong> <em>based edison</em></div><div class="spacer battle-history"><br></div><div class="battle-history">H2OPulse sent out Spilly (<strong>Araquanid</strong>)!<br></div><div class="spacer battle-history"><br></div><h2 class="battle-history">Turn 23</h2><div class="chat chatmessage-inkbug1 mine"><strong style="color:#e46e0f"><small>☆</small><span class="username" data-name="inkbug1">inkbug1</span>:</strong> <em>why is scale shot kinda insane tho </em></div><div class="spacer battle-history"><br></div><div class="battle-history">Edison used <strong>Scale Shot</strong>!<br></div><div class="battle-history"><small>(The opposing Spilly lost 23% of its health!)</small><br></div><div class="battle-history"><small>(The opposing Spilly lost 24% of its health!)</small><br></div><div class="battle-history"><small>(The opposing Spilly lost 23% of its health!)</small><br></div><div class="battle-history"><small>The Pokémon was hit 3 times!</small><br></div><div class="battle-history"><small>Edison's Defense fell!</small><br></div><div class="battle-history"><small>Edison's Speed rose!</small><br></div><div class="spacer battle-history"><br></div><div class="battle-history">The opposing Spilly fainted!<br></div><div class="spacer battle-history"><br></div><div class="battle-history">H2OPulse sent out Ophrys (<strong>Scizor-Mega</strong>)!<br></div><div class="spacer battle-history"><br></div><h2 class="battle-history">Turn 24</h2><div class="spacer battle-history"><br></div><div class="battle-history">Edison used <strong>Scale Shot</strong>!<br></div><div class="battle-history"><small>It's not very effective...</small><br></div><div class="battle-history"><small>(The opposing Ophrys lost 4% of its health!)</small><br></div><div class="battle-history"><small>It's not very effective...</small><br></div><div class="battle-history"><small>(The opposing Ophrys lost 5% of its health!)</small><br></div><div class="battle-history"><small>It's not very effective...</small><br></div><div class="battle-history"><small>(The opposing Ophrys lost 5% of its health!)</small><br></div><div class="battle-history"><small>It's not very effective...</small><br></div><div class="battle-history"><small>(The opposing Ophrys lost 6% of its health!)</small><br></div><div class="battle-history"><small>The Pokémon was hit 4 times!</small><br></div><div class="battle-history"><small>Edison's Defense fell!</small><br></div><div class="battle-history"><small>Edison's Speed rose!</small><br></div><div class="spacer battle-history"><br></div><div class="battle-history">The opposing Ophrys used <strong>Swords Dance</strong>!<br></div><div class="battle-history"><small>The opposing Ophrys's Attack rose sharply!</small><br></div><div class="spacer battle-history"><br></div><h2 class="battle-history">Turn 25</h2><div class="chat chatmessage-inkbug1 mine"><strong style="color:#e46e0f"><small>☆</small><span class="username" data-name="inkbug1">inkbug1</span>:</strong> <em>ok fair i wasnt sure what the best move here is </em></div><div class="spacer battle-history"><br></div><div class="battle-history">The opposing Ophrys used <strong>Bullet Punch</strong>!<br></div><div class="battle-history"><small>It's not very effective...</small><br></div><div class="battle-history"><small>(Edison lost <abbr title="−303/333">91.0%</abbr> of its health!)</small><br></div><div class="spacer battle-history"><br></div><div class="battle-history">Edison used <strong>Iron Head</strong>!<br></div><div class="battle-history"><small>It's not very effective...</small><br></div><div class="battle-history"><small>(The opposing Ophrys lost 16% of its health!)</small><br></div><div class="spacer battle-history"><br></div><div class="battle-history"><small>Edison restored a little HP using its Leftovers!</small><br></div><div class="spacer battle-history"><br></div><h2 class="battle-history">Turn 26</h2><div class="chat chatmessage-inkbug1 mine"><strong style="color:#e46e0f"><small>☆</small><span class="username" data-name="inkbug1">inkbug1</span>:</strong> <em>ajgdajdgajgsdjasgd</em></div><div class="chat chatmessage-h2opulse"><strong style="color:#6e8c2b"><small>☆</small><span class="username" data-name="H2OPulse">H2OPulse</span>:</strong> <em>Oooo nice</em></div><div class="chat chatmessage-h2opulse"><strong style="color:#6e8c2b"><small>☆</small><span class="username" data-name="H2OPulse">H2OPulse</span>:</strong> <em>Cool with that damage</em></div><div class="chat chatmessage-inkbug1 mine"><strong style="color:#e46e0f"><small>☆</small><span class="username" data-name="inkbug1">inkbug1</span>:</strong> <em>fair </em></div><div class="spacer battle-history"><br></div><div class="battle-history">Edison, come back!<br></div><div class="battle-history">Go! Rooibos (<strong>Volcanion</strong>)!<br></div><div class="battle-history"><small>Rooibos was caught in a sticky web!</small><br></div><div class="battle-history"><small>Rooibos's Speed fell!</small><br></div><div class="spacer battle-history"><br></div><div class="battle-history">The opposing Ophrys used <strong>Roost</strong>!<br></div><div class="battle-history"><small>The opposing Ophrys had its HP restored.</small><br></div><div class="spacer battle-history"><br></div><div class="battle-history"><small>Rooibos was hurt by poison!</small><br></div><div class="spacer battle-history"><br></div><h2 class="battle-history">Turn 27</h2><div class="chat chatmessage-inkbug1 mine"><strong style="color:#e46e0f"><small>☆</small><span class="username" data-name="inkbug1">inkbug1</span>:</strong> <em>you still have vaporeon right </em></div><div class="chat chatmessage-h2opulse"><strong style="color:#6e8c2b"><small>☆</small><span class="username" data-name="H2OPulse">H2OPulse</span>:</strong> <em>Yes</em></div><div class="chat chatmessage-inkbug1 mine"><strong style="color:#e46e0f"><small>☆</small><span class="username" data-name="inkbug1">inkbug1</span>:</strong> <em>k</em></div><div class="chat chatmessage-h2opulse"><strong style="color:#6e8c2b"><small>☆</small><span class="username" data-name="H2OPulse">H2OPulse</span>:</strong> <em>The interface is annoying oops uh</em></div><div class="chat chatmessage-h2opulse"><strong style="color:#6e8c2b"><small>☆</small><span class="username" data-name="H2OPulse">H2OPulse</span>:</strong> <em>Scizor, Poultergeist, Vaporeon and Flygon are all still alive</em></div><div class="chat chatmessage-inkbug1 mine"><strong style="color:#e46e0f"><small>☆</small><span class="username" data-name="inkbug1">inkbug1</span>:</strong> <em>right </em></div><div class="chat chatmessage-h2opulse"><strong style="color:#6e8c2b"><small>☆</small><span class="username" data-name="H2OPulse">H2OPulse</span>:</strong> <em>Vaporeon and obviously Poultergeist are at full</em></div><div class="chat chatmessage-inkbug1 mine"><strong style="color:#e46e0f"><small>☆</small><span class="username" data-name="inkbug1">inkbug1</span>:</strong> <em>listing poultergeist in "things that are alive" reminds me of this </em></div><div class="spacer battle-history"><br></div><div class="battle-history">The opposing Ophrys used <strong>U-turn</strong>!<br></div><div class="battle-history"><small>It's not very effective...</small><br></div><div class="battle-history"><small>(Rooibos lost <abbr title="−88/363">24.2%</abbr> of its health!)</small><br></div><div class="spacer battle-history"><br></div><div class="battle-history">Rooibos fainted!<br></div><div class="chat chatmessage-h2opulse"><strong style="color:#6e8c2b"><small>☆</small><span class="username" data-name="H2OPulse">H2OPulse</span>:</strong> <em>Oh nice</em></div><div class="spacer battle-history"><br></div><div class="battle-history">The opposing Ophrys went back to H2OPulse!<br></div><div class="battle-history">H2OPulse sent out Cattail (<strong>Vaporeon</strong>)!<br></div><div class="chat chatmessage-inkbug1 mine"><strong style="color:#e46e0f"><small>☆</small><span class="username" data-name="inkbug1">inkbug1</span>:</strong> <em>like the characters page on a webcomic theres a character panel for someone whos like a ghost and it goes like </em></div><div class="chat chatmessage-inkbug1 mine"><strong style="color:#e46e0f"><small>☆</small><span class="username" data-name="inkbug1">inkbug1</span>:</strong> <em>"a ghost currently living (WELL NOT EXACTLY LIVING PER SE) in main characters house-" </em></div><div class="chat chatmessage-h2opulse"><strong style="color:#6e8c2b"><small>☆</small><span class="username" data-name="H2OPulse">H2OPulse</span>:</strong> <em><i>kfjhgk</i></em></div><div class="spacer battle-history"><br></div><div class="battle-history">Go! Oliver (<strong>Noivern</strong>)!<br></div><div class="battle-history">[Oliver's Frisk]<br><small>Oliver frisked the opposing Cattail and found its Leftovers!</small><br></div><div class="spacer battle-history"><br></div><h2 class="battle-history">Turn 28</h2><div class="spacer battle-history"><br></div><div class="battle-history">Oliver used <strong>Defog</strong>!<br></div><div class="battle-history"><small>The opposing Cattail's evasiveness fell!</small><br></div><div class="battle-history"><small>The sticky web has disappeared from the ground around your team!</small><br></div><div class="spacer battle-history"><br></div><div class="battle-history">The opposing Cattail used <strong>Flip Turn</strong>!<br></div><div class="battle-history"><small>It's not very effective...</small><br></div><div class="battle-history"><small>(Oliver lost <abbr title="−30/311">9.6%</abbr> of its health!)</small><br></div><div class="chat chatmessage-h2opulse"><strong style="color:#6e8c2b"><small>☆</small><span class="username" data-name="H2OPulse">H2OPulse</span>:</strong> <em>Noooo I liked having those</em></div><div class="chat chatmessage-h2opulse"><strong style="color:#6e8c2b"><small>☆</small><span class="username" data-name="H2OPulse">H2OPulse</span>:</strong> <em>RIP Spilly</em></div><div class="spacer battle-history"><br></div><div class="battle-history">H2OPulse withdrew Cattail!<br></div><div class="battle-history">H2OPulse sent out Rosemary (<strong>Poultergeist-Headless</strong>)!<br></div><div class="spacer battle-history"><br></div><div class="battle-history"><small>Oliver was hurt by its burn!</small><br></div><div class="spacer battle-history"><br></div><h2 class="battle-history">Turn 29</h2><div class="spacer battle-history"><br></div><div class="battle-history">Oliver, come back!<br></div><div class="battle-history">Go! Octo Eight-Step (<strong>Neuroboxin</strong>)!<br></div><div class="battle-history">[Octo Eight-Step's Trace]<br>[Octo Eight-Step's Wonder Guard]<br><small>Octo Eight-Step traced the opposing Rosemary's Wonder Guard!</small><br></div><div class="spacer battle-history"><br></div><div class="battle-history">The opposing Rosemary used <strong>Hex</strong>!<br></div><div class="battle-history">[Octo Eight-Step's Wonder Guard]<br><small>It doesn't affect Octo Eight-Step...</small><br></div><div class="spacer battle-history"><br></div><h2 class="battle-history">Turn 30</h2><div class="chat chatmessage-inkbug1 mine"><strong style="color:#e46e0f"><small>☆</small><span class="username" data-name="inkbug1">inkbug1</span>:</strong> <em>HMMMM mmmm m </em></div><div class="chat chatmessage-h2opulse"><strong style="color:#6e8c2b"><small>☆</small><span class="username" data-name="H2OPulse">H2OPulse</span>:</strong> <em><i>wait I was ready for that but I clicked the wrong move</i></em></div><div class="chat chatmessage-h2opulse"><strong style="color:#6e8c2b"><small>☆</small><span class="username" data-name="H2OPulse">H2OPulse</span>:</strong> <em>I was so excited when you sent him in and so confused when Wonder Guard activated</em></div><div class="chat chatmessage-inkbug1 mine"><strong style="color:#e46e0f"><small>☆</small><span class="username" data-name="inkbug1">inkbug1</span>:</strong> <em>akshda sorry </em></div><div class="chat chatmessage-h2opulse"><strong style="color:#6e8c2b"><small>☆</small><span class="username" data-name="H2OPulse">H2OPulse</span>:</strong> <em>I'm just dumb :'D</em></div><div class="spacer battle-history"><br></div><div class="battle-history">H2OPulse withdrew Rosemary!<br></div><div class="battle-history">H2OPulse sent out Lotus (<strong>Flygon</strong>)!<br></div><div class="spacer battle-history"><br></div><div class="battle-history">Octo Eight-Step used <strong>Knock Off</strong>!<br></div><div class="battle-history"><small>(The opposing Lotus lost 32% of its health!)</small><br></div><div class="battle-history"><small>Octo Eight-Step knocked off the opposing Lotus's Choice Scarf!</small><br></div><div class="spacer battle-history"><br></div><h2 class="battle-history">Turn 31</h2><div class="spacer battle-history"><br></div><div class="battle-history">Octo Eight-Step, come back!<br></div><div class="battle-history">Go! Edison (<strong>Dracalloy</strong>)!<br></div><div class="spacer battle-history"><br></div><div class="battle-history">The opposing Lotus used <strong>Earthquake</strong>!<br></div><div class="battle-history">[Edison's Levitate]<br><small>It doesn't affect Edison...</small><br></div><div class="spacer battle-history"><br></div><div class="battle-history"><small>Edison restored a little HP using its Leftovers!</small><br></div><div class="spacer battle-history"><br></div><h2 class="battle-history">Turn 32</h2><div class="spacer battle-history"><br></div><div class="battle-history">The opposing Lotus used <strong>U-turn</strong>!<br></div><div class="battle-history"><small>It's not very effective...</small><br></div><div class="battle-history"><small>(Edison lost <abbr title="−41/333">12.3%</abbr> of its health!)</small><br></div><div class="spacer battle-history"><br></div><div class="battle-history">The opposing Lotus went back to H2OPulse!<br></div><div class="battle-history">H2OPulse sent out Ophrys (<strong>Scizor-Mega</strong>)!<br></div><div class="spacer battle-history"><br></div><div class="battle-history">Edison used <strong>Hone Claws</strong>!<br></div><div class="battle-history"><small>Edison's Attack rose!</small><br></div><div class="battle-history"><small>Edison's accuracy rose!</small><br></div><div class="spacer battle-history"><br></div><div class="battle-history"><small>Edison restored a little HP using its Leftovers!</small><br></div><div class="spacer battle-history"><br></div><h2 class="battle-history">Turn 33</h2><div class="chat chatmessage-inkbug1 mine"><strong style="color:#e46e0f"><small>☆</small><span class="username" data-name="inkbug1">inkbug1</span>:</strong> <em>owie</em></div><div class="chat chatmessage-inkbug1 mine"><strong style="color:#e46e0f"><small>☆</small><span class="username" data-name="inkbug1">inkbug1</span>:</strong> <em>fair</em></div><div class="chat chatmessage-inkbug1 mine"><strong style="color:#e46e0f"><small>☆</small><span class="username" data-name="inkbug1">inkbug1</span>:</strong> <em>hm</em></div><div class="chat chatmessage-h2opulse"><strong style="color:#6e8c2b"><small>☆</small><span class="username" data-name="H2OPulse">H2OPulse</span>:</strong> <em>It's so</em></div><div class="chat chatmessage-h2opulse"><strong style="color:#6e8c2b"><small>☆</small><span class="username" data-name="H2OPulse">H2OPulse</span>:</strong> <em>fascinating to have a physically frail Steel-type like this</em></div><div class="chat chatmessage-inkbug1 mine"><strong style="color:#e46e0f"><small>☆</small><span class="username" data-name="inkbug1">inkbug1</span>:</strong> <em>my switch ins for this are kinda dead </em></div><div class="chat chatmessage-h2opulse"><strong style="color:#6e8c2b"><small>☆</small><span class="username" data-name="H2OPulse">H2OPulse</span>:</strong> <em>I mean not really that frail but</em></div><div class="chat chatmessage-h2opulse"><strong style="color:#6e8c2b"><small>☆</small><span class="username" data-name="H2OPulse">H2OPulse</span>:</strong> <em>Especially with Scale Shot, kinda</em></div><div class="chat chatmessage-inkbug1 mine"><strong style="color:#e46e0f"><small>☆</small><span class="username" data-name="inkbug1">inkbug1</span>:</strong> <em>i dont think eightstep can scratch it hrm </em></div><div class="spacer battle-history"><br></div><div class="battle-history">Edison used <strong>Earthquake</strong>!<br></div><div class="battle-history"><small>(The opposing Ophrys lost 25% of its health!)</small><br></div><div class="spacer battle-history"><br></div><div class="battle-history">The opposing Ophrys used <strong>Swords Dance</strong>!<br></div><div class="battle-history"><small>The opposing Ophrys's Attack rose sharply!</small><br></div><div class="spacer battle-history"><br></div><div class="battle-history"><small>Edison restored a little HP using its Leftovers!</small><br></div><div class="spacer battle-history"><br></div><h2 class="battle-history">Turn 34</h2><div class="spacer battle-history"><br></div><div class="battle-history">Edison used <strong>Earthquake</strong>!<br></div><div class="battle-history"><small>(The opposing Ophrys lost 28% of its health!)</small><br></div><div class="spacer battle-history"><br></div><div class="battle-history">The opposing Ophrys used <strong>Roost</strong>!<br></div><div class="battle-history"><small>The opposing Ophrys had its HP restored.</small><br></div><div class="spacer battle-history"><br></div><div class="battle-history"><small>Edison restored a little HP using its Leftovers!</small><br></div><div class="spacer battle-history"><br></div><h2 class="battle-history">Turn 35</h2><div class="spacer battle-history"><br></div><div class="battle-history">Edison used <strong>Hone Claws</strong>!<br></div><div class="battle-history"><small>Edison's Attack rose!</small><br></div><div class="battle-history"><small>Edison's accuracy rose!</small><br></div><div class="spacer battle-history"><br></div><div class="battle-history">The opposing Ophrys used <strong>Swords Dance</strong>!<br></div><div class="battle-history"><small>The opposing Ophrys's Attack rose sharply!</small><br></div><div class="spacer battle-history"><br></div><div class="battle-history"><small>Edison restored a little HP using its Leftovers!</small><br></div><div class="spacer battle-history"><br></div><h2 class="battle-history">Turn 36</h2><div class="spacer battle-history"><br></div><div class="battle-history">The opposing Ophrys used <strong>Bullet Punch</strong>!<br></div><div class="battle-history"><small>It's not very effective...</small><br></div><div class="battle-history"><small>(Edison lost <abbr title="−109/333">32.7%</abbr> of its health!)</small><br></div><div class="spacer battle-history"><br></div><div class="battle-history">Edison fainted!<br></div><div class="spacer battle-history"><br></div><div class="battle-history">Go! Juniper (<strong>Grimmsnarl</strong>)!<br></div><div class="spacer battle-history"><br></div><h2 class="battle-history">Turn 37</h2><div class="spacer battle-history"><br></div><div class="battle-history">The opposing Ophrys used <strong>Bullet Punch</strong>!<br></div><div class="battle-history"><small>It's super effective!</small><br></div><div class="battle-history"><small>(Juniper lost <abbr title="−340/394">86.3%</abbr> of its health!)</small><br></div><div class="spacer battle-history"><br></div><div class="battle-history">Juniper fainted!<br></div><div class="chat chatmessage-inkbug1 mine"><strong style="color:#e46e0f"><small>☆</small><span class="username" data-name="inkbug1">inkbug1</span>:</strong> <em>NO </em></div><div class="chat chatmessage-inkbug1 mine"><strong style="color:#e46e0f"><small>☆</small><span class="username" data-name="inkbug1">inkbug1</span>:</strong> <em>well there goes plan b </em></div><div class="spacer battle-history"><br></div><div class="battle-history">Go! Oliver (<strong>Noivern</strong>)!<br></div><div class="battle-history">[Oliver's Frisk]<br><small>Oliver frisked the opposing Ophrys and found its Scizorite!</small><br></div><div class="spacer battle-history"><br></div><h2 class="battle-history">Turn 38</h2><div class="chat chatmessage-inkbug1 mine"><strong style="color:#e46e0f"><small>☆</small><span class="username" data-name="inkbug1">inkbug1</span>:</strong> <em>gg</em></div><div class="chat chatmessage-h2opulse"><strong style="color:#6e8c2b"><small>☆</small><span class="username" data-name="H2OPulse">H2OPulse</span>:</strong> <em>I entirely forgot about that but getting a screen up first would have been so good</em></div><div class="chat chatmessage-h2opulse"><strong style="color:#6e8c2b"><small>☆</small><span class="username" data-name="H2OPulse">H2OPulse</span>:</strong> <em>Good game :'D</em></div><div class="chat chatmessage-h2opulse"><strong style="color:#6e8c2b"><small>☆</small><span class="username" data-name="H2OPulse">H2OPulse</span>:</strong> <em>I am 186 what are you</em></div><div class="chat chatmessage-h2opulse"><strong style="color:#6e8c2b"><small>☆</small><span class="username" data-name="H2OPulse">H2OPulse</span>:</strong> <em>out of curiosity</em></div><div class="spacer battle-history"><br></div><div class="battle-history">The opposing Ophrys used <strong>Bullet Punch</strong>!<br></div><div class="battle-history"><small>(Oliver lost <abbr title="−163/311">52.4%</abbr> of its health!)</small><br></div><div class="spacer battle-history"><br></div><div class="battle-history">Oliver fainted!<br></div><div class="chat chatmessage-inkbug1 mine"><strong style="color:#e46e0f"><small>☆</small><span class="username" data-name="inkbug1">inkbug1</span>:</strong> <em>yeah that would have helped this be a little less instant death </em></div><div class="chat chatmessage-inkbug1 mine"><strong style="color:#e46e0f"><small>☆</small><span class="username" data-name="inkbug1">inkbug1</span>:</strong> <em>uh juniper? </em></div><div class="chat chatmessage-h2opulse"><strong style="color:#6e8c2b"><small>☆</small><span class="username" data-name="H2OPulse">H2OPulse</span>:</strong> <em>Yeah</em></div><div class="chat chatmessage-inkbug1 mine"><strong style="color:#e46e0f"><small>☆</small><span class="username" data-name="inkbug1">inkbug1</span>:</strong> <em>156</em></div><div class="chat chatmessage-h2opulse"><strong style="color:#6e8c2b"><small>☆</small><span class="username" data-name="H2OPulse">H2OPulse</span>:</strong> <em>Righttt okay</em></div><div class="spacer battle-history"><br></div><div class="battle-history">Go! Octo Eight-Step (<strong>Neuroboxin</strong>)!<br></div><div class="battle-history">[Octo Eight-Step's Trace]<br>[Octo Eight-Step's Technician]<br><small>Octo Eight-Step traced the opposing Ophrys's Technician!</small><br></div><div class="spacer battle-history"><br></div><h2 class="battle-history">Turn 39</h2><div class="spacer battle-history"><br></div><div class="battle-history">The opposing Ophrys used <strong>Bullet Punch</strong>!<br></div><div class="battle-history"><small>(Octo Eight-Step lost <abbr title="−339/369">91.9%</abbr> of its health!)</small><br></div><div class="spacer battle-history"><br></div><div class="battle-history">Octo Eight-Step used <strong>Knock Off</strong>!<br></div><div class="battle-history"><small>(The opposing Ophrys lost 8% of its health!)</small><br></div><div class="spacer battle-history"><br></div><h2 class="battle-history">Turn 40</h2><div class="chat chatmessage-h2opulse"><strong style="color:#6e8c2b"><small>☆</small><span class="username" data-name="H2OPulse">H2OPulse</span>:</strong> <em>Whew okay</em></div><div class="chat chatmessage-h2opulse"><strong style="color:#6e8c2b"><small>☆</small><span class="username" data-name="H2OPulse">H2OPulse</span>:</strong> <em>Good game!!! O:</em></div><div class="chat chatmessage-inkbug1 mine"><strong style="color:#e46e0f"><small>☆</small><span class="username" data-name="inkbug1">inkbug1</span>:</strong> <em>oh my god the 10 hp</em></div><div class="spacer battle-history"><br></div><div class="battle-history">The opposing Ophrys used <strong>Bullet Punch</strong>!<br></div><div class="battle-history"><small>(Octo Eight-Step lost <abbr title="−10/369">2.7%</abbr> of its health!)</small><br></div><div class="spacer battle-history"><br></div><div class="battle-history">Octo Eight-Step fainted!<br></div><div class="spacer battle-history"><br></div><div class="battle-history"><strong>H2OPulse</strong> won the battle!<br></div><div class="chat chatmessage-inkbug1 mine"><strong style="color:#e46e0f"><small>☆</small><span class="username" data-name="inkbug1">inkbug1</span>:</strong> <em>gg</em></div><div class="chat chatmessage-inkbug1 mine"><strong style="color:#e46e0f"><small>☆</small><span class="username" data-name="inkbug1">inkbug1</span>:</strong> <em>i feel like i should b playing a lot safer w certain things im used to having a cleric </em></div><div class="chat chatmessage-inkbug1 mine"><strong style="color:#e46e0f"><small>☆</small><span class="username" data-name="inkbug1">inkbug1</span>:</strong> <em>poison on volcanion rly hurt </em></div><div class="chat chatmessage-h2opulse"><strong style="color:#6e8c2b"><small>☆</small><span class="username" data-name="H2OPulse">H2OPulse</span>:</strong> <em>This was insanely close though :'D</em></div><div class="chat chatmessage-inkbug1 mine"><strong style="color:#e46e0f"><small>☆</small><span class="username" data-name="inkbug1">inkbug1</span>:</strong> <em>i thhhink volcanion was the only thing that wins against scizor </em></div><div class="chat chatmessage-inkbug1 mine"><strong style="color:#e46e0f"><small>☆</small><span class="username" data-name="inkbug1">inkbug1</span>:</strong> <em>im not sure buzzstacian would outlast it with sd and its weak to uturn </em></div><div class="chat chatmessage-inkbug1 mine"><strong style="color:#e46e0f"><small>☆</small><span class="username" data-name="inkbug1">inkbug1</span>:</strong> <em>wait and i dont even have fire on it rn </em></div><div class="chat chatmessage-inkbug1 mine"><strong style="color:#e46e0f"><small>☆</small><span class="username" data-name="inkbug1">inkbug1</span>:</strong> <em>so thats a problem</em></div><div class="chat chatmessage-inkbug1 mine"><strong style="color:#e46e0f"><small>☆</small><span class="username" data-name="inkbug1">inkbug1</span>:</strong> <em>yeah i should probably fix the moves back to the original set this one isnt rly working i have not had reason to click it</em></div><div class="chat chatmessage-h2opulse"><strong style="color:#6e8c2b"><small>☆</small><span class="username" data-name="H2OPulse">H2OPulse</span>:</strong> <em>Fair O:</em></div></div><div class="inner-preempt message-log"></div></div></div>
</div>
<script>
let daily = Math.floor(Date.now()/1000/60/60/24);document.write('<script src="https://dragonheaven.herokuapp.com/js/replay-embed.js?version'+daily+'"></'+'script>');
</script>
