<!DOCTYPE html>
<meta charset="utf-8" />
<!-- version 1 -->
<title>[Gen 8] Conniecord Draft League replay: amiablespiders vs. birdkeeper85</title>
<style>
html,body {font-family:Verdana, sans-serif;font-size:10pt;margin:0;padding:0;}body{padding:12px 0;} .battle-log {font-family:Verdana, sans-serif;font-size:10pt;} .battle-log-inline {border:1px solid #AAAAAA;background:#EEF2F5;color:black;max-width:640px;margin:0 auto 80px;padding-bottom:5px;} .battle-log .inner {padding:4px 8px 0px 8px;} .battle-log .inner-preempt {padding:0 8px 4px 8px;} .battle-log .inner-after {margin-top:0.5em;} .battle-log h2 {margin:0.5em -8px;padding:4px 8px;border:1px solid #AAAAAA;background:#E0E7EA;border-left:0;border-right:0;font-family:Verdana, sans-serif;font-size:13pt;} .battle-log .chat {vertical-align:middle;padding:3px 0 3px 0;font-size:8pt;} .battle-log .chat strong {color:#40576A;} .battle-log .chat em {padding:1px 4px 1px 3px;color:#000000;font-style:normal;} .chat.mine {background:rgba(0,0,0,0.05);margin-left:-8px;margin-right:-8px;padding-left:8px;padding-right:8px;} .spoiler {color:#BBBBBB;background:#BBBBBB;padding:0px 3px;} .spoiler:hover, .spoiler:active, .spoiler-shown {color:#000000;background:#E2E2E2;padding:0px 3px;} .spoiler a {color:#BBBBBB;} .spoiler:hover a, .spoiler:active a, .spoiler-shown a {color:#2288CC;} .chat code, .chat .spoiler:hover code, .chat .spoiler:active code, .chat .spoiler-shown code {border:1px solid #C0C0C0;background:#EEEEEE;color:black;padding:0 2px;} .chat .spoiler code {border:1px solid #CCCCCC;background:#CCCCCC;color:#CCCCCC;} .battle-log .rated {padding:3px 4px;} .battle-log .rated strong {color:white;background:#89A;padding:1px 4px;border-radius:4px;} .spacer {margin-top:0.5em;} .message-announce {background:#6688AA;color:white;padding:1px 4px 2px;} .message-announce a, .broadcast-green a, .broadcast-blue a, .broadcast-red a {color:#DDEEFF;} .broadcast-green {background-color:#559955;color:white;padding:2px 4px;} .broadcast-blue {background-color:#6688AA;color:white;padding:2px 4px;} .infobox {border:1px solid #6688AA;padding:2px 4px;} .infobox-limited {max-height:200px;overflow:auto;overflow-x:hidden;} .broadcast-red {background-color:#AA5544;color:white;padding:2px 4px;} .message-learn-canlearn {font-weight:bold;color:#228822;text-decoration:underline;} .message-learn-cannotlearn {font-weight:bold;color:#CC2222;text-decoration:underline;} .message-effect-weak {font-weight:bold;color:#CC2222;} .message-effect-resist {font-weight:bold;color:#6688AA;} .message-effect-immune {font-weight:bold;color:#666666;} .message-learn-list {margin-top:0;margin-bottom:0;} .message-throttle-notice, .message-error {color:#992222;} .message-overflow, .chat small.message-overflow {font-size:0pt;} .message-overflow::before {font-size:9pt;content:'...';} .subtle {color:#3A4A66;}
</style>
<div class="wrapper replay-wrapper" style="max-width:1180px;margin:0 auto">
<input type="hidden" name="replayid" value="dragonheaven-gen8conniecorddraftleague-362-byaebeq2767elwmh3epr8u125l9ogd6pw" />
<div class="battle"></div><div class="battle-log"></div><div class="replay-controls"></div><div class="replay-controls-2"></div>
<h1 style="font-weight:normal;text-align:center"><strong>[Gen 8] Conniecord Draft League</strong><br /><a href="http://pokemonshowdown.com/users/amiablespiders" class="subtle" target="_blank">amiablespiders</a> vs. <a href="http://pokemonshowdown.com/users/birdkeeper85" class="subtle" target="_blank">birdkeeper85</a></h1>
<script type="text/plain" class="battle-log-data">|raw|<div class="broadcast-red"><strong>This battle is invite-only!<\/strong><br \/>Users must be invited with <code>\/invite<\/code> (or be staff) to join<\/div>
|j|☆amiablespiders
|j|☆birdkeeper85

|t:|1622683086
|player|p1|amiablespiders|nate|
|player|p2|birdkeeper85|birdkeeper|
|teamsize|p1|6
|teamsize|p2|6
|gametype|singles
|gen|8
|tier|[Gen 8] Conniecord Draft League
|clearpoke
|poke|p1|Araquanid, M|
|poke|p1|Toxitoad, M|
|poke|p1|Surge, F|
|poke|p1|Tornadus-Therian, M|
|poke|p1|Umbreon, F|
|poke|p1|Runerigus, F|
|poke|p2|Toxitoad, M|
|poke|p2|Neuroboxin, M|
|poke|p2|Flufnir, M|
|poke|p2|Articuno-Galar|
|poke|p2|Eldegoss, M|
|poke|p2|Poultergeist, F|
|rule|HP Percentage Mod: HP is shown in percentages
|rule|Endless Battle Clause: Forcing endless battles is banned
|rule|OHKO Clause: OHKO moves are banned
|rule|Evasion Moves Clause: Evasion moves are banned
|rule|Species Clause: Limit one of each Pokémon (not counting forms)
|rule|Dynamax Clause: You cannot dynamax
|rule|Sleep Clause Mod: Limit one foe put to sleep
|rule|Z-Move Clause: Z-Moves are banned
|teampreview
|c|☆birdkeeper85|oh the torn 
|c|☆amiablespiders|Oooooo neat okay
|c|☆amiablespiders|Good luck and have fun :'D
|
|t:|1622683118
|start
|switch|p1a: Yew|Runerigus, F|100\/100
|switch|p2a: Octo Eight-Step|Neuroboxin, M|431\/431
|-start|p2a: Octo Eight-Step|typechange|Poison\/Fighting|[silent]
|raw|<ul class="utilichart"><li class="result"><span class="col pokemonnamecol" style="white-space: nowrap">Neuroboxin<\/span> <span class="col typecol"><img src="https:\/\/play.pokemonshowdown.com\/sprites\/types\/Poison.png" alt="Poison" height="14" width="32"><img src="https:\/\/play.pokemonshowdown.com\/sprites\/types\/Fighting.png" alt="Fighting" height="14" width="32"><\/span> <span style="float: left ; min-height: 26px"><span class="col abilitycol">Infiltrator \/ Sticky Hold \/ Trace<\/span><span class="col abilitycol"><\/span><\/span><\/li><li style="clear: both"><\/li><\/ul>
|raw|<ul class="utilichart"><li class="result"><span style="float: left ; min-height: 26px"><span class="col statcol"><em>HP<\/em><br>114<\/span> <span class="col statcol"><em>Atk<\/em><br>72<\/span> <span class="col statcol"><em>Def<\/em><br>96<\/span> <span class="col statcol"><em>SpA<\/em><br>85<\/span> <span class="col statcol"><em>SpD<\/em><br>81<\/span> <span class="col statcol"><em>Spe<\/em><br>109<\/span> <\/span><\/li><li style="clear: both"><\/li><\/ul>
|-ability|p2a: Octo Eight-Step|Wandering Spirit|[from] ability: Trace|[of] p1a: Yew
|turn|1
|c|☆birdkeeper85|y.yeah???
|
|t:|1622683135
|move|p2a: Octo Eight-Step|Knock Off|p1a: Yew
|-supereffective|p1a: Yew
|-damage|p1a: Yew|77\/100
|-activate|p1a: Yew|ability: Wandering Spirit|Wandering Spirit|Wandering Spirit|[of] p2a: Octo Eight-Step
|-enditem|p1a: Yew|Leftovers|[from] move: Knock Off|[of] p2a: Octo Eight-Step
|move|p1a: Yew|Toxic Spikes|p2a: Octo Eight-Step
|-sidestart|p2: birdkeeper85|move: Toxic Spikes
|
|upkeep
|turn|2
|c|☆amiablespiders|Skghgjgk
|
|t:|1622683170
|move|p2a: Octo Eight-Step|Toxic Spikes|p1a: Yew
|-sidestart|p1: amiablespiders|move: Toxic Spikes
|move|p1a: Yew|Poltergeist|p2a: Octo Eight-Step
|-activate|p2a: Octo Eight-Step|move: Poltergeist|Rocky Helmet
|-damage|p2a: Octo Eight-Step|296\/431
|
|upkeep
|turn|3
|c|☆amiablespiders|Okay it was very silly to bother with Toxic Spikes without dealing with Boxin in the first place
|c|☆amiablespiders|Lies
|c|☆amiablespiders|Rocky Helmet actually does 16.7%
|c|☆birdkeeper85|i maybe shoud have brought a different one i didnt know you were also going for toxitoad
|c|☆amiablespiders|P f
|
|t:|1622683270
|move|p2a: Octo Eight-Step|U-turn|p1a: Yew
|-resisted|p1a: Yew
|-damage|p1a: Yew|73\/100
|-activate|p1a: Yew|ability: Wandering Spirit|Wandering Spirit|Wandering Spirit|[of] p2a: Octo Eight-Step
|c|☆amiablespiders|Yeah oops :'D
|c|☆birdkeeper85|dont really have any good options here to be honest
|
|t:|1622683326
|switch|p2a: Creme Brulee|Poultergeist, F|352\/352
|-start|p2a: Creme Brulee|typechange|Fire\/Flying|[silent]
|raw|<ul class="utilichart"><li class="result"><span class="col pokemonnamecol" style="white-space: nowrap">Poultergeist<\/span> <span class="col typecol"><img src="https:\/\/play.pokemonshowdown.com\/sprites\/types\/Fire.png" alt="Fire" height="14" width="32"><img src="https:\/\/play.pokemonshowdown.com\/sprites\/types\/Flying.png" alt="Flying" height="14" width="32"><\/span> <span style="float: left ; min-height: 26px"><span class="col abilitycol">Chicken Out<\/span><span class="col abilitycol"><\/span><\/span><\/li><li style="clear: both"><\/li><\/ul>
|raw|<ul class="utilichart"><li class="result"><span style="float: left ; min-height: 26px"><span class="col statcol"><em>HP<\/em><br>105<\/span> <span class="col statcol"><em>Atk<\/em><br>65<\/span> <span class="col statcol"><em>Def<\/em><br>85<\/span> <span class="col statcol"><em>SpA<\/em><br>105<\/span> <span class="col statcol"><em>SpD<\/em><br>85<\/span> <span class="col statcol"><em>Spe<\/em><br>73<\/span> <\/span><\/li><li style="clear: both"><\/li><\/ul>
|move|p1a: Yew|Poltergeist|p2a: Creme Brulee
|-activate|p2a: Creme Brulee|move: Poltergeist|Heavy-Duty Boots
|-damage|p2a: Creme Brulee|220\/352
|
|upkeep
|turn|4
|
|t:|1622683339
|switch|p1a: Hyacinth|Tornadus-Therian, M|100\/100
|move|p2a: Creme Brulee|Inferno|p1a: Hyacinth|[miss]
|-miss|p2a: Creme Brulee|p1a: Hyacinth
|
|upkeep
|turn|5
|c|☆amiablespiders|Oof sorry
|
|t:|1622683350
|switch|p2a: Toxitoad|Toxitoad, M|413\/413
|-sideend|p2: birdkeeper85|move: Toxic Spikes|[of] p2a: Toxitoad
|-start|p2a: Toxitoad|typechange|Poison|[silent]
|raw|<ul class="utilichart"><li class="result"><span class="col pokemonnamecol" style="white-space: nowrap">Toxitoad<\/span> <span class="col typecol"><img src="https:\/\/play.pokemonshowdown.com\/sprites\/types\/Poison.png" alt="Poison" height="14" width="32"><\/span> <span style="float: left ; min-height: 26px"><span class="col abilitycol">Clear Body \/ Saturation \/ Filter<\/span><span class="col abilitycol"><\/span><\/span><\/li><li style="clear: both"><\/li><\/ul>
|raw|<ul class="utilichart"><li class="result"><span style="float: left ; min-height: 26px"><span class="col statcol"><em>HP<\/em><br>105<\/span> <span class="col statcol"><em>Atk<\/em><br>55<\/span> <span class="col statcol"><em>Def<\/em><br>55<\/span> <span class="col statcol"><em>SpA<\/em><br>105<\/span> <span class="col statcol"><em>SpD<\/em><br>77<\/span> <span class="col statcol"><em>Spe<\/em><br>77<\/span> <\/span><\/li><li style="clear: both"><\/li><\/ul>
|move|p1a: Hyacinth|Knock Off|p2a: Toxitoad
|-damage|p2a: Toxitoad|310\/413
|-enditem|p2a: Toxitoad|Black Sludge|[from] move: Knock Off|[of] p1a: Hyacinth
|
|upkeep
|turn|6
|
|t:|1622683361
|move|p1a: Hyacinth|Hurricane|p2a: Toxitoad
|-damage|p2a: Toxitoad|183\/413
|move|p2a: Toxitoad|Clear Smog|p1a: Hyacinth
|-damage|p1a: Hyacinth|83\/100
|-clearboost|p1a: Hyacinth
|
|upkeep
|turn|7
|
|t:|1622683369
|move|p1a: Hyacinth|Taunt|p2a: Toxitoad
|-start|p2a: Toxitoad|move: Taunt
|cant|p2a: Toxitoad|move: Taunt|Recover
|
|upkeep
|turn|8
|c|☆birdkeeper85|no good options for this either hmm
|
|t:|1622683425
|switch|p2a: Marshmallow|Flufnir, M|459\/459
|-start|p2a: Marshmallow|typechange|Normal\/Dragon|[silent]
|raw|<ul class="utilichart"><li class="result"><span class="col pokemonnamecol" style="white-space: nowrap">Flufnir<\/span> <span class="col typecol"><img src="https:\/\/play.pokemonshowdown.com\/sprites\/types\/Normal.png" alt="Normal" height="14" width="32"><img src="https:\/\/play.pokemonshowdown.com\/sprites\/types\/Dragon.png" alt="Dragon" height="14" width="32"><\/span> <span style="float: left ; min-height: 26px"><span class="col abilitycol">Fluffy \/ Hustle \/ Natural Cure<\/span><span class="col abilitycol"><\/span><\/span><\/li><li style="clear: both"><\/li><\/ul>
|raw|<ul class="utilichart"><li class="result"><span style="float: left ; min-height: 26px"><span class="col statcol"><em>HP<\/em><br>128<\/span> <span class="col statcol"><em>Atk<\/em><br>136<\/span> <span class="col statcol"><em>Def<\/em><br>64<\/span> <span class="col statcol"><em>SpA<\/em><br>80<\/span> <span class="col statcol"><em>SpD<\/em><br>64<\/span> <span class="col statcol"><em>Spe<\/em><br>63<\/span> <\/span><\/li><li style="clear: both"><\/li><\/ul>
|move|p1a: Hyacinth|Hurricane|p2a: Marshmallow
|-crit|p2a: Marshmallow
|-damage|p2a: Marshmallow|138\/459
|
|upkeep
|turn|9
|c|☆birdkeeper85|owie
|c|☆amiablespiders|Ooof sorry;;
|
|t:|1622683442
|move|p1a: Hyacinth|Hurricane|p2a: Marshmallow
|-damage|p2a: Marshmallow|0 fnt
|faint|p2a: Marshmallow
|
|upkeep
|
|t:|1622683447
|switch|p2a: Octo Eight-Step|Neuroboxin, M|296\/431
|-start|p2a: Octo Eight-Step|typechange|Poison\/Fighting|[silent]
|-ability|p2a: Octo Eight-Step|Regenerator|[from] ability: Trace|[of] p1a: Hyacinth
|turn|10
|
|t:|1622683456
|switch|p2a: Brian|Articuno-Galar|383\/383
|move|p1a: Hyacinth|Hurricane|p2a: Brian
|-damage|p2a: Brian|245\/383
|-start|p2a: Brian|confusion
|
|upkeep
|turn|11
|
|t:|1622683463
|move|p1a: Hyacinth|Knock Off|p2a: Brian
|-supereffective|p2a: Brian
|-enditem|p2a: Brian|Colbur Berry|[eat]
|-enditem|p2a: Brian|Colbur Berry|[weaken]
|-damage|p2a: Brian|191\/383
|-activate|p2a: Brian|confusion
|move|p2a: Brian|Calm Mind|p2a: Brian
|-boost|p2a: Brian|spa|1
|-boost|p2a: Brian|spd|1
|
|upkeep
|turn|12
|c|☆amiablespiders|I am haxing you so much
|c|☆amiablespiders|By my standards having Hurricane even hit this much counts as hax
|c|☆amiablespiders|let alone the crit and confusion
|c|☆amiablespiders|I am so sorry
|c|☆birdkeeper85|hes just happy to be here
|
|t:|1622683491
|move|p1a: Hyacinth|Taunt|p2a: Brian
|-start|p2a: Brian|move: Taunt
|cant|p2a: Brian|move: Taunt|Recover
|
|upkeep
|turn|13
|c|☆amiablespiders|I
|c|☆amiablespiders|Confession
|c|☆amiablespiders|I actually misclicked there? but it worked out
|c|☆birdkeeper85|asdasd
|c|☆amiablespiders|I was going for U-turn it wasn't where I expected
|
|t:|1622683519
|move|p1a: Hyacinth|U-turn|p2a: Brian
|-damage|p2a: Brian|148\/383
|
|t:|1622683525
|switch|p1a: Lemon|Surge, F|100\/100|[from]move: U-turn
|-start|p1a: Lemon|typechange|Electric\/Steel|[silent]
|raw|<ul class="utilichart"><li class="result"><span class="col pokemonnamecol" style="white-space: nowrap">Surge<\/span> <span class="col typecol"><img src="https:\/\/play.pokemonshowdown.com\/sprites\/types\/Electric.png" alt="Electric" height="14" width="32"><img src="https:\/\/play.pokemonshowdown.com\/sprites\/types\/Steel.png" alt="Steel" height="14" width="32"><\/span> <span style="float: left ; min-height: 26px"><span class="col abilitycol">Water Absorb \/ Volt Absorb \/ Heavy Metal<\/span><span class="col abilitycol"><\/span><\/span><\/li><li style="clear: both"><\/li><\/ul>
|raw|<ul class="utilichart"><li class="result"><span style="float: left ; min-height: 26px"><span class="col statcol"><em>HP<\/em><br>100<\/span> <span class="col statcol"><em>Atk<\/em><br>50<\/span> <span class="col statcol"><em>Def<\/em><br>70<\/span> <span class="col statcol"><em>SpA<\/em><br>100<\/span> <span class="col statcol"><em>SpD<\/em><br>70<\/span> <span class="col statcol"><em>Spe<\/em><br>60<\/span> <\/span><\/li><li style="clear: both"><\/li><\/ul>
|-activate|p2a: Brian|confusion
|move|p2a: Brian|Hurricane|p1a: Lemon|[miss]
|-miss|p2a: Brian|p1a: Lemon
|
|upkeep
|turn|14
|c|☆birdkeeper85|brian 
|c|☆birdkeeper85|my friend
|c|☆birdkeeper85|my dude
|c|☆amiablespiders|it's the glasses
|c|☆amiablespiders|get prescription shades if you want to wear shades
|c|☆birdkeeper85|smh brian
|
|t:|1622683559
|switch|p2a: Candyfloss|Eldegoss, M|261\/261
|move|p1a: Lemon|Volt Switch|p2a: Candyfloss
|-resisted|p2a: Candyfloss
|-damage|p2a: Candyfloss|227\/261
|
|t:|1622683565
|switch|p1a: Stool|Toxitoad, M|100\/100|[from]move: Volt Switch
|-start|p1a: Stool|typechange|Poison|[silent]
|raw|<ul class="utilichart"><li class="result"><span class="col pokemonnamecol" style="white-space: nowrap">Toxitoad<\/span> <span class="col typecol"><img src="https:\/\/play.pokemonshowdown.com\/sprites\/types\/Poison.png" alt="Poison" height="14" width="32"><\/span> <span style="float: left ; min-height: 26px"><span class="col abilitycol">Clear Body \/ Saturation \/ Filter<\/span><span class="col abilitycol"><\/span><\/span><\/li><li style="clear: both"><\/li><\/ul>
|raw|<ul class="utilichart"><li class="result"><span style="float: left ; min-height: 26px"><span class="col statcol"><em>HP<\/em><br>105<\/span> <span class="col statcol"><em>Atk<\/em><br>55<\/span> <span class="col statcol"><em>Def<\/em><br>55<\/span> <span class="col statcol"><em>SpA<\/em><br>105<\/span> <span class="col statcol"><em>SpD<\/em><br>77<\/span> <span class="col statcol"><em>Spe<\/em><br>77<\/span> <\/span><\/li><li style="clear: both"><\/li><\/ul>
|-sideend|p1: amiablespiders|move: Toxic Spikes|[of] p1a: Stool
|
|upkeep
|turn|15
|c|☆birdkeeper85|pff
|
|t:|1622683575
|move|p1a: Stool|Nasty Plot|p1a: Stool
|-boost|p1a: Stool|spa|2
|move|p2a: Candyfloss|Leech Seed|p1a: Stool
|-start|p1a: Stool|move: Leech Seed
|
|-damage|p1a: Stool|88\/100|[from] Leech Seed|[of] p2a: Candyfloss
|-heal|p2a: Candyfloss|261\/261|[silent]
|upkeep
|turn|16
|
|t:|1622683601
|switch|p2a: Brian|Articuno-Galar|148\/383
|move|p1a: Stool|Flamethrower|p2a: Brian
|-damage|p2a: Brian|0 fnt
|faint|p2a: Brian
|
|upkeep
|c|☆birdkeeper85|worth a try
|c|☆amiablespiders|Oof sorry :c
|
|t:|1622683619
|switch|p2a: Creme Brulee|Poultergeist, F|220\/352
|-start|p2a: Creme Brulee|typechange|Fire\/Flying|[silent]
|turn|17
|c|☆birdkeeper85|i rly am a conisseur of terrible poultergeist sets i made an even worse one on my new team
|
|t:|1622683651
|switch|p1a: Yew|Runerigus, F|73\/100
|move|p2a: Creme Brulee|Inferno|p1a: Yew|[miss]
|-miss|p2a: Creme Brulee|p1a: Yew
|
|upkeep
|turn|18
|c|☆amiablespiders|Skfjgj
|c|☆amiablespiders|I can't wait to see
|c|☆birdkeeper85|how is that possible you ask
|c|☆birdkeeper85|i dont know.
|c|☆amiablespiders|Heheheh
|
|t:|1622683684
|move|p2a: Creme Brulee|Hone Claws|p2a: Creme Brulee
|-boost|p2a: Creme Brulee|atk|1
|-boost|p2a: Creme Brulee|accuracy|1
|move|p1a: Yew|Toxic Spikes|p2a: Creme Brulee
|-sidestart|p2: birdkeeper85|move: Toxic Spikes
|
|upkeep
|turn|19
|
|t:|1622683691
|switch|p1a: Spilly|Araquanid, M|100\/100
|move|p2a: Creme Brulee|Inferno|p1a: Spilly
|-damage|p1a: Spilly|80\/100
|
|upkeep
|turn|20
|
|t:|1622683707
|move|p2a: Creme Brulee|U-turn|p1a: Spilly
|-damage|p1a: Spilly|61\/100
|
|t:|1622683713
|switch|p2a: Octo Eight-Step|Neuroboxin, M|431\/431
|-sideend|p2: birdkeeper85|move: Toxic Spikes|[of] p2a: Octo Eight-Step
|-start|p2a: Octo Eight-Step|typechange|Poison\/Fighting|[silent]
|-ability|p2a: Octo Eight-Step|Water Bubble|[from] ability: Trace|[of] p1a: Spilly
|move|p1a: Spilly|Liquidation|p2a: Octo Eight-Step
|-damage|p2a: Octo Eight-Step|208\/431
|-unboost|p2a: Octo Eight-Step|def|1
|-damage|p1a: Spilly|45\/100|[from] item: Rocky Helmet|[of] p2a: Octo Eight-Step
|
|upkeep
|turn|21
|c|☆amiablespiders|Oops sorry I needed a sec-- __oh my gosh I haxed you again??__
|
|t:|1622683782
|move|p2a: Octo Eight-Step|U-turn|p1a: Spilly
|-damage|p1a: Spilly|28\/100
|c|☆birdkeeper85|one of those days it seems
|
|t:|1622683796
|switch|p2a: Candyfloss|Eldegoss, M|261\/261
|move|p1a: Spilly|Liquidation|p2a: Candyfloss
|-resisted|p2a: Candyfloss
|-damage|p2a: Candyfloss|173\/261
|-unboost|p2a: Candyfloss|def|1
|
|upkeep
|turn|22
|c|☆birdkeeper85|jesus
|c|☆birdkeeper85|christ aksdjhaskdh
|c|☆amiablespiders|I'm dying
|
|t:|1622683812
|switch|p2a: Toxitoad|Toxitoad, M|183\/413
|-start|p2a: Toxitoad|typechange|Poison|[silent]
|move|p1a: Spilly|Leech Life|p2a: Toxitoad
|-resisted|p2a: Toxitoad
|-damage|p2a: Toxitoad|104\/413
|-heal|p1a: Spilly|42\/100|[from] drain|[of] p2a: Toxitoad
|
|upkeep
|turn|23
|c|☆amiablespiders|The murder spiders are Not Amiable
|c|☆amiablespiders|I repeat
|c|☆amiablespiders|Not Amiable
|c|☆birdkeeper85|i rly need toxic on at least one mon on this team 
|
|t:|1622683837
|move|p2a: Toxitoad|Recover|p2a: Toxitoad
|-heal|p2a: Toxitoad|311\/413
|move|p1a: Spilly|Liquidation|p2a: Toxitoad
|-damage|p2a: Toxitoad|0 fnt
|faint|p2a: Toxitoad
|
|upkeep
|c|☆birdkeeper85|w
|c|☆birdkeeper85|he outspeed 
|c|☆amiablespiders|Oh yeah that checks out
|c|☆amiablespiders|Toad is base 77
|c|☆amiablespiders|and spider is 42
|c|☆birdkeeper85|ah 
|raw|<div class="message"><ul class="utilichart"><li class="result"><span class="col numcol">(PU)<\/span> <span class="col iconcol"><psicon pokemon="eldegoss"\/><\/span> <span class="col pokemonnamecol" style="white-space:nowrap"><a href="https:\/\/dex.pokemonshowdown.com\/pokemon\/eldegoss" target="_blank">Eldegoss<\/a><\/span> <span class="col typecol"><img src="https:\/\/play.pokemonshowdown.com\/sprites\/types\/Grass.png" alt="Grass" height="14" width="32"><\/span> <span style="float:left;min-height:26px"><span class="col twoabilitycol">Cotton Down<br \/>Regenerator<\/span><span class="col abilitycol"><em>Effect Spore<\/em><\/span><\/span><span style="float:left;min-height:26px"><span class="col statcol"><em>HP<\/em><br \/>60<\/span> <span class="col statcol"><em>Atk<\/em><br \/>50<\/span> <span class="col statcol"><em>Def<\/em><br \/>90<\/span> <span class="col statcol"><em>SpA<\/em><br \/>80<\/span> <span class="col statcol"><em>SpD<\/em><br \/>120<\/span> <span class="col statcol"><em>Spe<\/em><br \/>60<\/span> <span class="col bstcol"><em>BST<br \/>460<\/em><\/span> <\/span><\/li><li style="clear:both"><\/li><\/ul><\/div>
|raw|<font size="1"><font color="#686868">Dex#:<\/font> 830&nbsp;|&ThickSpace;<font color="#686868">Gen:<\/font> 8&nbsp;|&ThickSpace;<font color="#686868">Height:<\/font> 0.5 m&nbsp;|&ThickSpace;<font color="#686868">Weight:<\/font> 2.5 kg <em>(20 BP)<\/em>&nbsp;|&ThickSpace;<font color="#686868">Dex Colour:<\/font> Green&nbsp;|&ThickSpace;<font color="#686868">Egg Group(s):<\/font> Grass&nbsp;|&ThickSpace;<font color="#686868">Does Not Evolve<\/font><\/font>

|c|☆birdkeeper85|i mean i usually underspeed with goss who is base 60
|c|☆amiablespiders|Ohhh
|c|☆amiablespiders|Yeah I do have some investment but I think it's impossible to outdo 77 unless like
|c|☆birdkeeper85|min speed 
|c|☆amiablespiders|I want to say if I'm 252+ and you're uninvested that would work
|c|☆birdkeeper85|right
|c|☆amiablespiders|but I'm only uhh
|c|☆amiablespiders|lemme see
|
|t:|1622683928
|switch|p2a: Octo Eight-Step|Neuroboxin, M|208\/431
|-start|p2a: Octo Eight-Step|typechange|Poison\/Fighting|[silent]
|-ability|p2a: Octo Eight-Step|Water Bubble|[from] ability: Trace|[of] p1a: Spilly
|turn|24
|c|☆amiablespiders|I have 167 Speed
|
|t:|1622683947
|switch|p1a: Sundrop|Umbreon, F|100\/100
|move|p2a: Octo Eight-Step|Knock Off|p1a: Sundrop
|-resisted|p1a: Sundrop
|-damage|p1a: Sundrop|93\/100
|-enditem|p1a: Sundrop|Leftovers|[from] move: Knock Off|[of] p2a: Octo Eight-Step
|
|upkeep
|turn|25
|c|☆birdkeeper85|oh sweet
|c|☆amiablespiders|Wait you're Fighting-type and have established Bug coverage
|c|☆amiablespiders|I'm smart
|
|t:|1622683970
|move|p2a: Octo Eight-Step|Drain Punch|p1a: Sundrop
|-supereffective|p1a: Sundrop
|-damage|p1a: Sundrop|59\/100
|-heal|p2a: Octo Eight-Step|275\/431|[from] drain|[of] p1a: Sundrop
|move|p1a: Sundrop|Wish|p1a: Sundrop
|
|upkeep
|turn|26
|
|t:|1622683977
|switch|p1a: Spilly|Araquanid, M|42\/100
|move|p2a: Octo Eight-Step|Toxic Spikes|p1a: Spilly
|-sidestart|p1: amiablespiders|move: Toxic Spikes
|
|-heal|p1a: Spilly|100\/100|[from] move: Wish|[wisher] Sundrop
|upkeep
|turn|27
|
|t:|1622683985
|move|p2a: Octo Eight-Step|Knock Off|p1a: Spilly
|-damage|p1a: Spilly|80\/100
|-enditem|p1a: Spilly|Heavy-Duty Boots|[from] move: Knock Off|[of] p2a: Octo Eight-Step
|move|p1a: Spilly|Liquidation|p2a: Octo Eight-Step
|-damage|p2a: Octo Eight-Step|41\/431
|-damage|p1a: Spilly|63\/100|[from] item: Rocky Helmet|[of] p2a: Octo Eight-Step
|
|upkeep
|turn|28
|
|t:|1622684001
|move|p2a: Octo Eight-Step|U-turn|p1a: Spilly
|-damage|p1a: Spilly|47\/100
|
|t:|1622684004
|switch|p2a: Candyfloss|Eldegoss, M|260\/261
|move|p1a: Spilly|Leech Life|p2a: Candyfloss
|-supereffective|p2a: Candyfloss
|-damage|p2a: Candyfloss|90\/261
|-heal|p1a: Spilly|76\/100|[from] drain|[of] p2a: Candyfloss
|
|upkeep
|turn|29
|c|☆birdkeeper85|tht was kinda predictable huh
|
|t:|1622684018
|move|p1a: Spilly|Liquidation|p2a: Candyfloss
|-resisted|p2a: Candyfloss
|-damage|p2a: Candyfloss|3\/261
|-unboost|p2a: Candyfloss|def|1
|move|p2a: Candyfloss|Leech Seed|p1a: Spilly
|-start|p1a: Spilly|move: Leech Seed
|
|-damage|p1a: Spilly|64\/100|[from] Leech Seed|[of] p2a: Candyfloss
|-heal|p2a: Candyfloss|50\/261|[silent]
|upkeep
|turn|30
|c|☆birdkeeper85|spilly is having absolutely none of it today
|c|☆amiablespiders|I am so sorry
|
|t:|1622684033
|move|p1a: Spilly|Leech Life|p2a: Candyfloss
|-supereffective|p2a: Candyfloss
|-damage|p2a: Candyfloss|0 fnt
|-heal|p1a: Spilly|72\/100|[from] drain|[of] p2a: Candyfloss
|faint|p2a: Candyfloss
|
|upkeep
|
|t:|1622684046
|switch|p2a: Octo Eight-Step|Neuroboxin, M|41\/431
|-start|p2a: Octo Eight-Step|typechange|Poison\/Fighting|[silent]
|-ability|p2a: Octo Eight-Step|Water Bubble|[from] ability: Trace|[of] p1a: Spilly
|turn|31
|
|t:|1622684056
|move|p2a: Octo Eight-Step|U-turn|p1a: Spilly
|-damage|p1a: Spilly|56\/100
|
|t:|1622684059
|switch|p2a: Creme Brulee|Poultergeist, F|220\/352
|-start|p2a: Creme Brulee|typechange|Fire\/Flying|[silent]
|move|p1a: Spilly|Liquidation|p2a: Creme Brulee
|-supereffective|p2a: Creme Brulee
|-damage|p2a: Creme Brulee|0 fnt
|faint|p2a: Creme Brulee
|detailschange|p2a: Creme Brulee|Poultergeist-Headless, F
|-ability|p2a: Creme Brulee|Chicken Out
|-message|Creme Brulee ran off somewhere...
|
|-damage|p1a: Spilly|43\/100|[from] Leech Seed|[of] p2: Creme Brulee
|upkeep
|c|☆amiablespiders|Dkdjgjgjgk wait
|c|☆amiablespiders|that's not right is it
|c|☆birdkeeper85|thhhat was weird
|c|☆birdkeeper85|i mean its supposed to just not do anything right
|c|☆birdkeeper85|hmm
|c|☆amiablespiders|__pf__ okay I think I know why
|
|t:|1622684089
|switch|p2a: Octo Eight-Step|Neuroboxin, M|41\/431
|-start|p2a: Octo Eight-Step|typechange|Poison\/Fighting|[silent]
|-ability|p2a: Octo Eight-Step|Water Bubble|[from] ability: Trace|[of] p1a: Spilly
|turn|32
|c|☆amiablespiders|it uh
|c|☆birdkeeper85|i assume it thinks poult is still out
|c|☆amiablespiders|it's because it only pretended to faint (internally)
|c|☆birdkeeper85|right
|c|☆amiablespiders|yeah
|
|t:|1622684110
|move|p2a: Octo Eight-Step|U-turn|p1a: Spilly
|-damage|p1a: Spilly|28\/100
|
|t:|1622684112
|switch|p2a: Creme Brulee|Poultergeist-Headless, F|1\/1
|-start|p2a: Creme Brulee|typechange|Fire\/Ghost|[silent]
|raw|<ul class="utilichart"><li class="result"><span class="col pokemonnamecol" style="white-space: nowrap">Poultergeist-Headless<\/span> <span class="col typecol"><img src="https:\/\/play.pokemonshowdown.com\/sprites\/types\/Fire.png" alt="Fire" height="14" width="32"><img src="https:\/\/play.pokemonshowdown.com\/sprites\/types\/Ghost.png" alt="Ghost" height="14" width="32"><\/span> <span style="float: left ; min-height: 26px"><span class="col abilitycol">Wonder Guard<\/span><span class="col abilitycol"><\/span><\/span><\/li><li style="clear: both"><\/li><\/ul>
|raw|<ul class="utilichart"><li class="result"><span style="float: left ; min-height: 26px"><span class="col statcol"><em>HP<\/em><br>1<\/span> <span class="col statcol"><em>Atk<\/em><br>65<\/span> <span class="col statcol"><em>Def<\/em><br>85<\/span> <span class="col statcol"><em>SpA<\/em><br>105<\/span> <span class="col statcol"><em>SpD<\/em><br>85<\/span> <span class="col statcol"><em>Spe<\/em><br>113<\/span> <\/span><\/li><li style="clear: both"><\/li><\/ul>
|move|p1a: Spilly|Liquidation|p2a: Creme Brulee
|-supereffective|p2a: Creme Brulee
|-damage|p2a: Creme Brulee|0 fnt
|faint|p2a: Creme Brulee
|
|upkeep
|
|t:|1622684119
|switch|p2a: Octo Eight-Step|Neuroboxin, M|41\/431
|-start|p2a: Octo Eight-Step|typechange|Poison\/Fighting|[silent]
|-ability|p2a: Octo Eight-Step|Water Bubble|[from] ability: Trace|[of] p1a: Spilly
|turn|33
|c|☆amiablespiders|okay I am so sorry
|c|☆birdkeeper85|sometimes it be like that 
|c|☆amiablespiders|this was.
|c|☆amiablespiders|a match
|
|t:|1622684135
|move|p2a: Octo Eight-Step|U-turn|p1a: Spilly
|-damage|p1a: Spilly|13\/100
|move|p1a: Spilly|Liquidation|p2a: Octo Eight-Step
|-damage|p2a: Octo Eight-Step|0 fnt
|-damage|p1a: Spilly|0 fnt|[from] item: Rocky Helmet|[of] p2a: Octo Eight-Step
|faint|p2a: Octo Eight-Step
|faint|p1a: Spilly
|
|win|amiablespiders
|c|☆birdkeeper85|eyyy got one
|c|☆amiablespiders|Skfbfjgkg
|c|☆amiablespiders|Spilly went crazy in this one hahah
|c|☆amiablespiders|Good game :'D
|c|☆birdkeeper85|i lost flufnir early and flufnir gives it a hard time
|c|☆amiablespiders|Truuue
|c|☆birdkeeper85|like w brian and flufnir out of the way it can jsut go to town
|c|☆amiablespiders|Skdjjgj right the Tornadus hax streak
|c|☆birdkeeper85|i can mess with my sets and try this one again or do a different one up to u
|c|☆amiablespiders|I'm fine either way! I will likely be using the same team again ~~because I only have two haha what~~ so you can choose accordingly!
|c|☆birdkeeper85|right
|l|☆amiablespiders
|c|☆birdkeeper85|i meant like i cant pick </script>
</div>
<div class="battle-log battle-log-inline"><div class="inner"><div class="battle-options"><div style="padding-top: 3px; padding-right: 3px; text-align: right"><button class="icon button" name="openBattleOptions" title="Options">Battle Options</button></div></div><div class="inner message-log"><div class="chat"><div class="broadcast-red"><strong>This battle is invite-only!</strong><br>Users must be invited with <code>/invite</code> (or be staff) to join</div></div><div class="chat"><small>☆amiablespiders and ☆birdkeeper85 joined</small></div><div class=""><small>Format:</small> <br><strong>[Gen 8] Conniecord Draft League</strong></div><div class=""><small><em>HP Percentage Mod:</em> HP is shown in percentages</small></div><div class=""><small><em>Endless Battle Clause:</em> Forcing endless battles is banned</small></div><div class=""><small><em>OHKO Clause:</em> OHKO moves are banned</small></div><div class=""><small><em>Evasion Moves Clause:</em> Evasion moves are banned</small></div><div class=""><small><em>Species Clause:</em> Limit one of each Pokémon (not counting forms)</small></div><div class=""><small><em>Dynamax Clause:</em> You cannot dynamax</small></div><div class=""><small><em>Sleep Clause Mod:</em> Limit one foe put to sleep</small></div><div class=""><small><em>Z-Move Clause:</em> Z-Moves are banned</small></div><div class="chat battle-history"><strong>amiablespiders's team:</strong> <em style="color:#445566;display:block;">Araquanid / Toxitoad / Surge / Tornadus-Therian / Umbreon / Runerigus</em></div><div class="chat battle-history"><strong>birdkeeper85's team:</strong> <em style="color:#445566;display:block;">Toxitoad / Neuroboxin / Flufnir / Articuno-Galar / Eldegoss / Poultergeist</em></div><div class="chat chatmessage-birdkeeper85 mine"><strong style="color:#c75b29"><small>☆</small><span class="username" data-name="birdkeeper85">birdkeeper85</span>:</strong> <em>oh the torn </em></div><div class="chat chatmessage-amiablespiders"><strong style="color:#6d40e0"><small>☆</small><span class="username" data-name="amiablespiders">amiablespiders</span>:</strong> <em>Oooooo neat okay</em></div><div class="chat chatmessage-amiablespiders"><strong style="color:#6d40e0"><small>☆</small><span class="username" data-name="amiablespiders">amiablespiders</span>:</strong> <em>Good luck and have fun :'D</em></div><div class="spacer battle-history"><br></div><div class="battle-history">Battle started between amiablespiders and birdkeeper85!<br></div><div class="spacer battle-history"><br></div><div class="battle-history">amiablespiders sent out Yew (<strong>Runerigus</strong>)!<br></div><div class="spacer battle-history"><br></div><div class="battle-history">Go! Octo Eight-Step (<strong>Neuroboxin</strong>)!<br></div><div class="chat"><ul class="utilichart"><li class="result"><span class="col pokemonnamecol" style="white-space: nowrap">Neuroboxin</span> <span class="col typecol"><img src="https://play.pokemonshowdown.com/sprites/types/Poison.png" alt="Poison" height="14" width="32"><img src="https://play.pokemonshowdown.com/sprites/types/Fighting.png" alt="Fighting" height="14" width="32"></span> <span style="float: left ; min-height: 26px"><span class="col abilitycol">Infiltrator / Sticky Hold / Trace</span><span class="col abilitycol"></span></span></li><li style="clear: both"></li></ul></div><div class="chat"><ul class="utilichart"><li class="result"><span style="float: left ; min-height: 26px"><span class="col statcol"><em>HP</em><br>114</span> <span class="col statcol"><em>Atk</em><br>72</span> <span class="col statcol"><em>Def</em><br>96</span> <span class="col statcol"><em>SpA</em><br>85</span> <span class="col statcol"><em>SpD</em><br>81</span> <span class="col statcol"><em>Spe</em><br>109</span> </span></li><li style="clear: both"></li></ul></div><div class="battle-history">[Octo Eight-Step's Trace]<br>[Octo Eight-Step's Wandering Spirit]<br><small>Octo Eight-Step traced the opposing Yew's Wandering Spirit!</small><br></div><div class="spacer battle-history"><br></div><h2 class="battle-history">Turn 1</h2><div class="chat chatmessage-birdkeeper85 mine"><strong style="color:#c75b29"><small>☆</small><span class="username" data-name="birdkeeper85">birdkeeper85</span>:</strong> <em>y.yeah???</em></div><div class="spacer battle-history"><br></div><div class="battle-history">Octo Eight-Step used <strong>Knock Off</strong>!<br></div><div class="battle-history"><small>It's super effective!</small><br></div><div class="battle-history"><small>(The opposing Yew lost 23% of its health!)</small><br></div><div class="battle-history">[The opposing Yew's Wandering Spirit]<br>[The opposing Yew's Wandering Spirit]<br>[Octo Eight-Step's Wandering Spirit]<br><small>The opposing Yew swapped Abilities with its target!</small><br></div><div class="battle-history"><small>Octo Eight-Step knocked off the opposing Yew's Leftovers!</small><br></div><div class="spacer battle-history"><br></div><div class="battle-history">The opposing Yew used <strong>Toxic Spikes</strong>!<br></div><div class="battle-history"><small>Poison spikes were scattered on the ground all around your team!</small><br></div><div class="spacer battle-history"><br></div><h2 class="battle-history">Turn 2</h2><div class="chat chatmessage-amiablespiders"><strong style="color:#6d40e0"><small>☆</small><span class="username" data-name="amiablespiders">amiablespiders</span>:</strong> <em>Skghgjgk</em></div><div class="spacer battle-history"><br></div><div class="battle-history">Octo Eight-Step used <strong>Toxic Spikes</strong>!<br></div><div class="battle-history"><small>Poison spikes were scattered on the ground all around the opposing team!</small><br></div><div class="spacer battle-history"><br></div><div class="battle-history">The opposing Yew used <strong>Poltergeist</strong>!<br></div><div class="battle-history"><small>Octo Eight-Step is about to be attacked by its Rocky Helmet!</small><br></div><div class="battle-history"><small>(Octo Eight-Step lost <abbr title="−135/431">31.3%</abbr> of its health!)</small><br></div><div class="spacer battle-history"><br></div><h2 class="battle-history">Turn 3</h2><div class="chat chatmessage-amiablespiders"><strong style="color:#6d40e0"><small>☆</small><span class="username" data-name="amiablespiders">amiablespiders</span>:</strong> <em>Okay it was very silly to bother with Toxic Spikes without dealing with Boxin in the first place</em></div><div class="chat chatmessage-amiablespiders"><strong style="color:#6d40e0"><small>☆</small><span class="username" data-name="amiablespiders">amiablespiders</span>:</strong> <em>Lies</em></div><div class="chat chatmessage-amiablespiders"><strong style="color:#6d40e0"><small>☆</small><span class="username" data-name="amiablespiders">amiablespiders</span>:</strong> <em>Rocky Helmet actually does 16.7%</em></div><div class="chat chatmessage-birdkeeper85 mine"><strong style="color:#c75b29"><small>☆</small><span class="username" data-name="birdkeeper85">birdkeeper85</span>:</strong> <em>i maybe shoud have brought a different one i didnt know you were also going for toxitoad</em></div><div class="chat chatmessage-amiablespiders"><strong style="color:#6d40e0"><small>☆</small><span class="username" data-name="amiablespiders">amiablespiders</span>:</strong> <em>P f</em></div><div class="spacer battle-history"><br></div><div class="battle-history">Octo Eight-Step used <strong>U-turn</strong>!<br></div><div class="battle-history"><small>It's not very effective...</small><br></div><div class="battle-history"><small>(The opposing Yew lost 4% of its health!)</small><br></div><div class="battle-history">[The opposing Yew's Wandering Spirit]<br>[The opposing Yew's Wandering Spirit]<br>[Octo Eight-Step's Wandering Spirit]<br><small>The opposing Yew swapped Abilities with its target!</small><br></div><div class="chat chatmessage-amiablespiders"><strong style="color:#6d40e0"><small>☆</small><span class="username" data-name="amiablespiders">amiablespiders</span>:</strong> <em>Yeah oops :'D</em></div><div class="chat chatmessage-birdkeeper85 mine"><strong style="color:#c75b29"><small>☆</small><span class="username" data-name="birdkeeper85">birdkeeper85</span>:</strong> <em>dont really have any good options here to be honest</em></div><div class="spacer battle-history"><br></div><div class="battle-history">Octo Eight-Step went back to birdkeeper85!<br></div><div class="battle-history">Go! Creme Brulee (<strong>Poultergeist</strong>)!<br></div><div class="chat"><ul class="utilichart"><li class="result"><span class="col pokemonnamecol" style="white-space: nowrap">Poultergeist</span> <span class="col typecol"><img src="https://play.pokemonshowdown.com/sprites/types/Fire.png" alt="Fire" height="14" width="32"><img src="https://play.pokemonshowdown.com/sprites/types/Flying.png" alt="Flying" height="14" width="32"></span> <span style="float: left ; min-height: 26px"><span class="col abilitycol">Chicken Out</span><span class="col abilitycol"></span></span></li><li style="clear: both"></li></ul></div><div class="chat"><ul class="utilichart"><li class="result"><span style="float: left ; min-height: 26px"><span class="col statcol"><em>HP</em><br>105</span> <span class="col statcol"><em>Atk</em><br>65</span> <span class="col statcol"><em>Def</em><br>85</span> <span class="col statcol"><em>SpA</em><br>105</span> <span class="col statcol"><em>SpD</em><br>85</span> <span class="col statcol"><em>Spe</em><br>73</span> </span></li><li style="clear: both"></li></ul></div><div class="spacer battle-history"><br></div><div class="battle-history">The opposing Yew used <strong>Poltergeist</strong>!<br></div><div class="battle-history"><small>Creme Brulee is about to be attacked by its Heavy-Duty Boots!</small><br></div><div class="battle-history"><small>(Creme Brulee lost <abbr title="−132/352">37.5%</abbr> of its health!)</small><br></div><div class="spacer battle-history"><br></div><h2 class="battle-history">Turn 4</h2><div class="spacer battle-history"><br></div><div class="battle-history">amiablespiders withdrew Yew!<br></div><div class="battle-history">amiablespiders sent out Hyacinth (<strong>Tornadus-Therian</strong>)!<br></div><div class="spacer battle-history"><br></div><div class="battle-history">Creme Brulee used <strong>Inferno</strong>!<br></div><div class="battle-history"><small>The opposing Hyacinth avoided the attack!</small><br></div><div class="spacer battle-history"><br></div><h2 class="battle-history">Turn 5</h2><div class="chat chatmessage-amiablespiders"><strong style="color:#6d40e0"><small>☆</small><span class="username" data-name="amiablespiders">amiablespiders</span>:</strong> <em>Oof sorry</em></div><div class="spacer battle-history"><br></div><div class="battle-history">Creme Brulee, come back!<br></div><div class="battle-history">Go! <strong>Toxitoad</strong>!<br></div><div class="battle-history"><small>The poison spikes disappeared from the ground around your team!</small><br></div><div class="chat"><ul class="utilichart"><li class="result"><span class="col pokemonnamecol" style="white-space: nowrap">Toxitoad</span> <span class="col typecol"><img src="https://play.pokemonshowdown.com/sprites/types/Poison.png" alt="Poison" height="14" width="32"></span> <span style="float: left ; min-height: 26px"><span class="col abilitycol">Clear Body / Saturation / Filter</span><span class="col abilitycol"></span></span></li><li style="clear: both"></li></ul></div><div class="chat"><ul class="utilichart"><li class="result"><span style="float: left ; min-height: 26px"><span class="col statcol"><em>HP</em><br>105</span> <span class="col statcol"><em>Atk</em><br>55</span> <span class="col statcol"><em>Def</em><br>55</span> <span class="col statcol"><em>SpA</em><br>105</span> <span class="col statcol"><em>SpD</em><br>77</span> <span class="col statcol"><em>Spe</em><br>77</span> </span></li><li style="clear: both"></li></ul></div><div class="spacer battle-history"><br></div><div class="battle-history">The opposing Hyacinth used <strong>Knock Off</strong>!<br></div><div class="battle-history"><small>(Toxitoad lost <abbr title="−103/413">24.9%</abbr> of its health!)</small><br></div><div class="battle-history"><small>The opposing Hyacinth knocked off Toxitoad's Black Sludge!</small><br></div><div class="spacer battle-history"><br></div><h2 class="battle-history">Turn 6</h2><div class="spacer battle-history"><br></div><div class="battle-history">The opposing Hyacinth used <strong>Hurricane</strong>!<br></div><div class="battle-history"><small>(Toxitoad lost <abbr title="−127/413">30.8%</abbr> of its health!)</small><br></div><div class="spacer battle-history"><br></div><div class="battle-history">Toxitoad used <strong>Clear Smog</strong>!<br></div><div class="battle-history"><small>(The opposing Hyacinth lost 17% of its health!)</small><br></div><div class="battle-history"><small>The opposing Hyacinth's stat changes were removed!</small><br></div><div class="spacer battle-history"><br></div><h2 class="battle-history">Turn 7</h2><div class="spacer battle-history"><br></div><div class="battle-history">The opposing Hyacinth used <strong>Taunt</strong>!<br></div><div class="battle-history"><small>Toxitoad fell for the taunt!</small><br></div><div class="spacer battle-history"><br></div><div class="battle-history">Toxitoad can't use Recover after the taunt!<br></div><div class="spacer battle-history"><br></div><h2 class="battle-history">Turn 8</h2><div class="chat chatmessage-birdkeeper85 mine"><strong style="color:#c75b29"><small>☆</small><span class="username" data-name="birdkeeper85">birdkeeper85</span>:</strong> <em>no good options for this either hmm</em></div><div class="spacer battle-history"><br></div><div class="battle-history">Toxitoad, come back!<br></div><div class="battle-history">Go! Marshmallow (<strong>Flufnir</strong>)!<br></div><div class="chat"><ul class="utilichart"><li class="result"><span class="col pokemonnamecol" style="white-space: nowrap">Flufnir</span> <span class="col typecol"><img src="https://play.pokemonshowdown.com/sprites/types/Normal.png" alt="Normal" height="14" width="32"><img src="https://play.pokemonshowdown.com/sprites/types/Dragon.png" alt="Dragon" height="14" width="32"></span> <span style="float: left ; min-height: 26px"><span class="col abilitycol">Fluffy / Hustle / Natural Cure</span><span class="col abilitycol"></span></span></li><li style="clear: both"></li></ul></div><div class="chat"><ul class="utilichart"><li class="result"><span style="float: left ; min-height: 26px"><span class="col statcol"><em>HP</em><br>128</span> <span class="col statcol"><em>Atk</em><br>136</span> <span class="col statcol"><em>Def</em><br>64</span> <span class="col statcol"><em>SpA</em><br>80</span> <span class="col statcol"><em>SpD</em><br>64</span> <span class="col statcol"><em>Spe</em><br>63</span> </span></li><li style="clear: both"></li></ul></div><div class="spacer battle-history"><br></div><div class="battle-history">The opposing Hyacinth used <strong>Hurricane</strong>!<br></div><div class="battle-history"><small>A critical hit!</small><br></div><div class="battle-history"><small>(Marshmallow lost <abbr title="−321/459">69.9%</abbr> of its health!)</small><br></div><div class="spacer battle-history"><br></div><h2 class="battle-history">Turn 9</h2><div class="chat chatmessage-birdkeeper85 mine"><strong style="color:#c75b29"><small>☆</small><span class="username" data-name="birdkeeper85">birdkeeper85</span>:</strong> <em>owie</em></div><div class="chat chatmessage-amiablespiders"><strong style="color:#6d40e0"><small>☆</small><span class="username" data-name="amiablespiders">amiablespiders</span>:</strong> <em>Ooof sorry;;</em></div><div class="spacer battle-history"><br></div><div class="battle-history">The opposing Hyacinth used <strong>Hurricane</strong>!<br></div><div class="battle-history"><small>(Marshmallow lost <abbr title="−138/459">30.1%</abbr> of its health!)</small><br></div><div class="spacer battle-history"><br></div><div class="battle-history">Marshmallow fainted!<br></div><div class="spacer battle-history"><br></div><div class="battle-history">Go! Octo Eight-Step (<strong>Neuroboxin</strong>)!<br></div><div class="battle-history">[Octo Eight-Step's Trace]<br>[Octo Eight-Step's Regenerator]<br><small>Octo Eight-Step traced the opposing Hyacinth's Regenerator!</small><br></div><div class="spacer battle-history"><br></div><h2 class="battle-history">Turn 10</h2><div class="spacer battle-history"><br></div><div class="battle-history">Octo Eight-Step, come back!<br></div><div class="battle-history">Go! Brian (<strong>Articuno-Galar</strong>)!<br></div><div class="spacer battle-history"><br></div><div class="battle-history">The opposing Hyacinth used <strong>Hurricane</strong>!<br></div><div class="battle-history"><small>(Brian lost <abbr title="−138/383">36.0%</abbr> of its health!)</small><br></div><div class="battle-history"><small>Brian became confused!</small><br></div><div class="spacer battle-history"><br></div><h2 class="battle-history">Turn 11</h2><div class="spacer battle-history"><br></div><div class="battle-history">The opposing Hyacinth used <strong>Knock Off</strong>!<br></div><div class="battle-history"><small>It's super effective!</small><br></div><div class="battle-history"><small>(Brian ate its Colbur Berry!)</small><br></div><div class="battle-history"><small>The Colbur Berry weakened the damage to Brian!</small><br></div><div class="battle-history"><small>(Brian lost <abbr title="−54/383">14.1%</abbr> of its health!)</small><br></div><div class="spacer battle-history"><br></div><div class="battle-history"><small>Brian is confused!</small><br></div><div class="battle-history">Brian used <strong>Calm Mind</strong>!<br></div><div class="battle-history"><small>Brian's Sp. Atk rose!</small><br></div><div class="battle-history"><small>Brian's Sp. Def rose!</small><br></div><div class="spacer battle-history"><br></div><h2 class="battle-history">Turn 12</h2><div class="chat chatmessage-amiablespiders"><strong style="color:#6d40e0"><small>☆</small><span class="username" data-name="amiablespiders">amiablespiders</span>:</strong> <em>I am haxing you so much</em></div><div class="chat chatmessage-amiablespiders"><strong style="color:#6d40e0"><small>☆</small><span class="username" data-name="amiablespiders">amiablespiders</span>:</strong> <em>By my standards having Hurricane even hit this much counts as hax</em></div><div class="chat chatmessage-amiablespiders"><strong style="color:#6d40e0"><small>☆</small><span class="username" data-name="amiablespiders">amiablespiders</span>:</strong> <em>let alone the crit and confusion</em></div><div class="chat chatmessage-amiablespiders"><strong style="color:#6d40e0"><small>☆</small><span class="username" data-name="amiablespiders">amiablespiders</span>:</strong> <em>I am so sorry</em></div><div class="chat chatmessage-birdkeeper85 mine"><strong style="color:#c75b29"><small>☆</small><span class="username" data-name="birdkeeper85">birdkeeper85</span>:</strong> <em>hes just happy to be here</em></div><div class="spacer battle-history"><br></div><div class="battle-history">The opposing Hyacinth used <strong>Taunt</strong>!<br></div><div class="battle-history"><small>Brian fell for the taunt!</small><br></div><div class="spacer battle-history"><br></div><div class="battle-history">Brian can't use Recover after the taunt!<br></div><div class="spacer battle-history"><br></div><h2 class="battle-history">Turn 13</h2><div class="chat chatmessage-amiablespiders"><strong style="color:#6d40e0"><small>☆</small><span class="username" data-name="amiablespiders">amiablespiders</span>:</strong> <em>I</em></div><div class="chat chatmessage-amiablespiders"><strong style="color:#6d40e0"><small>☆</small><span class="username" data-name="amiablespiders">amiablespiders</span>:</strong> <em>Confession</em></div><div class="chat chatmessage-amiablespiders"><strong style="color:#6d40e0"><small>☆</small><span class="username" data-name="amiablespiders">amiablespiders</span>:</strong> <em>I actually misclicked there? but it worked out</em></div><div class="chat chatmessage-birdkeeper85 mine"><strong style="color:#c75b29"><small>☆</small><span class="username" data-name="birdkeeper85">birdkeeper85</span>:</strong> <em>asdasd</em></div><div class="chat chatmessage-amiablespiders"><strong style="color:#6d40e0"><small>☆</small><span class="username" data-name="amiablespiders">amiablespiders</span>:</strong> <em>I was going for U-turn it wasn't where I expected</em></div><div class="spacer battle-history"><br></div><div class="battle-history">The opposing Hyacinth used <strong>U-turn</strong>!<br></div><div class="battle-history"><small>(Brian lost <abbr title="−43/383">11.2%</abbr> of its health!)</small><br></div><div class="spacer battle-history"><br></div><div class="battle-history">The opposing Hyacinth went back to amiablespiders!<br></div><div class="battle-history">amiablespiders sent out Lemon (<strong>Surge</strong>)!<br></div><div class="chat"><ul class="utilichart"><li class="result"><span class="col pokemonnamecol" style="white-space: nowrap">Surge</span> <span class="col typecol"><img src="https://play.pokemonshowdown.com/sprites/types/Electric.png" alt="Electric" height="14" width="32"><img src="https://play.pokemonshowdown.com/sprites/types/Steel.png" alt="Steel" height="14" width="32"></span> <span style="float: left ; min-height: 26px"><span class="col abilitycol">Water Absorb / Volt Absorb / Heavy Metal</span><span class="col abilitycol"></span></span></li><li style="clear: both"></li></ul></div><div class="chat"><ul class="utilichart"><li class="result"><span style="float: left ; min-height: 26px"><span class="col statcol"><em>HP</em><br>100</span> <span class="col statcol"><em>Atk</em><br>50</span> <span class="col statcol"><em>Def</em><br>70</span> <span class="col statcol"><em>SpA</em><br>100</span> <span class="col statcol"><em>SpD</em><br>70</span> <span class="col statcol"><em>Spe</em><br>60</span> </span></li><li style="clear: both"></li></ul></div><div class="spacer battle-history"><br></div><div class="battle-history"><small>Brian is confused!</small><br></div><div class="battle-history">Brian used <strong>Hurricane</strong>!<br></div><div class="battle-history"><small>The opposing Lemon avoided the attack!</small><br></div><div class="spacer battle-history"><br></div><h2 class="battle-history">Turn 14</h2><div class="chat chatmessage-birdkeeper85 mine"><strong style="color:#c75b29"><small>☆</small><span class="username" data-name="birdkeeper85">birdkeeper85</span>:</strong> <em>brian </em></div><div class="chat chatmessage-birdkeeper85 mine"><strong style="color:#c75b29"><small>☆</small><span class="username" data-name="birdkeeper85">birdkeeper85</span>:</strong> <em>my friend</em></div><div class="chat chatmessage-birdkeeper85 mine"><strong style="color:#c75b29"><small>☆</small><span class="username" data-name="birdkeeper85">birdkeeper85</span>:</strong> <em>my dude</em></div><div class="chat chatmessage-amiablespiders"><strong style="color:#6d40e0"><small>☆</small><span class="username" data-name="amiablespiders">amiablespiders</span>:</strong> <em>it's the glasses</em></div><div class="chat chatmessage-amiablespiders"><strong style="color:#6d40e0"><small>☆</small><span class="username" data-name="amiablespiders">amiablespiders</span>:</strong> <em>get prescription shades if you want to wear shades</em></div><div class="chat chatmessage-birdkeeper85 mine"><strong style="color:#c75b29"><small>☆</small><span class="username" data-name="birdkeeper85">birdkeeper85</span>:</strong> <em>smh brian</em></div><div class="spacer battle-history"><br></div><div class="battle-history">Brian, come back!<br></div><div class="battle-history">Go! Candyfloss (<strong>Eldegoss</strong>)!<br></div><div class="spacer battle-history"><br></div><div class="battle-history">The opposing Lemon used <strong>Volt Switch</strong>!<br></div><div class="battle-history"><small>It's not very effective...</small><br></div><div class="battle-history"><small>(Candyfloss lost <abbr title="−34/261">13.0%</abbr> of its health!)</small><br></div><div class="spacer battle-history"><br></div><div class="battle-history">The opposing Lemon went back to amiablespiders!<br></div><div class="battle-history">amiablespiders sent out Stool (<strong>Toxitoad</strong>)!<br></div><div class="chat"><ul class="utilichart"><li class="result"><span class="col pokemonnamecol" style="white-space: nowrap">Toxitoad</span> <span class="col typecol"><img src="https://play.pokemonshowdown.com/sprites/types/Poison.png" alt="Poison" height="14" width="32"></span> <span style="float: left ; min-height: 26px"><span class="col abilitycol">Clear Body / Saturation / Filter</span><span class="col abilitycol"></span></span></li><li style="clear: both"></li></ul></div><div class="chat"><ul class="utilichart"><li class="result"><span style="float: left ; min-height: 26px"><span class="col statcol"><em>HP</em><br>105</span> <span class="col statcol"><em>Atk</em><br>55</span> <span class="col statcol"><em>Def</em><br>55</span> <span class="col statcol"><em>SpA</em><br>105</span> <span class="col statcol"><em>SpD</em><br>77</span> <span class="col statcol"><em>Spe</em><br>77</span> </span></li><li style="clear: both"></li></ul></div><div class="battle-history"><small>The poison spikes disappeared from the ground around the opposing team!</small><br></div><div class="spacer battle-history"><br></div><h2 class="battle-history">Turn 15</h2><div class="chat chatmessage-birdkeeper85 mine"><strong style="color:#c75b29"><small>☆</small><span class="username" data-name="birdkeeper85">birdkeeper85</span>:</strong> <em>pff</em></div><div class="spacer battle-history"><br></div><div class="battle-history">The opposing Stool used <strong>Nasty Plot</strong>!<br></div><div class="battle-history"><small>The opposing Stool's Sp. Atk rose sharply!</small><br></div><div class="spacer battle-history"><br></div><div class="battle-history">Candyfloss used <strong>Leech Seed</strong>!<br></div><div class="battle-history"><small>The opposing Stool was seeded!</small><br></div><div class="spacer battle-history"><br></div><div class="battle-history"><small>The opposing Stool's health is sapped by Leech Seed!</small><br></div><div class="spacer battle-history"><br></div><h2 class="battle-history">Turn 16</h2><div class="spacer battle-history"><br></div><div class="battle-history">Candyfloss, come back!<br></div><div class="battle-history">Go! Brian (<strong>Articuno-Galar</strong>)!<br></div><div class="spacer battle-history"><br></div><div class="battle-history">The opposing Stool used <strong>Flamethrower</strong>!<br></div><div class="battle-history"><small>(Brian lost <abbr title="−148/383">38.6%</abbr> of its health!)</small><br></div><div class="spacer battle-history"><br></div><div class="battle-history">Brian fainted!<br></div><div class="chat chatmessage-birdkeeper85 mine"><strong style="color:#c75b29"><small>☆</small><span class="username" data-name="birdkeeper85">birdkeeper85</span>:</strong> <em>worth a try</em></div><div class="chat chatmessage-amiablespiders"><strong style="color:#6d40e0"><small>☆</small><span class="username" data-name="amiablespiders">amiablespiders</span>:</strong> <em>Oof sorry :c</em></div><div class="spacer battle-history"><br></div><div class="battle-history">Go! Creme Brulee (<strong>Poultergeist</strong>)!<br></div><div class="spacer battle-history"><br></div><h2 class="battle-history">Turn 17</h2><div class="chat chatmessage-birdkeeper85 mine"><strong style="color:#c75b29"><small>☆</small><span class="username" data-name="birdkeeper85">birdkeeper85</span>:</strong> <em>i rly am a conisseur of terrible poultergeist sets i made an even worse one on my new team</em></div><div class="spacer battle-history"><br></div><div class="battle-history">amiablespiders withdrew Stool!<br></div><div class="battle-history">amiablespiders sent out Yew (<strong>Runerigus</strong>)!<br></div><div class="spacer battle-history"><br></div><div class="battle-history">Creme Brulee used <strong>Inferno</strong>!<br></div><div class="battle-history"><small>The opposing Yew avoided the attack!</small><br></div><div class="spacer battle-history"><br></div><h2 class="battle-history">Turn 18</h2><div class="chat chatmessage-amiablespiders"><strong style="color:#6d40e0"><small>☆</small><span class="username" data-name="amiablespiders">amiablespiders</span>:</strong> <em>Skfjgj</em></div><div class="chat chatmessage-amiablespiders"><strong style="color:#6d40e0"><small>☆</small><span class="username" data-name="amiablespiders">amiablespiders</span>:</strong> <em>I can't wait to see</em></div><div class="chat chatmessage-birdkeeper85 mine"><strong style="color:#c75b29"><small>☆</small><span class="username" data-name="birdkeeper85">birdkeeper85</span>:</strong> <em>how is that possible you ask</em></div><div class="chat chatmessage-birdkeeper85 mine"><strong style="color:#c75b29"><small>☆</small><span class="username" data-name="birdkeeper85">birdkeeper85</span>:</strong> <em>i dont know.</em></div><div class="chat chatmessage-amiablespiders"><strong style="color:#6d40e0"><small>☆</small><span class="username" data-name="amiablespiders">amiablespiders</span>:</strong> <em>Heheheh</em></div><div class="spacer battle-history"><br></div><div class="battle-history">Creme Brulee used <strong>Hone Claws</strong>!<br></div><div class="battle-history"><small>Creme Brulee's Attack rose!</small><br></div><div class="battle-history"><small>Creme Brulee's accuracy rose!</small><br></div><div class="spacer battle-history"><br></div><div class="battle-history">The opposing Yew used <strong>Toxic Spikes</strong>!<br></div><div class="battle-history"><small>Poison spikes were scattered on the ground all around your team!</small><br></div><div class="spacer battle-history"><br></div><h2 class="battle-history">Turn 19</h2><div class="spacer battle-history"><br></div><div class="battle-history">amiablespiders withdrew Yew!<br></div><div class="battle-history">amiablespiders sent out Spilly (<strong>Araquanid</strong>)!<br></div><div class="spacer battle-history"><br></div><div class="battle-history">Creme Brulee used <strong>Inferno</strong>!<br></div><div class="battle-history"><small>(The opposing Spilly lost 20% of its health!)</small><br></div><div class="spacer battle-history"><br></div><h2 class="battle-history">Turn 20</h2><div class="spacer battle-history"><br></div><div class="battle-history">Creme Brulee used <strong>U-turn</strong>!<br></div><div class="battle-history"><small>(The opposing Spilly lost 19% of its health!)</small><br></div><div class="spacer battle-history"><br></div><div class="battle-history">Creme Brulee went back to birdkeeper85!<br></div><div class="battle-history">Go! Octo Eight-Step (<strong>Neuroboxin</strong>)!<br></div><div class="battle-history"><small>The poison spikes disappeared from the ground around your team!</small><br></div><div class="battle-history">[Octo Eight-Step's Trace]<br>[Octo Eight-Step's Water Bubble]<br><small>Octo Eight-Step traced the opposing Spilly's Water Bubble!</small><br></div><div class="spacer battle-history"><br></div><div class="battle-history">The opposing Spilly used <strong>Liquidation</strong>!<br></div><div class="battle-history"><small>(Octo Eight-Step lost <abbr title="−223/431">51.7%</abbr> of its health!)</small><br></div><div class="battle-history"><small>Octo Eight-Step's Defense fell!</small><br></div><div class="battle-history"><small>The opposing Spilly was hurt by the Rocky Helmet!</small><br></div><div class="spacer battle-history"><br></div><h2 class="battle-history">Turn 21</h2><div class="chat chatmessage-amiablespiders"><strong style="color:#6d40e0"><small>☆</small><span class="username" data-name="amiablespiders">amiablespiders</span>:</strong> <em>Oops sorry I needed a sec-- <i>oh my gosh I haxed you again??</i></em></div><div class="spacer battle-history"><br></div><div class="battle-history">Octo Eight-Step used <strong>U-turn</strong>!<br></div><div class="battle-history"><small>(The opposing Spilly lost 17% of its health!)</small><br></div><div class="chat chatmessage-birdkeeper85 mine"><strong style="color:#c75b29"><small>☆</small><span class="username" data-name="birdkeeper85">birdkeeper85</span>:</strong> <em>one of those days it seems</em></div><div class="spacer battle-history"><br></div><div class="battle-history">Octo Eight-Step went back to birdkeeper85!<br></div><div class="battle-history">Go! Candyfloss (<strong>Eldegoss</strong>)!<br></div><div class="spacer battle-history"><br></div><div class="battle-history">The opposing Spilly used <strong>Liquidation</strong>!<br></div><div class="battle-history"><small>It's not very effective...</small><br></div><div class="battle-history"><small>(Candyfloss lost <abbr title="−88/261">33.7%</abbr> of its health!)</small><br></div><div class="battle-history"><small>Candyfloss's Defense fell!</small><br></div><div class="spacer battle-history"><br></div><h2 class="battle-history">Turn 22</h2><div class="chat chatmessage-birdkeeper85 mine"><strong style="color:#c75b29"><small>☆</small><span class="username" data-name="birdkeeper85">birdkeeper85</span>:</strong> <em>jesus</em></div><div class="chat chatmessage-birdkeeper85 mine"><strong style="color:#c75b29"><small>☆</small><span class="username" data-name="birdkeeper85">birdkeeper85</span>:</strong> <em>christ aksdjhaskdh</em></div><div class="chat chatmessage-amiablespiders"><strong style="color:#6d40e0"><small>☆</small><span class="username" data-name="amiablespiders">amiablespiders</span>:</strong> <em>I'm dying</em></div><div class="spacer battle-history"><br></div><div class="battle-history">Candyfloss, come back!<br></div><div class="battle-history">Go! <strong>Toxitoad</strong>!<br></div><div class="spacer battle-history"><br></div><div class="battle-history">The opposing Spilly used <strong>Leech Life</strong>!<br></div><div class="battle-history"><small>It's not very effective...</small><br></div><div class="battle-history"><small>(Toxitoad lost <abbr title="−79/413">19.1%</abbr> of its health!)</small><br></div><div class="battle-history"><small>Toxitoad had its energy drained!</small><br></div><div class="spacer battle-history"><br></div><h2 class="battle-history">Turn 23</h2><div class="chat chatmessage-amiablespiders"><strong style="color:#6d40e0"><small>☆</small><span class="username" data-name="amiablespiders">amiablespiders</span>:</strong> <em>The murder spiders are Not Amiable</em></div><div class="chat chatmessage-amiablespiders"><strong style="color:#6d40e0"><small>☆</small><span class="username" data-name="amiablespiders">amiablespiders</span>:</strong> <em>I repeat</em></div><div class="chat chatmessage-amiablespiders"><strong style="color:#6d40e0"><small>☆</small><span class="username" data-name="amiablespiders">amiablespiders</span>:</strong> <em>Not Amiable</em></div><div class="chat chatmessage-birdkeeper85 mine"><strong style="color:#c75b29"><small>☆</small><span class="username" data-name="birdkeeper85">birdkeeper85</span>:</strong> <em>i rly need toxic on at least one mon on this team </em></div><div class="spacer battle-history"><br></div><div class="battle-history">Toxitoad used <strong>Recover</strong>!<br></div><div class="battle-history"><small>Toxitoad had its HP restored.</small><br></div><div class="spacer battle-history"><br></div><div class="battle-history">The opposing Spilly used <strong>Liquidation</strong>!<br></div><div class="battle-history"><small>(Toxitoad lost <abbr title="−311/413">75.3%</abbr> of its health!)</small><br></div><div class="spacer battle-history"><br></div><div class="battle-history">Toxitoad fainted!<br></div><div class="chat chatmessage-birdkeeper85 mine"><strong style="color:#c75b29"><small>☆</small><span class="username" data-name="birdkeeper85">birdkeeper85</span>:</strong> <em>w</em></div><div class="chat chatmessage-birdkeeper85 mine"><strong style="color:#c75b29"><small>☆</small><span class="username" data-name="birdkeeper85">birdkeeper85</span>:</strong> <em>he outspeed </em></div><div class="chat chatmessage-amiablespiders"><strong style="color:#6d40e0"><small>☆</small><span class="username" data-name="amiablespiders">amiablespiders</span>:</strong> <em>Oh yeah that checks out</em></div><div class="chat chatmessage-amiablespiders"><strong style="color:#6d40e0"><small>☆</small><span class="username" data-name="amiablespiders">amiablespiders</span>:</strong> <em>Toad is base 77</em></div><div class="chat chatmessage-amiablespiders"><strong style="color:#6d40e0"><small>☆</small><span class="username" data-name="amiablespiders">amiablespiders</span>:</strong> <em>and spider is 42</em></div><div class="chat chatmessage-birdkeeper85 mine"><strong style="color:#c75b29"><small>☆</small><span class="username" data-name="birdkeeper85">birdkeeper85</span>:</strong> <em>ah </em></div><div class="chat"><div class="message"><ul class="utilichart"><li class="result"><span class="col numcol">(PU)</span> <span class="col iconcol"><span class="picon" style="background: transparent url(&quot;https://play.pokemonshowdown.com/sprites/pokemonicons-sheet.png?v4&quot;) no-repeat scroll -80px -2070px"></span></span> <span class="col pokemonnamecol" style="white-space: nowrap"><a href="https://dex.pokemonshowdown.com/pokemon/eldegoss" target="_blank" rel="noopener">Eldegoss</a></span> <span class="col typecol"><img src="https://play.pokemonshowdown.com/sprites/types/Grass.png" alt="Grass" height="14" width="32"></span> <span style="float: left ; min-height: 26px"><span class="col twoabilitycol">Cotton Down<br>Regenerator</span><span class="col abilitycol"><em>Effect Spore</em></span></span><span style="float: left ; min-height: 26px"><span class="col statcol"><em>HP</em><br>60</span> <span class="col statcol"><em>Atk</em><br>50</span> <span class="col statcol"><em>Def</em><br>90</span> <span class="col statcol"><em>SpA</em><br>80</span> <span class="col statcol"><em>SpD</em><br>120</span> <span class="col statcol"><em>Spe</em><br>60</span> <span class="col bstcol"><em>BST<br>460</em></span> </span></li><li style="clear: both"></li></ul></div></div><div class="chat"><font size="1"><font color="#686868">Dex#:</font> 830&nbsp;|  <font color="#686868">Gen:</font> 8&nbsp;|  <font color="#686868">Height:</font> 0.5 m&nbsp;|  <font color="#686868">Weight:</font> 2.5 kg <em>(20 BP)</em>&nbsp;|  <font color="#686868">Dex Colour:</font> Green&nbsp;|  <font color="#686868">Egg Group(s):</font> Grass&nbsp;|  <font color="#686868">Does Not Evolve</font></font></div><div class="chat chatmessage-birdkeeper85 mine"><strong style="color:#c75b29"><small>☆</small><span class="username" data-name="birdkeeper85">birdkeeper85</span>:</strong> <em>i mean i usually underspeed with goss who is base 60</em></div><div class="chat chatmessage-amiablespiders"><strong style="color:#6d40e0"><small>☆</small><span class="username" data-name="amiablespiders">amiablespiders</span>:</strong> <em>Ohhh</em></div><div class="chat chatmessage-amiablespiders"><strong style="color:#6d40e0"><small>☆</small><span class="username" data-name="amiablespiders">amiablespiders</span>:</strong> <em>Yeah I do have some investment but I think it's impossible to outdo 77 unless like</em></div><div class="chat chatmessage-birdkeeper85 mine"><strong style="color:#c75b29"><small>☆</small><span class="username" data-name="birdkeeper85">birdkeeper85</span>:</strong> <em>min speed </em></div><div class="chat chatmessage-amiablespiders"><strong style="color:#6d40e0"><small>☆</small><span class="username" data-name="amiablespiders">amiablespiders</span>:</strong> <em>I want to say if I'm 252+ and you're uninvested that would work</em></div><div class="chat chatmessage-birdkeeper85 mine"><strong style="color:#c75b29"><small>☆</small><span class="username" data-name="birdkeeper85">birdkeeper85</span>:</strong> <em>right</em></div><div class="chat chatmessage-amiablespiders"><strong style="color:#6d40e0"><small>☆</small><span class="username" data-name="amiablespiders">amiablespiders</span>:</strong> <em>but I'm only uhh</em></div><div class="chat chatmessage-amiablespiders"><strong style="color:#6d40e0"><small>☆</small><span class="username" data-name="amiablespiders">amiablespiders</span>:</strong> <em>lemme see</em></div><div class="spacer battle-history"><br></div><div class="battle-history">Go! Octo Eight-Step (<strong>Neuroboxin</strong>)!<br></div><div class="battle-history">[Octo Eight-Step's Trace]<br>[Octo Eight-Step's Water Bubble]<br><small>Octo Eight-Step traced the opposing Spilly's Water Bubble!</small><br></div><div class="spacer battle-history"><br></div><h2 class="battle-history">Turn 24</h2><div class="chat chatmessage-amiablespiders"><strong style="color:#6d40e0"><small>☆</small><span class="username" data-name="amiablespiders">amiablespiders</span>:</strong> <em>I have 167 Speed</em></div><div class="spacer battle-history"><br></div><div class="battle-history">amiablespiders withdrew Spilly!<br></div><div class="battle-history">amiablespiders sent out Sundrop (<strong>Umbreon</strong>)!<br></div><div class="spacer battle-history"><br></div><div class="battle-history">Octo Eight-Step used <strong>Knock Off</strong>!<br></div><div class="battle-history"><small>It's not very effective...</small><br></div><div class="battle-history"><small>(The opposing Sundrop lost 7% of its health!)</small><br></div><div class="battle-history"><small>Octo Eight-Step knocked off the opposing Sundrop's Leftovers!</small><br></div><div class="spacer battle-history"><br></div><h2 class="battle-history">Turn 25</h2><div class="chat chatmessage-birdkeeper85 mine"><strong style="color:#c75b29"><small>☆</small><span class="username" data-name="birdkeeper85">birdkeeper85</span>:</strong> <em>oh sweet</em></div><div class="chat chatmessage-amiablespiders"><strong style="color:#6d40e0"><small>☆</small><span class="username" data-name="amiablespiders">amiablespiders</span>:</strong> <em>Wait you're Fighting-type and have established Bug coverage</em></div><div class="chat chatmessage-amiablespiders"><strong style="color:#6d40e0"><small>☆</small><span class="username" data-name="amiablespiders">amiablespiders</span>:</strong> <em>I'm smart</em></div><div class="spacer battle-history"><br></div><div class="battle-history">Octo Eight-Step used <strong>Drain Punch</strong>!<br></div><div class="battle-history"><small>It's super effective!</small><br></div><div class="battle-history"><small>(The opposing Sundrop lost 34% of its health!)</small><br></div><div class="battle-history"><small>The opposing Sundrop had its energy drained!</small><br></div><div class="spacer battle-history"><br></div><div class="battle-history">The opposing Sundrop used <strong>Wish</strong>!<br></div><div class="spacer battle-history"><br></div><h2 class="battle-history">Turn 26</h2><div class="spacer battle-history"><br></div><div class="battle-history">amiablespiders withdrew Sundrop!<br></div><div class="battle-history">amiablespiders sent out Spilly (<strong>Araquanid</strong>)!<br></div><div class="spacer battle-history"><br></div><div class="battle-history">Octo Eight-Step used <strong>Toxic Spikes</strong>!<br></div><div class="battle-history"><small>Poison spikes were scattered on the ground all around the opposing team!</small><br></div><div class="spacer battle-history"><br></div><div class="battle-history"><small>Sundrop's wish came true!</small><br></div><div class="spacer battle-history"><br></div><h2 class="battle-history">Turn 27</h2><div class="spacer battle-history"><br></div><div class="battle-history">Octo Eight-Step used <strong>Knock Off</strong>!<br></div><div class="battle-history"><small>(The opposing Spilly lost 20% of its health!)</small><br></div><div class="battle-history"><small>Octo Eight-Step knocked off the opposing Spilly's Heavy-Duty Boots!</small><br></div><div class="spacer battle-history"><br></div><div class="battle-history">The opposing Spilly used <strong>Liquidation</strong>!<br></div><div class="battle-history"><small>(Octo Eight-Step lost <abbr title="−234/431">54.3%</abbr> of its health!)</small><br></div><div class="battle-history"><small>The opposing Spilly was hurt by the Rocky Helmet!</small><br></div><div class="spacer battle-history"><br></div><h2 class="battle-history">Turn 28</h2><div class="spacer battle-history"><br></div><div class="battle-history">Octo Eight-Step used <strong>U-turn</strong>!<br></div><div class="battle-history"><small>(The opposing Spilly lost 16% of its health!)</small><br></div><div class="spacer battle-history"><br></div><div class="battle-history">Octo Eight-Step went back to birdkeeper85!<br></div><div class="battle-history">Go! Candyfloss (<strong>Eldegoss</strong>)!<br></div><div class="spacer battle-history"><br></div><div class="battle-history">The opposing Spilly used <strong>Leech Life</strong>!<br></div><div class="battle-history"><small>It's super effective!</small><br></div><div class="battle-history"><small>(Candyfloss lost <abbr title="−170/261">65.1%</abbr> of its health!)</small><br></div><div class="battle-history"><small>Candyfloss had its energy drained!</small><br></div><div class="spacer battle-history"><br></div><h2 class="battle-history">Turn 29</h2><div class="chat chatmessage-birdkeeper85 mine"><strong style="color:#c75b29"><small>☆</small><span class="username" data-name="birdkeeper85">birdkeeper85</span>:</strong> <em>tht was kinda predictable huh</em></div><div class="spacer battle-history"><br></div><div class="battle-history">The opposing Spilly used <strong>Liquidation</strong>!<br></div><div class="battle-history"><small>It's not very effective...</small><br></div><div class="battle-history"><small>(Candyfloss lost <abbr title="−87/261">33.3%</abbr> of its health!)</small><br></div><div class="battle-history"><small>Candyfloss's Defense fell!</small><br></div><div class="spacer battle-history"><br></div><div class="battle-history">Candyfloss used <strong>Leech Seed</strong>!<br></div><div class="battle-history"><small>The opposing Spilly was seeded!</small><br></div><div class="spacer battle-history"><br></div><div class="battle-history"><small>The opposing Spilly's health is sapped by Leech Seed!</small><br></div><div class="spacer battle-history"><br></div><h2 class="battle-history">Turn 30</h2><div class="chat chatmessage-birdkeeper85 mine"><strong style="color:#c75b29"><small>☆</small><span class="username" data-name="birdkeeper85">birdkeeper85</span>:</strong> <em>spilly is having absolutely none of it today</em></div><div class="chat chatmessage-amiablespiders"><strong style="color:#6d40e0"><small>☆</small><span class="username" data-name="amiablespiders">amiablespiders</span>:</strong> <em>I am so sorry</em></div><div class="spacer battle-history"><br></div><div class="battle-history">The opposing Spilly used <strong>Leech Life</strong>!<br></div><div class="battle-history"><small>It's super effective!</small><br></div><div class="battle-history"><small>(Candyfloss lost <abbr title="−50/261">19.2%</abbr> of its health!)</small><br></div><div class="battle-history"><small>Candyfloss had its energy drained!</small><br></div><div class="spacer battle-history"><br></div><div class="battle-history">Candyfloss fainted!<br></div><div class="spacer battle-history"><br></div><div class="battle-history">Go! Octo Eight-Step (<strong>Neuroboxin</strong>)!<br></div><div class="battle-history">[Octo Eight-Step's Trace]<br>[Octo Eight-Step's Water Bubble]<br><small>Octo Eight-Step traced the opposing Spilly's Water Bubble!</small><br></div><div class="spacer battle-history"><br></div><h2 class="battle-history">Turn 31</h2><div class="spacer battle-history"><br></div><div class="battle-history">Octo Eight-Step used <strong>U-turn</strong>!<br></div><div class="battle-history"><small>(The opposing Spilly lost 16% of its health!)</small><br></div><div class="spacer battle-history"><br></div><div class="battle-history">Octo Eight-Step went back to birdkeeper85!<br></div><div class="battle-history">Go! Creme Brulee (<strong>Poultergeist</strong>)!<br></div><div class="spacer battle-history"><br></div><div class="battle-history">The opposing Spilly used <strong>Liquidation</strong>!<br></div><div class="battle-history"><small>It's super effective!</small><br></div><div class="battle-history"><small>(Creme Brulee lost <abbr title="−220/352">62.5%</abbr> of its health!)</small><br></div><div class="spacer battle-history"><br></div><div class="battle-history">Creme Brulee fainted!<br></div><div class="battle-history">[Creme Brulee's Chicken Out]<br></div><div class="battle-history"><small>Creme Brulee ran off somewhere...</small><br></div><div class="spacer battle-history"><br></div><div class="battle-history"><small>The opposing Spilly's health is sapped by Leech Seed!</small><br></div><div class="chat chatmessage-amiablespiders"><strong style="color:#6d40e0"><small>☆</small><span class="username" data-name="amiablespiders">amiablespiders</span>:</strong> <em>Dkdjgjgjgk wait</em></div><div class="chat chatmessage-amiablespiders"><strong style="color:#6d40e0"><small>☆</small><span class="username" data-name="amiablespiders">amiablespiders</span>:</strong> <em>that's not right is it</em></div><div class="chat chatmessage-birdkeeper85 mine"><strong style="color:#c75b29"><small>☆</small><span class="username" data-name="birdkeeper85">birdkeeper85</span>:</strong> <em>thhhat was weird</em></div><div class="chat chatmessage-birdkeeper85 mine"><strong style="color:#c75b29"><small>☆</small><span class="username" data-name="birdkeeper85">birdkeeper85</span>:</strong> <em>i mean its supposed to just not do anything right</em></div><div class="chat chatmessage-birdkeeper85 mine"><strong style="color:#c75b29"><small>☆</small><span class="username" data-name="birdkeeper85">birdkeeper85</span>:</strong> <em>hmm</em></div><div class="chat chatmessage-amiablespiders"><strong style="color:#6d40e0"><small>☆</small><span class="username" data-name="amiablespiders">amiablespiders</span>:</strong> <em><i>pf</i> okay I think I know why</em></div><div class="spacer battle-history"><br></div><div class="battle-history">Go! Octo Eight-Step (<strong>Neuroboxin</strong>)!<br></div><div class="battle-history">[Octo Eight-Step's Trace]<br>[Octo Eight-Step's Water Bubble]<br><small>Octo Eight-Step traced the opposing Spilly's Water Bubble!</small><br></div><div class="spacer battle-history"><br></div><h2 class="battle-history">Turn 32</h2><div class="chat chatmessage-amiablespiders"><strong style="color:#6d40e0"><small>☆</small><span class="username" data-name="amiablespiders">amiablespiders</span>:</strong> <em>it uh</em></div><div class="chat chatmessage-birdkeeper85 mine"><strong style="color:#c75b29"><small>☆</small><span class="username" data-name="birdkeeper85">birdkeeper85</span>:</strong> <em>i assume it thinks poult is still out</em></div><div class="chat chatmessage-amiablespiders"><strong style="color:#6d40e0"><small>☆</small><span class="username" data-name="amiablespiders">amiablespiders</span>:</strong> <em>it's because it only pretended to faint (internally)</em></div><div class="chat chatmessage-birdkeeper85 mine"><strong style="color:#c75b29"><small>☆</small><span class="username" data-name="birdkeeper85">birdkeeper85</span>:</strong> <em>right</em></div><div class="chat chatmessage-amiablespiders"><strong style="color:#6d40e0"><small>☆</small><span class="username" data-name="amiablespiders">amiablespiders</span>:</strong> <em>yeah</em></div><div class="spacer battle-history"><br></div><div class="battle-history">Octo Eight-Step used <strong>U-turn</strong>!<br></div><div class="battle-history"><small>(The opposing Spilly lost 15% of its health!)</small><br></div><div class="spacer battle-history"><br></div><div class="battle-history">Octo Eight-Step went back to birdkeeper85!<br></div><div class="battle-history">Go! Creme Brulee (<strong>Poultergeist-Headless</strong>)!<br></div><div class="chat"><ul class="utilichart"><li class="result"><span class="col pokemonnamecol" style="white-space: nowrap">Poultergeist-Headless</span> <span class="col typecol"><img src="https://play.pokemonshowdown.com/sprites/types/Fire.png" alt="Fire" height="14" width="32"><img src="https://play.pokemonshowdown.com/sprites/types/Ghost.png" alt="Ghost" height="14" width="32"></span> <span style="float: left ; min-height: 26px"><span class="col abilitycol">Wonder Guard</span><span class="col abilitycol"></span></span></li><li style="clear: both"></li></ul></div><div class="chat"><ul class="utilichart"><li class="result"><span style="float: left ; min-height: 26px"><span class="col statcol"><em>HP</em><br>1</span> <span class="col statcol"><em>Atk</em><br>65</span> <span class="col statcol"><em>Def</em><br>85</span> <span class="col statcol"><em>SpA</em><br>105</span> <span class="col statcol"><em>SpD</em><br>85</span> <span class="col statcol"><em>Spe</em><br>113</span> </span></li><li style="clear: both"></li></ul></div><div class="spacer battle-history"><br></div><div class="battle-history">The opposing Spilly used <strong>Liquidation</strong>!<br></div><div class="battle-history"><small>It's super effective!</small><br></div><div class="battle-history"><small>(Creme Brulee lost <abbr title="−1/1">100%</abbr> of its health!)</small><br></div><div class="spacer battle-history"><br></div><div class="battle-history">Creme Brulee fainted!<br></div><div class="spacer battle-history"><br></div><div class="battle-history">Go! Octo Eight-Step (<strong>Neuroboxin</strong>)!<br></div><div class="battle-history">[Octo Eight-Step's Trace]<br>[Octo Eight-Step's Water Bubble]<br><small>Octo Eight-Step traced the opposing Spilly's Water Bubble!</small><br></div><div class="spacer battle-history"><br></div><h2 class="battle-history">Turn 33</h2><div class="chat chatmessage-amiablespiders"><strong style="color:#6d40e0"><small>☆</small><span class="username" data-name="amiablespiders">amiablespiders</span>:</strong> <em>okay I am so sorry</em></div><div class="chat chatmessage-birdkeeper85 mine"><strong style="color:#c75b29"><small>☆</small><span class="username" data-name="birdkeeper85">birdkeeper85</span>:</strong> <em>sometimes it be like that </em></div><div class="chat chatmessage-amiablespiders"><strong style="color:#6d40e0"><small>☆</small><span class="username" data-name="amiablespiders">amiablespiders</span>:</strong> <em>this was.</em></div><div class="chat chatmessage-amiablespiders"><strong style="color:#6d40e0"><small>☆</small><span class="username" data-name="amiablespiders">amiablespiders</span>:</strong> <em>a match</em></div><div class="spacer battle-history"><br></div><div class="battle-history">Octo Eight-Step used <strong>U-turn</strong>!<br></div><div class="battle-history"><small>(The opposing Spilly lost 15% of its health!)</small><br></div><div class="spacer battle-history"><br></div><div class="battle-history">The opposing Spilly used <strong>Liquidation</strong>!<br></div><div class="battle-history"><small>(Octo Eight-Step lost <abbr title="−41/431">9.5%</abbr> of its health!)</small><br></div><div class="battle-history"><small>The opposing Spilly was hurt by the Rocky Helmet!</small><br></div><div class="spacer battle-history"><br></div><div class="battle-history">Octo Eight-Step fainted!<br></div><div class="battle-history">The opposing Spilly fainted!<br></div><div class="spacer battle-history"><br></div><div class="battle-history"><strong>amiablespiders</strong> won the battle!<br></div><div class="chat chatmessage-birdkeeper85 mine"><strong style="color:#c75b29"><small>☆</small><span class="username" data-name="birdkeeper85">birdkeeper85</span>:</strong> <em>eyyy got one</em></div><div class="chat chatmessage-amiablespiders"><strong style="color:#6d40e0"><small>☆</small><span class="username" data-name="amiablespiders">amiablespiders</span>:</strong> <em>Skfbfjgkg</em></div><div class="chat chatmessage-amiablespiders"><strong style="color:#6d40e0"><small>☆</small><span class="username" data-name="amiablespiders">amiablespiders</span>:</strong> <em>Spilly went crazy in this one hahah</em></div><div class="chat chatmessage-amiablespiders"><strong style="color:#6d40e0"><small>☆</small><span class="username" data-name="amiablespiders">amiablespiders</span>:</strong> <em>Good game :'D</em></div><div class="chat chatmessage-birdkeeper85 mine"><strong style="color:#c75b29"><small>☆</small><span class="username" data-name="birdkeeper85">birdkeeper85</span>:</strong> <em>i lost flufnir early and flufnir gives it a hard time</em></div><div class="chat chatmessage-amiablespiders"><strong style="color:#6d40e0"><small>☆</small><span class="username" data-name="amiablespiders">amiablespiders</span>:</strong> <em>Truuue</em></div><div class="chat chatmessage-birdkeeper85 mine"><strong style="color:#c75b29"><small>☆</small><span class="username" data-name="birdkeeper85">birdkeeper85</span>:</strong> <em>like w brian and flufnir out of the way it can jsut go to town</em></div><div class="chat chatmessage-amiablespiders"><strong style="color:#6d40e0"><small>☆</small><span class="username" data-name="amiablespiders">amiablespiders</span>:</strong> <em>Skdjjgj right the Tornadus hax streak</em></div><div class="chat chatmessage-birdkeeper85 mine"><strong style="color:#c75b29"><small>☆</small><span class="username" data-name="birdkeeper85">birdkeeper85</span>:</strong> <em>i can mess with my sets and try this one again or do a different one up to u</em></div><div class="chat chatmessage-amiablespiders"><strong style="color:#6d40e0"><small>☆</small><span class="username" data-name="amiablespiders">amiablespiders</span>:</strong> <em>I'm fine either way! I will likely be using the same team again <s>because I only have two haha what</s> so you can choose accordingly!</em></div><div class="chat chatmessage-birdkeeper85 mine"><strong style="color:#c75b29"><small>☆</small><span class="username" data-name="birdkeeper85">birdkeeper85</span>:</strong> <em>right</em></div><div class="chat"><small>☆amiablespiders left</small></div><div class="chat chatmessage-birdkeeper85 mine"><strong style="color:#c75b29"><small>☆</small><span class="username" data-name="birdkeeper85">birdkeeper85</span>:</strong> <em>i meant like i cant pick </em></div></div><div class="inner-preempt message-log"></div></div></div>
</div>
<script>
let daily = Math.floor(Date.now()/1000/60/60/24);document.write('<script src="https://dragonheaven.herokuapp.com/js/replay-embed.js?version'+daily+'"></'+'script>');
</script>
