<!DOCTYPE html>
<meta charset="utf-8" />
<!-- version 1 -->
<title>[Gen 8] Conniecord Draft League replay: H2OPulse vs. inkbug1</title>
<style>
html,body {font-family:Verdana, sans-serif;font-size:10pt;margin:0;padding:0;}body{padding:12px 0;} .battle-log {font-family:Verdana, sans-serif;font-size:10pt;} .battle-log-inline {border:1px solid #AAAAAA;background:#EEF2F5;color:black;max-width:640px;margin:0 auto 80px;padding-bottom:5px;} .battle-log .inner {padding:4px 8px 0px 8px;} .battle-log .inner-preempt {padding:0 8px 4px 8px;} .battle-log .inner-after {margin-top:0.5em;} .battle-log h2 {margin:0.5em -8px;padding:4px 8px;border:1px solid #AAAAAA;background:#E0E7EA;border-left:0;border-right:0;font-family:Verdana, sans-serif;font-size:13pt;} .battle-log .chat {vertical-align:middle;padding:3px 0 3px 0;font-size:8pt;} .battle-log .chat strong {color:#40576A;} .battle-log .chat em {padding:1px 4px 1px 3px;color:#000000;font-style:normal;} .chat.mine {background:rgba(0,0,0,0.05);margin-left:-8px;margin-right:-8px;padding-left:8px;padding-right:8px;} .spoiler {color:#BBBBBB;background:#BBBBBB;padding:0px 3px;} .spoiler:hover, .spoiler:active, .spoiler-shown {color:#000000;background:#E2E2E2;padding:0px 3px;} .spoiler a {color:#BBBBBB;} .spoiler:hover a, .spoiler:active a, .spoiler-shown a {color:#2288CC;} .chat code, .chat .spoiler:hover code, .chat .spoiler:active code, .chat .spoiler-shown code {border:1px solid #C0C0C0;background:#EEEEEE;color:black;padding:0 2px;} .chat .spoiler code {border:1px solid #CCCCCC;background:#CCCCCC;color:#CCCCCC;} .battle-log .rated {padding:3px 4px;} .battle-log .rated strong {color:white;background:#89A;padding:1px 4px;border-radius:4px;} .spacer {margin-top:0.5em;} .message-announce {background:#6688AA;color:white;padding:1px 4px 2px;} .message-announce a, .broadcast-green a, .broadcast-blue a, .broadcast-red a {color:#DDEEFF;} .broadcast-green {background-color:#559955;color:white;padding:2px 4px;} .broadcast-blue {background-color:#6688AA;color:white;padding:2px 4px;} .infobox {border:1px solid #6688AA;padding:2px 4px;} .infobox-limited {max-height:200px;overflow:auto;overflow-x:hidden;} .broadcast-red {background-color:#AA5544;color:white;padding:2px 4px;} .message-learn-canlearn {font-weight:bold;color:#228822;text-decoration:underline;} .message-learn-cannotlearn {font-weight:bold;color:#CC2222;text-decoration:underline;} .message-effect-weak {font-weight:bold;color:#CC2222;} .message-effect-resist {font-weight:bold;color:#6688AA;} .message-effect-immune {font-weight:bold;color:#666666;} .message-learn-list {margin-top:0;margin-bottom:0;} .message-throttle-notice, .message-error {color:#992222;} .message-overflow, .chat small.message-overflow {font-size:0pt;} .message-overflow::before {font-size:9pt;content:'...';} .subtle {color:#3A4A66;}
</style>
<div class="wrapper replay-wrapper" style="max-width:1180px;margin:0 auto">
<input type="hidden" name="replayid" value="dragonheaven-gen8conniecorddraftleague-1040" />
<div class="battle"></div><div class="battle-log"></div><div class="replay-controls"></div><div class="replay-controls-2"></div>
<h1 style="font-weight:normal;text-align:center"><strong>[Gen 8] Conniecord Draft League</strong><br /><a href="http://pokemonshowdown.com/users/h2opulse" class="subtle" target="_blank">H2OPulse</a> vs. <a href="http://pokemonshowdown.com/users/inkbug1" class="subtle" target="_blank">inkbug1</a></h1>
<script type="text/plain" class="battle-log-data">|j|☆H2OPulse
|j|☆inkbug1

|t:|1611037745
|player|p1|H2OPulse|aetherfoundation|
|player|p2|inkbug1|burgh|
|teamsize|p1|6
|teamsize|p2|6
|gametype|singles
|gen|8
|tier|[Gen 8] Conniecord Draft League
|clearpoke
|poke|p1|Araquanid, M|
|poke|p1|Vaporeon, F|
|poke|p1|Zygarde|
|poke|p1|Zoroark, M|
|poke|p1|Scizor, F|
|poke|p1|Poultergeist, M|
|poke|p2|Neuroboxin, M|
|poke|p2|Gengar, F|
|poke|p2|Manectric, F|
|poke|p2|Articuno-Galar|
|poke|p2|Bisharp, M|
|poke|p2|Eldegoss, M|
|rule|HP Percentage Mod: HP is shown in percentages
|rule|Endless Battle Clause: Forcing endless battles is banned
|rule|OHKO Clause: OHKO moves are banned
|rule|Evasion Moves Clause: Evasion moves are banned
|rule|Species Clause: Limit one of each Pokémon (not counting forms)
|rule|Dynamax Clause: You cannot dynamax
|rule|Sleep Clause Mod: Limit one foe put to sleep
|rule|Z-Move Clause: Z-Moves are banned
|teampreview
|c|☆H2OPulse|Aaaa good luck and have fun!!!
|c|☆inkbug1|u too ! 
|
|t:|1611037759
|start
|switch|p1a: Spilly|Araquanid, M|100\/100
|switch|p2a: Neuroboxin|Neuroboxin, M|352\/352
|-start|p2a: Neuroboxin|typechange|Poison\/Fighting|[silent]
|raw|<ul class="utilichart"><li class="result"><span class="col pokemonnamecol" style="white-space: nowrap">Neuroboxin<\/span> <span class="col typecol"><img src="https:\/\/play.pokemonshowdown.com\/sprites\/types\/Poison.png" alt="Poison" height="14" width="32"><img src="https:\/\/play.pokemonshowdown.com\/sprites\/types\/Fighting.png" alt="Fighting" height="14" width="32"><\/span> <span style="float: left ; min-height: 26px"><span class="col abilitycol">Infiltrator \/ Sticky Hold \/ Trace<\/span><span class="col abilitycol"><\/span><\/span><span style="float: left ; min-height: 26px"><span class="col statcol"><em>HP<\/em><br>74<\/span> <span class="col statcol"><em>Atk<\/em><br>85<\/span> <span class="col statcol"><em>Def<\/em><br>96<\/span> <span class="col statcol"><em>SpA<\/em><br>72<\/span> <span class="col statcol"><em>SpD<\/em><br>81<\/span> <span class="col statcol"><em>Spe<\/em><br>109<\/span> <\/span><\/li><li style="clear: both"><\/li><\/ul>
|-ability|p2a: Neuroboxin|Water Bubble|[from] ability: Trace|[of] p1a: Spilly
|turn|1
|
|t:|1611037768
|move|p2a: Neuroboxin|Taunt|p1a: Spilly
|-start|p1a: Spilly|move: Taunt
|cant|p1a: Spilly|move: Taunt|Sticky Web
|
|upkeep
|turn|2
|c|☆H2OPulse|fair okay
|
|t:|1611037773
|move|p2a: Neuroboxin|Toxic Spikes|p1a: Spilly
|-sidestart|p1: H2OPulse|move: Toxic Spikes
|move|p1a: Spilly|Liquidation|p2a: Neuroboxin
|-damage|p2a: Neuroboxin|111\/352
|-unboost|p2a: Neuroboxin|def|1
|
|upkeep
|turn|3
|
|t:|1611037784
|move|p2a: Neuroboxin|U-turn|p1a: Spilly
|-damage|p1a: Spilly|84\/100
|
|t:|1611037798
|switch|p2a: Donner|Manectric, F|281\/281
|move|p1a: Spilly|Liquidation|p2a: Donner
|-damage|p2a: Donner|0 fnt
|faint|p2a: Donner
|
|-end|p1a: Spilly|move: Taunt
|upkeep
|c|☆inkbug1|ok yeah that was 
|c|☆inkbug1|stupid of me
|
|t:|1611037811
|switch|p2a: Brian|Articuno-Galar|383\/383
|turn|4
|c|☆H2OPulse|Fgfjk fair sorr y
|
|t:|1611037821
|move|p2a: Brian|Hurricane|p1a: Spilly
|-supereffective|p1a: Spilly
|-damage|p1a: Spilly|0 fnt
|faint|p1a: Spilly
|
|upkeep
|c|☆H2OPulse|I mean same, so,
|
|t:|1611037841
|switch|p1a: Rosemary|Poultergeist, M|100\/100
|-start|p1a: Rosemary|typechange|Fire\/Flying|[silent]
|raw|<ul class="utilichart"><li class="result"><span class="col pokemonnamecol" style="white-space: nowrap">Poultergeist<\/span> <span class="col typecol"><img src="https:\/\/play.pokemonshowdown.com\/sprites\/types\/Fire.png" alt="Fire" height="14" width="32"><img src="https:\/\/play.pokemonshowdown.com\/sprites\/types\/Flying.png" alt="Flying" height="14" width="32"><\/span> <span style="float: left ; min-height: 26px"><span class="col abilitycol">Chicken Out<\/span><span class="col abilitycol"><\/span><\/span><span style="float: left ; min-height: 26px"><span class="col statcol"><em>HP<\/em><br>105<\/span> <span class="col statcol"><em>Atk<\/em><br>65<\/span> <span class="col statcol"><em>Def<\/em><br>85<\/span> <span class="col statcol"><em>SpA<\/em><br>105<\/span> <span class="col statcol"><em>SpD<\/em><br>85<\/span> <span class="col statcol"><em>Spe<\/em><br>73<\/span> <\/span><\/li><li style="clear: both"><\/li><\/ul>
|turn|5
|c|☆inkbug1|i got flustered by not having any base form intimidators
|c|☆H2OPulse|Oh one thing I should double-check is whether the data mod accounts for Illusion here
|c|☆H2OPulse|Fnjgkk fai r
|c|☆inkbug1|oh hm it almost certainly doesnt
|c|☆inkbug1|good catch
|c|☆H2OPulse|(obviously this is the real Poultergeist you can tell because I just. said that. but)
|c|☆H2OPulse|Cool okay! Will address that next then
|c|☆H2OPulse|I think I have it working in M4A and in MnM4A so it should be an easy fix
|
|t:|1611037891
|move|p1a: Rosemary|Will-O-Wisp|p2a: Brian
|-status|p2a: Brian|brn
|move|p2a: Brian|Psyshock|p1a: Rosemary
|-damage|p1a: Rosemary|60\/100
|
|-damage|p2a: Brian|360\/383 brn|[from] brn
|upkeep
|turn|6
|
|t:|1611037904
|move|p1a: Rosemary|U-turn|p2a: Brian
|-damage|p2a: Brian|333\/383 brn
|
|t:|1611037907
|switch|p1a: Ophrys|Scizor, F|100\/100|[from]move: U-turn
|move|p2a: Brian|Calm Mind|p2a: Brian
|-boost|p2a: Brian|spa|1
|-boost|p2a: Brian|spd|1
|
|-damage|p2a: Brian|310\/383 brn|[from] brn
|upkeep
|turn|7
|
|t:|1611037914
|detailschange|p1a: Ophrys|Scizor-Mega, F
|-mega|p1a: Ophrys|Scizor|Scizorite
|move|p2a: Brian|Hurricane|p1a: Ophrys
|-damage|p1a: Ophrys|37\/100
|-start|p1a: Ophrys|confusion
|-activate|p1a: Ophrys|confusion
|move|p1a: Ophrys|Swords Dance|p1a: Ophrys
|-boost|p1a: Ophrys|atk|2
|
|-damage|p2a: Brian|287\/383 brn|[from] brn
|upkeep
|turn|8
|c|☆H2OPulse|Oh fair okay
|c|☆H2OPulse|I don't know what I'm doing actually
|
|t:|1611037929
|-activate|p1a: Ophrys|confusion
|move|p1a: Ophrys|Bullet Punch|p2a: Brian
|-damage|p2a: Brian|121\/383 brn
|move|p2a: Brian|Hurricane|p1a: Ophrys|[miss]
|-miss|p2a: Brian|p1a: Ophrys
|
|-damage|p2a: Brian|98\/383 brn|[from] brn
|upkeep
|turn|9
|c|☆H2OPulse|That had no right to pay off
|c|☆inkbug1|neither does brian clearly
|
|t:|1611037941
|-activate|p1a: Ophrys|confusion
|move|p1a: Ophrys|Bullet Punch|p2a: Brian
|-damage|p2a: Brian|0 fnt
|faint|p2a: Brian
|
|upkeep
|c|☆H2OPulse|Fhfbjgk
|
|t:|1611037954
|switch|p2a: Neuroboxin|Neuroboxin, M|111\/352
|-start|p2a: Neuroboxin|typechange|Poison\/Fighting|[silent]
|-ability|p2a: Neuroboxin|Technician|[from] ability: Trace|[of] p1a: Ophrys
|turn|10
|
|t:|1611037967
|move|p2a: Neuroboxin|Drain Punch|p1a: Ophrys
|-damage|p1a: Ophrys|23\/100
|-heal|p2a: Neuroboxin|136\/352|[from] drain|[of] p1a: Ophrys
|-end|p1a: Ophrys|confusion
|move|p1a: Ophrys|Roost|p1a: Ophrys
|-heal|p1a: Ophrys|73\/100
|-singleturn|p1a: Ophrys|move: Roost
|
|upkeep
|turn|11
|c|☆inkbug1|oh my god if this was the vacuum wave set youd be so 
|c|☆inkbug1|fucking dead
|c|☆H2OPulse|__dfhjgkh I thought so,,,__
|
|t:|1611037985
|move|p1a: Ophrys|Bullet Punch|p2a: Neuroboxin
|-damage|p2a: Neuroboxin|0 fnt
|faint|p2a: Neuroboxin
|
|upkeep
|c|☆H2OPulse|when I saw you Trace Technician I thought that was the plan :')
|c|☆inkbug1|ow
|c|☆inkbug1|nah i was just like "i wanna put down more spikes
|
|t:|1611038008
|switch|p2a: Zasp|Bisharp, M|334\/334
|turn|12
|
|t:|1611038018
|move|p1a: Ophrys|Bullet Punch|p2a: Zasp
|-resisted|p2a: Zasp
|-damage|p2a: Zasp|238\/334
|move|p2a: Zasp|Swords Dance|p2a: Zasp
|-boost|p2a: Zasp|atk|2
|
|-heal|p2a: Zasp|258\/334|[from] item: Leftovers
|upkeep
|turn|13
|
|t:|1611038025
|move|p1a: Ophrys|U-turn|p2a: Zasp
|-damage|p2a: Zasp|9\/334
|c|☆inkbug1|oW 
|
|t:|1611038035
|switch|p1a: Rosemary|Poultergeist, M|60\/100|[from]move: U-turn
|-start|p1a: Rosemary|typechange|Fire\/Flying|[silent]
|move|p2a: Zasp|Knock Off|p1a: Rosemary
|-damage|p1a: Rosemary|0 fnt
|-enditem|p1a: Rosemary|Heavy-Duty Boots|[from] move: Knock Off|[of] p2a: Zasp
|faint|p1a: Rosemary
|detailschange|p1a: Rosemary|Poultergeist-Headless, M
|-ability|p1a: Rosemary|Chicken Out
|-message|Rosemary ran off somewhere...
|
|t:|1611038047
|switch|p1a: Ophrys|Scizor-Mega, F|100\/100
|-status|p1a: Ophrys|psn
|
|-heal|p2a: Zasp|29\/334|[from] item: Leftovers
|-damage|p1a: Ophrys|88\/100 psn|[from] psn
|upkeep
|turn|14
|c|☆H2OPulse|(what an incredibly convincing Scizor-Mega this is)
|c|☆inkbug1|oh i see :'D 
|
|t:|1611038072
|move|p1a: Ophrys|U-turn|p2a: Zasp
|-damage|p2a: Zasp|0 fnt
|faint|p2a: Zasp
|
|t:|1611038094
|switch|p1a: Ambrosioides|Zygarde|100\/100|[from]move: U-turn
|-status|p1a: Ambrosioides|psn
|-ability|p1a: Ambrosioides|Aura Break
|
|-damage|p1a: Ambrosioides|88\/100 psn|[from] psn
|upkeep
|
|t:|1611038101
|switch|p2a: Violet|Gengar, F|261\/261
|turn|15
|
|t:|1611038109
|move|p2a: Violet|Hex|p1a: Ambrosioides
|-damage|p1a: Ambrosioides|29\/100 psn
|move|p1a: Ambrosioides|Thousand Arrows|p2a: Violet
|-supereffective|p2a: Violet
|-damage|p2a: Violet|0 fnt
|faint|p2a: Violet
|
|-heal|p1a: Ambrosioides|35\/100 psn|[from] item: Leftovers
|-damage|p1a: Ambrosioides|22\/100 psn|[from] psn
|upkeep
|
|t:|1611038118
|switch|p2a: Candyfloss|Eldegoss, M|261\/261
|turn|16
|
|t:|1611038122
|switch|p1a: Rosemary|Poultergeist-Headless, M|100\/100
|-start|p1a: Rosemary|typechange|Fire\/Ghost|[silent]
|raw|<ul class="utilichart"><li class="result"><span class="col pokemonnamecol" style="white-space: nowrap">Poultergeist-Headless<\/span> <span class="col typecol"><img src="https:\/\/play.pokemonshowdown.com\/sprites\/types\/Fire.png" alt="Fire" height="14" width="32"><img src="https:\/\/play.pokemonshowdown.com\/sprites\/types\/Ghost.png" alt="Ghost" height="14" width="32"><\/span> <span style="float: left ; min-height: 26px"><span class="col abilitycol">Wonder Guard<\/span><span class="col abilitycol"><\/span><\/span><span style="float: left ; min-height: 26px"><span class="col statcol"><em>HP<\/em><br>1<\/span> <span class="col statcol"><em>Atk<\/em><br>65<\/span> <span class="col statcol"><em>Def<\/em><br>85<\/span> <span class="col statcol"><em>SpA<\/em><br>105<\/span> <span class="col statcol"><em>SpD<\/em><br>85<\/span> <span class="col statcol"><em>Spe<\/em><br>113<\/span> <\/span><\/li><li style="clear: both"><\/li><\/ul>
|-status|p1a: Rosemary|psn
|move|p2a: Candyfloss|Leech Seed|p1a: Rosemary|[miss]
|-miss|p2a: Candyfloss|p1a: Rosemary
|
|-damage|p1a: Rosemary|0 fnt|[from] psn
|upkeep
|faint|p1a: Rosemary
|turn|17
|c|☆inkbug1|f
|c|☆inkbug1|uh
|c|☆inkbug1|did the battle crash 
|c|☆H2OPulse|Huh
|c|☆inkbug1|i have the option to click a move
|c|☆inkbug1|but you havent sent in your next mon
|
|t:|1611038165
|move|p2a: Candyfloss|Leech Seed|p1: Rosemary|[notarget]
|-fail|p2a: Candyfloss
|
|upkeep
|c|☆H2OPulse|H... huh
|c|☆H2OPulse|I also had the option to make a move there
|c|☆H2OPulse|Now I am being asked to switch properly
|c|☆inkbug1|huh. 
|c|☆inkbug1|okay so something here still isnt 100% functional :' D
|c|☆H2OPulse|Also I forgot about Knock I totally thought I still had Boots and then thought there was an error when I didn't so that was dumb
|c|☆inkbug1|kjdhskdf
|c|☆H2OPulse|Yeah it would seem not :')
|
|t:|1611038220
|switch|p1a: Ophrys|Scizor-Mega, F|73\/100
|turn|18
|c|☆inkbug1|my other team doesnt have tspikes and is probably slightly less bad so
|
|t:|1611038235
|move|p1a: Ophrys|U-turn|p2a: Candyfloss
|-supereffective|p2a: Candyfloss
|-damage|p2a: Candyfloss|57\/261
|
|t:|1611038240
|switch|p1a: Cattail|Vaporeon, F|100\/100|[from]move: U-turn
|-status|p1a: Cattail|psn
|move|p2a: Candyfloss|Leech Seed|p1a: Cattail
|-start|p1a: Cattail|move: Leech Seed
|
|-damage|p1a: Cattail|88\/100 psn|[from] Leech Seed|[of] p2a: Candyfloss
|-heal|p2a: Candyfloss|132\/261|[silent]
|-damage|p1a: Cattail|75\/100 psn|[from] psn
|upkeep
|turn|19
|c|☆inkbug1|oh my god that ws like half his health
|
|t:|1611038256
|move|p1a: Cattail|Toxic|p2a: Candyfloss
|-status|p2a: Candyfloss|tox
|move|p2a: Candyfloss|Giga Drain|p1a: Cattail
|-supereffective|p1a: Cattail
|-damage|p1a: Cattail|41\/100 psn
|-heal|p2a: Candyfloss|237\/261 tox|[from] drain|[of] p1a: Cattail
|
|-heal|p1a: Cattail|47\/100 psn|[from] item: Leftovers
|-damage|p1a: Cattail|34\/100 psn|[from] Leech Seed|[of] p2a: Candyfloss
|-heal|p2a: Candyfloss|261\/261 tox|[silent]
|-damage|p1a: Cattail|22\/100 psn|[from] psn
|-damage|p2a: Candyfloss|245\/261 tox|[from] psn
|upkeep
|turn|20
|c|☆H2OPulse|Fjjbkg yeah
|
|t:|1611038271
|move|p1a: Cattail|Flip Turn|p2a: Candyfloss
|-resisted|p2a: Candyfloss
|-crit|p2a: Candyfloss
|-damage|p2a: Candyfloss|212\/261 tox
|c|☆H2OPulse|Man I wanna Heal Bell but it's not gonna help
|c|☆H2OPulse|I was considering Defog on Rosemary but did not give it to him so oops
|c|☆inkbug1|fair haha
|
|t:|1611038298
|switch|p1a: Ophrys|Scizor-Mega, F|73\/100|[from]move: Flip Turn
|move|p2a: Candyfloss|Giga Drain|p1a: Ophrys
|-resisted|p1a: Ophrys
|-damage|p1a: Ophrys|68\/100
|-heal|p2a: Candyfloss|225\/261 tox|[from] drain|[of] p1a: Ophrys
|
|-damage|p2a: Candyfloss|193\/261 tox|[from] psn
|upkeep
|turn|21
|
|t:|1611038306
|move|p1a: Ophrys|Swords Dance|p1a: Ophrys
|-boost|p1a: Ophrys|atk|2
|move|p2a: Candyfloss|Aromatherapy|p2a: Candyfloss
|-activate|p2a: Candyfloss|move: Aromatherapy
|-curestatus|p2a: Candyfloss|tox|[msg]
|
|upkeep
|turn|22
|
|t:|1611038313
|move|p1a: Ophrys|U-turn|p2a: Candyfloss
|-supereffective|p2a: Candyfloss
|-damage|p2a: Candyfloss|0 fnt
|faint|p2a: Candyfloss
|
|win|H2OPulse
|c|☆H2OPulse|Good game!!!
|c|☆H2OPulse|Sorry it was uh
|c|☆H2OPulse|weird about Poultergeist :')
|c|☆H2OPulse|Oh I'm like 90% sure that's because it was from residual
|c|☆inkbug1|ok i think my other one is like. barely more competent and also isnt tspikes so 
|c|☆inkbug1|yeah def
|c|☆H2OPulse|Okay good to have in mind</script>
</div>
<div class="battle-log battle-log-inline"><div class="inner"><div class="battle-options"><div style="padding-top: 3px; padding-right: 3px; text-align: right"><button class="icon button" name="openBattleOptions" title="Options">Battle Options</button></div></div><div class="inner message-log"><div class="chat"><small>☆H2OPulse and ☆inkbug1 joined</small></div><div class=""><small>Format:</small> <br><strong>[Gen 8] Conniecord Draft League</strong></div><div class=""><small><em>HP Percentage Mod:</em> HP is shown in percentages</small></div><div class=""><small><em>Endless Battle Clause:</em> Forcing endless battles is banned</small></div><div class=""><small><em>OHKO Clause:</em> OHKO moves are banned</small></div><div class=""><small><em>Evasion Moves Clause:</em> Evasion moves are banned</small></div><div class=""><small><em>Species Clause:</em> Limit one of each Pokémon (not counting forms)</small></div><div class=""><small><em>Dynamax Clause:</em> You cannot dynamax</small></div><div class=""><small><em>Sleep Clause Mod:</em> Limit one foe put to sleep</small></div><div class=""><small><em>Z-Move Clause:</em> Z-Moves are banned</small></div><div class="chat battle-history"><strong>H2OPulse's team:</strong> <em style="color:#445566;display:block;">Araquanid / Vaporeon / Zygarde / Zoroark / Scizor / Poultergeist</em></div><div class="chat battle-history"><strong>inkbug1's team:</strong> <em style="color:#445566;display:block;">Neuroboxin / Gengar / Manectric / Articuno-Galar / Bisharp / Eldegoss</em></div><div class="chat chatmessage-h2opulse"><strong style="color:#6e8c2b"><small>☆</small><span class="username" data-name="H2OPulse">H2OPulse</span>:</strong> <em>Aaaa good luck and have fun!!!</em></div><div class="chat chatmessage-inkbug1 mine"><strong style="color:#e46e0f"><small>☆</small><span class="username" data-name="inkbug1">inkbug1</span>:</strong> <em>u too ! </em></div><div class="spacer battle-history"><br></div><div class="battle-history">Battle started between H2OPulse and inkbug1!<br></div><div class="spacer battle-history"><br></div><div class="battle-history">H2OPulse sent out Spilly (<strong>Araquanid</strong>)!<br></div><div class="spacer battle-history"><br></div><div class="battle-history">Go! <strong>Neuroboxin</strong>!<br></div><div class="chat"><ul class="utilichart"><li class="result"><span class="col pokemonnamecol" style="white-space: nowrap">Neuroboxin</span> <span class="col typecol"><img src="https://play.pokemonshowdown.com/sprites/types/Poison.png" alt="Poison" height="14" width="32"><img src="https://play.pokemonshowdown.com/sprites/types/Fighting.png" alt="Fighting" height="14" width="32"></span> <span style="float: left ; min-height: 26px"><span class="col abilitycol">Infiltrator / Sticky Hold / Trace</span><span class="col abilitycol"></span></span><span style="float: left ; min-height: 26px"><span class="col statcol"><em>HP</em><br>74</span> <span class="col statcol"><em>Atk</em><br>85</span> <span class="col statcol"><em>Def</em><br>96</span> <span class="col statcol"><em>SpA</em><br>72</span> <span class="col statcol"><em>SpD</em><br>81</span> <span class="col statcol"><em>Spe</em><br>109</span> </span></li><li style="clear: both"></li></ul></div><div class="battle-history">[Neuroboxin's Trace]<br>[Neuroboxin's Water Bubble]<br><small>Neuroboxin traced the opposing Spilly's Water Bubble!</small><br></div><div class="spacer battle-history"><br></div><h2 class="battle-history">Turn 1</h2><div class="spacer battle-history"><br></div><div class="battle-history">Neuroboxin used <strong>Taunt</strong>!<br></div><div class="battle-history"><small>The opposing Spilly fell for the taunt!</small><br></div><div class="spacer battle-history"><br></div><div class="battle-history">The opposing Spilly can't use Sticky Web after the taunt!<br></div><div class="spacer battle-history"><br></div><h2 class="battle-history">Turn 2</h2><div class="chat chatmessage-h2opulse"><strong style="color:#6e8c2b"><small>☆</small><span class="username" data-name="H2OPulse">H2OPulse</span>:</strong> <em>fair okay</em></div><div class="spacer battle-history"><br></div><div class="battle-history">Neuroboxin used <strong>Toxic Spikes</strong>!<br></div><div class="battle-history"><small>Poison spikes were scattered on the ground all around the opposing team!</small><br></div><div class="spacer battle-history"><br></div><div class="battle-history">The opposing Spilly used <strong>Liquidation</strong>!<br></div><div class="battle-history"><small>(Neuroboxin lost <abbr title="−241/352">68.5%</abbr> of its health!)</small><br></div><div class="battle-history"><small>Neuroboxin's Defense fell!</small><br></div><div class="spacer battle-history"><br></div><h2 class="battle-history">Turn 3</h2><div class="spacer battle-history"><br></div><div class="battle-history">Neuroboxin used <strong>U-turn</strong>!<br></div><div class="battle-history"><small>(The opposing Spilly lost 16% of its health!)</small><br></div><div class="spacer battle-history"><br></div><div class="battle-history">Neuroboxin went back to inkbug1!<br></div><div class="battle-history">Go! Donner (<strong>Manectric</strong>)!<br></div><div class="spacer battle-history"><br></div><div class="battle-history">The opposing Spilly used <strong>Liquidation</strong>!<br></div><div class="battle-history"><small>(Donner lost <abbr title="−281/281">100%</abbr> of its health!)</small><br></div><div class="spacer battle-history"><br></div><div class="battle-history">Donner fainted!<br></div><div class="spacer battle-history"><br></div><div class="battle-history"><small>The opposing Spilly shook off the taunt!</small><br></div><div class="chat chatmessage-inkbug1 mine"><strong style="color:#e46e0f"><small>☆</small><span class="username" data-name="inkbug1">inkbug1</span>:</strong> <em>ok yeah that was </em></div><div class="chat chatmessage-inkbug1 mine"><strong style="color:#e46e0f"><small>☆</small><span class="username" data-name="inkbug1">inkbug1</span>:</strong> <em>stupid of me</em></div><div class="spacer battle-history"><br></div><div class="battle-history">Go! Brian (<strong>Articuno-Galar</strong>)!<br></div><div class="spacer battle-history"><br></div><h2 class="battle-history">Turn 4</h2><div class="chat chatmessage-h2opulse"><strong style="color:#6e8c2b"><small>☆</small><span class="username" data-name="H2OPulse">H2OPulse</span>:</strong> <em>Fgfjk fair sorr y</em></div><div class="spacer battle-history"><br></div><div class="battle-history">Brian used <strong>Hurricane</strong>!<br></div><div class="battle-history"><small>It's super effective!</small><br></div><div class="battle-history"><small>(The opposing Spilly lost 84% of its health!)</small><br></div><div class="spacer battle-history"><br></div><div class="battle-history">The opposing Spilly fainted!<br></div><div class="chat chatmessage-h2opulse"><strong style="color:#6e8c2b"><small>☆</small><span class="username" data-name="H2OPulse">H2OPulse</span>:</strong> <em>I mean same, so,</em></div><div class="spacer battle-history"><br></div><div class="battle-history">H2OPulse sent out Rosemary (<strong>Poultergeist</strong>)!<br></div><div class="chat"><ul class="utilichart"><li class="result"><span class="col pokemonnamecol" style="white-space: nowrap">Poultergeist</span> <span class="col typecol"><img src="https://play.pokemonshowdown.com/sprites/types/Fire.png" alt="Fire" height="14" width="32"><img src="https://play.pokemonshowdown.com/sprites/types/Flying.png" alt="Flying" height="14" width="32"></span> <span style="float: left ; min-height: 26px"><span class="col abilitycol">Chicken Out</span><span class="col abilitycol"></span></span><span style="float: left ; min-height: 26px"><span class="col statcol"><em>HP</em><br>105</span> <span class="col statcol"><em>Atk</em><br>65</span> <span class="col statcol"><em>Def</em><br>85</span> <span class="col statcol"><em>SpA</em><br>105</span> <span class="col statcol"><em>SpD</em><br>85</span> <span class="col statcol"><em>Spe</em><br>73</span> </span></li><li style="clear: both"></li></ul></div><div class="spacer battle-history"><br></div><h2 class="battle-history">Turn 5</h2><div class="chat chatmessage-inkbug1 mine"><strong style="color:#e46e0f"><small>☆</small><span class="username" data-name="inkbug1">inkbug1</span>:</strong> <em>i got flustered by not having any base form intimidators</em></div><div class="chat chatmessage-h2opulse"><strong style="color:#6e8c2b"><small>☆</small><span class="username" data-name="H2OPulse">H2OPulse</span>:</strong> <em>Oh one thing I should double-check is whether the data mod accounts for Illusion here</em></div><div class="chat chatmessage-h2opulse"><strong style="color:#6e8c2b"><small>☆</small><span class="username" data-name="H2OPulse">H2OPulse</span>:</strong> <em>Fnjgkk fai r</em></div><div class="chat chatmessage-inkbug1 mine"><strong style="color:#e46e0f"><small>☆</small><span class="username" data-name="inkbug1">inkbug1</span>:</strong> <em>oh hm it almost certainly doesnt</em></div><div class="chat chatmessage-inkbug1 mine"><strong style="color:#e46e0f"><small>☆</small><span class="username" data-name="inkbug1">inkbug1</span>:</strong> <em>good catch</em></div><div class="chat chatmessage-h2opulse"><strong style="color:#6e8c2b"><small>☆</small><span class="username" data-name="H2OPulse">H2OPulse</span>:</strong> <em>(obviously this is the real Poultergeist you can tell because I just. said that. but)</em></div><div class="chat chatmessage-h2opulse"><strong style="color:#6e8c2b"><small>☆</small><span class="username" data-name="H2OPulse">H2OPulse</span>:</strong> <em>Cool okay! Will address that next then</em></div><div class="chat chatmessage-h2opulse"><strong style="color:#6e8c2b"><small>☆</small><span class="username" data-name="H2OPulse">H2OPulse</span>:</strong> <em>I think I have it working in M4A and in MnM4A so it should be an easy fix</em></div><div class="spacer battle-history"><br></div><div class="battle-history">The opposing Rosemary used <strong>Will-O-Wisp</strong>!<br></div><div class="battle-history"><small>Brian was burned!</small><br></div><div class="spacer battle-history"><br></div><div class="battle-history">Brian used <strong>Psyshock</strong>!<br></div><div class="battle-history"><small>(The opposing Rosemary lost 40% of its health!)</small><br></div><div class="spacer battle-history"><br></div><div class="battle-history"><small>Brian was hurt by its burn!</small><br></div><div class="spacer battle-history"><br></div><h2 class="battle-history">Turn 6</h2><div class="spacer battle-history"><br></div><div class="battle-history">The opposing Rosemary used <strong>U-turn</strong>!<br></div><div class="battle-history"><small>(Brian lost <abbr title="−27/383">7.0%</abbr> of its health!)</small><br></div><div class="spacer battle-history"><br></div><div class="battle-history">The opposing Rosemary went back to H2OPulse!<br></div><div class="battle-history">H2OPulse sent out Ophrys (<strong>Scizor</strong>)!<br></div><div class="spacer battle-history"><br></div><div class="battle-history">Brian used <strong>Calm Mind</strong>!<br></div><div class="battle-history"><small>Brian's Sp. Atk rose!</small><br></div><div class="battle-history"><small>Brian's Sp. Def rose!</small><br></div><div class="spacer battle-history"><br></div><div class="battle-history"><small>Brian was hurt by its burn!</small><br></div><div class="spacer battle-history"><br></div><h2 class="battle-history">Turn 7</h2><div class="spacer battle-history"><br></div><div class="battle-history"><small>The opposing Ophrys's Scizorite is reacting to the Key Stone!</small><br>The opposing Ophrys has Mega Evolved into Mega Scizor!<br></div><div class="spacer battle-history"><br></div><div class="battle-history">Brian used <strong>Hurricane</strong>!<br></div><div class="battle-history"><small>(The opposing Ophrys lost 63% of its health!)</small><br></div><div class="battle-history"><small>The opposing Ophrys became confused!</small><br></div><div class="spacer battle-history"><br></div><div class="battle-history"><small>The opposing Ophrys is confused!</small><br></div><div class="battle-history">The opposing Ophrys used <strong>Swords Dance</strong>!<br></div><div class="battle-history"><small>The opposing Ophrys's Attack rose sharply!</small><br></div><div class="spacer battle-history"><br></div><div class="battle-history"><small>Brian was hurt by its burn!</small><br></div><div class="spacer battle-history"><br></div><h2 class="battle-history">Turn 8</h2><div class="chat chatmessage-h2opulse"><strong style="color:#6e8c2b"><small>☆</small><span class="username" data-name="H2OPulse">H2OPulse</span>:</strong> <em>Oh fair okay</em></div><div class="chat chatmessage-h2opulse"><strong style="color:#6e8c2b"><small>☆</small><span class="username" data-name="H2OPulse">H2OPulse</span>:</strong> <em>I don't know what I'm doing actually</em></div><div class="spacer battle-history"><br></div><div class="battle-history"><small>The opposing Ophrys is confused!</small><br></div><div class="battle-history">The opposing Ophrys used <strong>Bullet Punch</strong>!<br></div><div class="battle-history"><small>(Brian lost <abbr title="−166/383">43.3%</abbr> of its health!)</small><br></div><div class="spacer battle-history"><br></div><div class="battle-history">Brian used <strong>Hurricane</strong>!<br></div><div class="battle-history"><small>The opposing Ophrys avoided the attack!</small><br></div><div class="spacer battle-history"><br></div><div class="battle-history"><small>Brian was hurt by its burn!</small><br></div><div class="spacer battle-history"><br></div><h2 class="battle-history">Turn 9</h2><div class="chat chatmessage-h2opulse"><strong style="color:#6e8c2b"><small>☆</small><span class="username" data-name="H2OPulse">H2OPulse</span>:</strong> <em>That had no right to pay off</em></div><div class="chat chatmessage-inkbug1 mine"><strong style="color:#e46e0f"><small>☆</small><span class="username" data-name="inkbug1">inkbug1</span>:</strong> <em>neither does brian clearly</em></div><div class="spacer battle-history"><br></div><div class="battle-history"><small>The opposing Ophrys is confused!</small><br></div><div class="battle-history">The opposing Ophrys used <strong>Bullet Punch</strong>!<br></div><div class="battle-history"><small>(Brian lost <abbr title="−98/383">25.6%</abbr> of its health!)</small><br></div><div class="spacer battle-history"><br></div><div class="battle-history">Brian fainted!<br></div><div class="chat chatmessage-h2opulse"><strong style="color:#6e8c2b"><small>☆</small><span class="username" data-name="H2OPulse">H2OPulse</span>:</strong> <em>Fhfbjgk</em></div><div class="spacer battle-history"><br></div><div class="battle-history">Go! <strong>Neuroboxin</strong>!<br></div><div class="battle-history">[Neuroboxin's Trace]<br>[Neuroboxin's Technician]<br><small>Neuroboxin traced the opposing Ophrys's Technician!</small><br></div><div class="spacer battle-history"><br></div><h2 class="battle-history">Turn 10</h2><div class="spacer battle-history"><br></div><div class="battle-history">Neuroboxin used <strong>Drain Punch</strong>!<br></div><div class="battle-history"><small>(The opposing Ophrys lost 14% of its health!)</small><br></div><div class="battle-history"><small>The opposing Ophrys had its energy drained!</small><br></div><div class="battle-history"><small>The opposing Ophrys snapped out of its confusion!</small><br></div><div class="spacer battle-history"><br></div><div class="battle-history">The opposing Ophrys used <strong>Roost</strong>!<br></div><div class="battle-history"><small>The opposing Ophrys had its HP restored.</small><br></div><div class="spacer battle-history"><br></div><h2 class="battle-history">Turn 11</h2><div class="chat chatmessage-inkbug1 mine"><strong style="color:#e46e0f"><small>☆</small><span class="username" data-name="inkbug1">inkbug1</span>:</strong> <em>oh my god if this was the vacuum wave set youd be so </em></div><div class="chat chatmessage-inkbug1 mine"><strong style="color:#e46e0f"><small>☆</small><span class="username" data-name="inkbug1">inkbug1</span>:</strong> <em>fucking dead</em></div><div class="chat chatmessage-h2opulse"><strong style="color:#6e8c2b"><small>☆</small><span class="username" data-name="H2OPulse">H2OPulse</span>:</strong> <em><i>dfhjgkh I thought so,,,</i></em></div><div class="spacer battle-history"><br></div><div class="battle-history">The opposing Ophrys used <strong>Bullet Punch</strong>!<br></div><div class="battle-history"><small>(Neuroboxin lost <abbr title="−136/352">38.6%</abbr> of its health!)</small><br></div><div class="spacer battle-history"><br></div><div class="battle-history">Neuroboxin fainted!<br></div><div class="chat chatmessage-h2opulse"><strong style="color:#6e8c2b"><small>☆</small><span class="username" data-name="H2OPulse">H2OPulse</span>:</strong> <em>when I saw you Trace Technician I thought that was the plan :')</em></div><div class="chat chatmessage-inkbug1 mine"><strong style="color:#e46e0f"><small>☆</small><span class="username" data-name="inkbug1">inkbug1</span>:</strong> <em>ow</em></div><div class="chat chatmessage-inkbug1 mine"><strong style="color:#e46e0f"><small>☆</small><span class="username" data-name="inkbug1">inkbug1</span>:</strong> <em>nah i was just like "i wanna put down more spikes</em></div><div class="spacer battle-history"><br></div><div class="battle-history">Go! Zasp (<strong>Bisharp</strong>)!<br></div><div class="spacer battle-history"><br></div><h2 class="battle-history">Turn 12</h2><div class="spacer battle-history"><br></div><div class="battle-history">The opposing Ophrys used <strong>Bullet Punch</strong>!<br></div><div class="battle-history"><small>It's not very effective...</small><br></div><div class="battle-history"><small>(Zasp lost <abbr title="−96/334">28.7%</abbr> of its health!)</small><br></div><div class="spacer battle-history"><br></div><div class="battle-history">Zasp used <strong>Swords Dance</strong>!<br></div><div class="battle-history"><small>Zasp's Attack rose sharply!</small><br></div><div class="spacer battle-history"><br></div><div class="battle-history"><small>Zasp restored a little HP using its Leftovers!</small><br></div><div class="spacer battle-history"><br></div><h2 class="battle-history">Turn 13</h2><div class="spacer battle-history"><br></div><div class="battle-history">The opposing Ophrys used <strong>U-turn</strong>!<br></div><div class="battle-history"><small>(Zasp lost <abbr title="−249/334">74.6%</abbr> of its health!)</small><br></div><div class="chat chatmessage-inkbug1 mine"><strong style="color:#e46e0f"><small>☆</small><span class="username" data-name="inkbug1">inkbug1</span>:</strong> <em>oW </em></div><div class="spacer battle-history"><br></div><div class="battle-history">The opposing Ophrys went back to H2OPulse!<br></div><div class="battle-history">H2OPulse sent out Rosemary (<strong>Poultergeist</strong>)!<br></div><div class="spacer battle-history"><br></div><div class="battle-history">Zasp used <strong>Knock Off</strong>!<br></div><div class="battle-history"><small>(The opposing Rosemary lost 60% of its health!)</small><br></div><div class="battle-history"><small>Zasp knocked off the opposing Rosemary's Heavy-Duty Boots!</small><br></div><div class="spacer battle-history"><br></div><div class="battle-history">The opposing Rosemary fainted!<br></div><div class="battle-history">[The opposing Rosemary's Chicken Out]<br></div><div class="battle-history"><small>Rosemary ran off somewhere...</small><br></div><div class="spacer battle-history"><br></div><div class="battle-history">H2OPulse sent out Ophrys (<strong>Scizor-Mega</strong>)!<br></div><div class="battle-history"><small>The opposing Ophrys was poisoned!</small><br></div><div class="spacer battle-history"><br></div><div class="battle-history"><small>Zasp restored a little HP using its Leftovers!</small><br></div><div class="battle-history"><small>The opposing Ophrys was hurt by poison!</small><br></div><div class="spacer battle-history"><br></div><h2 class="battle-history">Turn 14</h2><div class="chat chatmessage-h2opulse"><strong style="color:#6e8c2b"><small>☆</small><span class="username" data-name="H2OPulse">H2OPulse</span>:</strong> <em>(what an incredibly convincing Scizor-Mega this is)</em></div><div class="chat chatmessage-inkbug1 mine"><strong style="color:#e46e0f"><small>☆</small><span class="username" data-name="inkbug1">inkbug1</span>:</strong> <em>oh i see :'D </em></div><div class="spacer battle-history"><br></div><div class="battle-history">The opposing Ophrys used <strong>U-turn</strong>!<br></div><div class="battle-history"><small>(Zasp lost <abbr title="−29/334">8.7%</abbr> of its health!)</small><br></div><div class="spacer battle-history"><br></div><div class="battle-history">Zasp fainted!<br></div><div class="spacer battle-history"><br></div><div class="battle-history">The opposing Ophrys went back to H2OPulse!<br></div><div class="battle-history">H2OPulse sent out Ambrosioides (<strong>Zygarde</strong>)!<br></div><div class="battle-history"><small>The opposing Ambrosioides was poisoned!</small><br></div><div class="battle-history">[The opposing Ambrosioides's Aura Break]<br><small>The opposing Ambrosioides reversed all other Pokémon's auras!</small><br></div><div class="spacer battle-history"><br></div><div class="battle-history"><small>The opposing Ambrosioides was hurt by poison!</small><br></div><div class="spacer battle-history"><br></div><div class="battle-history">Go! Violet (<strong>Gengar</strong>)!<br></div><div class="spacer battle-history"><br></div><h2 class="battle-history">Turn 15</h2><div class="spacer battle-history"><br></div><div class="battle-history">Violet used <strong>Hex</strong>!<br></div><div class="battle-history"><small>(The opposing Ambrosioides lost 59% of its health!)</small><br></div><div class="spacer battle-history"><br></div><div class="battle-history">The opposing Ambrosioides used <strong>Thousand Arrows</strong>!<br></div><div class="battle-history"><small>It's super effective!</small><br></div><div class="battle-history"><small>(Violet lost <abbr title="−261/261">100%</abbr> of its health!)</small><br></div><div class="spacer battle-history"><br></div><div class="battle-history">Violet fainted!<br></div><div class="spacer battle-history"><br></div><div class="battle-history"><small>The opposing Ambrosioides restored a little HP using its Leftovers!</small><br></div><div class="battle-history"><small>The opposing Ambrosioides was hurt by poison!</small><br></div><div class="spacer battle-history"><br></div><div class="battle-history">Go! Candyfloss (<strong>Eldegoss</strong>)!<br></div><div class="spacer battle-history"><br></div><h2 class="battle-history">Turn 16</h2><div class="spacer battle-history"><br></div><div class="battle-history">H2OPulse withdrew Ambrosioides!<br></div><div class="battle-history">H2OPulse sent out Rosemary (<strong>Poultergeist-Headless</strong>)!<br></div><div class="chat"><ul class="utilichart"><li class="result"><span class="col pokemonnamecol" style="white-space: nowrap">Poultergeist-Headless</span> <span class="col typecol"><img src="https://play.pokemonshowdown.com/sprites/types/Fire.png" alt="Fire" height="14" width="32"><img src="https://play.pokemonshowdown.com/sprites/types/Ghost.png" alt="Ghost" height="14" width="32"></span> <span style="float: left ; min-height: 26px"><span class="col abilitycol">Wonder Guard</span><span class="col abilitycol"></span></span><span style="float: left ; min-height: 26px"><span class="col statcol"><em>HP</em><br>1</span> <span class="col statcol"><em>Atk</em><br>65</span> <span class="col statcol"><em>Def</em><br>85</span> <span class="col statcol"><em>SpA</em><br>105</span> <span class="col statcol"><em>SpD</em><br>85</span> <span class="col statcol"><em>Spe</em><br>113</span> </span></li><li style="clear: both"></li></ul></div><div class="battle-history"><small>The opposing Rosemary was poisoned!</small><br></div><div class="spacer battle-history"><br></div><div class="battle-history">Candyfloss used <strong>Leech Seed</strong>!<br></div><div class="battle-history"><small>The opposing Rosemary avoided the attack!</small><br></div><div class="spacer battle-history"><br></div><div class="battle-history"><small>The opposing Rosemary was hurt by poison!</small><br></div><div class="spacer battle-history"><br></div><div class="battle-history">The opposing Rosemary fainted!<br></div><div class="spacer battle-history"><br></div><h2 class="battle-history">Turn 17</h2><div class="chat chatmessage-inkbug1 mine"><strong style="color:#e46e0f"><small>☆</small><span class="username" data-name="inkbug1">inkbug1</span>:</strong> <em>f</em></div><div class="chat chatmessage-inkbug1 mine"><strong style="color:#e46e0f"><small>☆</small><span class="username" data-name="inkbug1">inkbug1</span>:</strong> <em>uh</em></div><div class="chat chatmessage-inkbug1 mine"><strong style="color:#e46e0f"><small>☆</small><span class="username" data-name="inkbug1">inkbug1</span>:</strong> <em>did the battle crash </em></div><div class="chat chatmessage-h2opulse"><strong style="color:#6e8c2b"><small>☆</small><span class="username" data-name="H2OPulse">H2OPulse</span>:</strong> <em>Huh</em></div><div class="chat chatmessage-inkbug1 mine"><strong style="color:#e46e0f"><small>☆</small><span class="username" data-name="inkbug1">inkbug1</span>:</strong> <em>i have the option to click a move</em></div><div class="chat chatmessage-inkbug1 mine"><strong style="color:#e46e0f"><small>☆</small><span class="username" data-name="inkbug1">inkbug1</span>:</strong> <em>but you havent sent in your next mon</em></div><div class="spacer battle-history"><br></div><div class="battle-history">Candyfloss used <strong>Leech Seed</strong>!<br></div><div class="battle-history"><small>But it failed!</small><br></div><div class="chat chatmessage-h2opulse"><strong style="color:#6e8c2b"><small>☆</small><span class="username" data-name="H2OPulse">H2OPulse</span>:</strong> <em>H... huh</em></div><div class="chat chatmessage-h2opulse"><strong style="color:#6e8c2b"><small>☆</small><span class="username" data-name="H2OPulse">H2OPulse</span>:</strong> <em>I also had the option to make a move there</em></div><div class="chat chatmessage-h2opulse"><strong style="color:#6e8c2b"><small>☆</small><span class="username" data-name="H2OPulse">H2OPulse</span>:</strong> <em>Now I am being asked to switch properly</em></div><div class="chat chatmessage-inkbug1 mine"><strong style="color:#e46e0f"><small>☆</small><span class="username" data-name="inkbug1">inkbug1</span>:</strong> <em>huh. </em></div><div class="chat chatmessage-inkbug1 mine"><strong style="color:#e46e0f"><small>☆</small><span class="username" data-name="inkbug1">inkbug1</span>:</strong> <em>okay so something here still isnt 100% functional :' D</em></div><div class="chat chatmessage-h2opulse"><strong style="color:#6e8c2b"><small>☆</small><span class="username" data-name="H2OPulse">H2OPulse</span>:</strong> <em>Also I forgot about Knock I totally thought I still had Boots and then thought there was an error when I didn't so that was dumb</em></div><div class="chat chatmessage-inkbug1 mine"><strong style="color:#e46e0f"><small>☆</small><span class="username" data-name="inkbug1">inkbug1</span>:</strong> <em>kjdhskdf</em></div><div class="chat chatmessage-h2opulse"><strong style="color:#6e8c2b"><small>☆</small><span class="username" data-name="H2OPulse">H2OPulse</span>:</strong> <em>Yeah it would seem not :')</em></div><div class="spacer battle-history"><br></div><div class="battle-history">H2OPulse sent out Ophrys (<strong>Scizor-Mega</strong>)!<br></div><div class="spacer battle-history"><br></div><h2 class="battle-history">Turn 18</h2><div class="chat chatmessage-inkbug1 mine"><strong style="color:#e46e0f"><small>☆</small><span class="username" data-name="inkbug1">inkbug1</span>:</strong> <em>my other team doesnt have tspikes and is probably slightly less bad so</em></div><div class="spacer battle-history"><br></div><div class="battle-history">The opposing Ophrys used <strong>U-turn</strong>!<br></div><div class="battle-history"><small>It's super effective!</small><br></div><div class="battle-history"><small>(Candyfloss lost <abbr title="−204/261">78.2%</abbr> of its health!)</small><br></div><div class="spacer battle-history"><br></div><div class="battle-history">The opposing Ophrys went back to H2OPulse!<br></div><div class="battle-history">H2OPulse sent out Cattail (<strong>Vaporeon</strong>)!<br></div><div class="battle-history"><small>The opposing Cattail was poisoned!</small><br></div><div class="spacer battle-history"><br></div><div class="battle-history">Candyfloss used <strong>Leech Seed</strong>!<br></div><div class="battle-history"><small>The opposing Cattail was seeded!</small><br></div><div class="spacer battle-history"><br></div><div class="battle-history"><small>The opposing Cattail's health is sapped by Leech Seed!</small><br></div><div class="battle-history"><small>The opposing Cattail was hurt by poison!</small><br></div><div class="spacer battle-history"><br></div><h2 class="battle-history">Turn 19</h2><div class="chat chatmessage-inkbug1 mine"><strong style="color:#e46e0f"><small>☆</small><span class="username" data-name="inkbug1">inkbug1</span>:</strong> <em>oh my god that ws like half his health</em></div><div class="spacer battle-history"><br></div><div class="battle-history">The opposing Cattail used <strong>Toxic</strong>!<br></div><div class="battle-history"><small>Candyfloss was badly poisoned!</small><br></div><div class="spacer battle-history"><br></div><div class="battle-history">Candyfloss used <strong>Giga Drain</strong>!<br></div><div class="battle-history"><small>It's super effective!</small><br></div><div class="battle-history"><small>(The opposing Cattail lost 34% of its health!)</small><br></div><div class="battle-history"><small>The opposing Cattail had its energy drained!</small><br></div><div class="spacer battle-history"><br></div><div class="battle-history"><small>The opposing Cattail restored a little HP using its Leftovers!</small><br></div><div class="battle-history"><small>The opposing Cattail's health is sapped by Leech Seed!</small><br></div><div class="battle-history"><small>The opposing Cattail was hurt by poison!</small><br></div><div class="battle-history"><small>Candyfloss was hurt by poison!</small><br></div><div class="spacer battle-history"><br></div><h2 class="battle-history">Turn 20</h2><div class="chat chatmessage-h2opulse"><strong style="color:#6e8c2b"><small>☆</small><span class="username" data-name="H2OPulse">H2OPulse</span>:</strong> <em>Fjjbkg yeah</em></div><div class="spacer battle-history"><br></div><div class="battle-history">The opposing Cattail used <strong>Flip Turn</strong>!<br></div><div class="battle-history"><small>It's not very effective...</small><br></div><div class="battle-history"><small>A critical hit!</small><br></div><div class="battle-history"><small>(Candyfloss lost <abbr title="−33/261">12.6%</abbr> of its health!)</small><br></div><div class="chat chatmessage-h2opulse"><strong style="color:#6e8c2b"><small>☆</small><span class="username" data-name="H2OPulse">H2OPulse</span>:</strong> <em>Man I wanna Heal Bell but it's not gonna help</em></div><div class="chat chatmessage-h2opulse"><strong style="color:#6e8c2b"><small>☆</small><span class="username" data-name="H2OPulse">H2OPulse</span>:</strong> <em>I was considering Defog on Rosemary but did not give it to him so oops</em></div><div class="chat chatmessage-inkbug1 mine"><strong style="color:#e46e0f"><small>☆</small><span class="username" data-name="inkbug1">inkbug1</span>:</strong> <em>fair haha</em></div><div class="spacer battle-history"><br></div><div class="battle-history">H2OPulse withdrew Cattail!<br></div><div class="battle-history">H2OPulse sent out Ophrys (<strong>Scizor-Mega</strong>)!<br></div><div class="spacer battle-history"><br></div><div class="battle-history">Candyfloss used <strong>Giga Drain</strong>!<br></div><div class="battle-history"><small>It's not very effective...</small><br></div><div class="battle-history"><small>(The opposing Ophrys lost 5% of its health!)</small><br></div><div class="battle-history"><small>The opposing Ophrys had its energy drained!</small><br></div><div class="spacer battle-history"><br></div><div class="battle-history"><small>Candyfloss was hurt by poison!</small><br></div><div class="spacer battle-history"><br></div><h2 class="battle-history">Turn 21</h2><div class="spacer battle-history"><br></div><div class="battle-history">The opposing Ophrys used <strong>Swords Dance</strong>!<br></div><div class="battle-history"><small>The opposing Ophrys's Attack rose sharply!</small><br></div><div class="spacer battle-history"><br></div><div class="battle-history">Candyfloss used <strong>Aromatherapy</strong>!<br></div><div class="battle-history"><small>A soothing aroma wafted through the area!</small><br></div><div class="battle-history"><small>Candyfloss was cured of its poisoning!</small><br></div><div class="spacer battle-history"><br></div><h2 class="battle-history">Turn 22</h2><div class="spacer battle-history"><br></div><div class="battle-history">The opposing Ophrys used <strong>U-turn</strong>!<br></div><div class="battle-history"><small>It's super effective!</small><br></div><div class="battle-history"><small>(Candyfloss lost <abbr title="−193/261">73.9%</abbr> of its health!)</small><br></div><div class="spacer battle-history"><br></div><div class="battle-history">Candyfloss fainted!<br></div><div class="spacer battle-history"><br></div><div class="battle-history"><strong>H2OPulse</strong> won the battle!<br></div><div class="chat chatmessage-h2opulse"><strong style="color:#6e8c2b"><small>☆</small><span class="username" data-name="H2OPulse">H2OPulse</span>:</strong> <em>Good game!!!</em></div><div class="chat chatmessage-h2opulse"><strong style="color:#6e8c2b"><small>☆</small><span class="username" data-name="H2OPulse">H2OPulse</span>:</strong> <em>Sorry it was uh</em></div><div class="chat chatmessage-h2opulse"><strong style="color:#6e8c2b"><small>☆</small><span class="username" data-name="H2OPulse">H2OPulse</span>:</strong> <em>weird about Poultergeist :')</em></div><div class="chat chatmessage-h2opulse"><strong style="color:#6e8c2b"><small>☆</small><span class="username" data-name="H2OPulse">H2OPulse</span>:</strong> <em>Oh I'm like 90% sure that's because it was from residual</em></div><div class="chat chatmessage-inkbug1 mine"><strong style="color:#e46e0f"><small>☆</small><span class="username" data-name="inkbug1">inkbug1</span>:</strong> <em>ok i think my other one is like. barely more competent and also isnt tspikes so </em></div><div class="chat chatmessage-inkbug1 mine"><strong style="color:#e46e0f"><small>☆</small><span class="username" data-name="inkbug1">inkbug1</span>:</strong> <em>yeah def</em></div><div class="chat chatmessage-h2opulse"><strong style="color:#6e8c2b"><small>☆</small><span class="username" data-name="H2OPulse">H2OPulse</span>:</strong> <em>Okay good to have in mind</em></div></div><div class="inner-preempt message-log"></div></div></div>
</div>
<script>
let daily = Math.floor(Date.now()/1000/60/60/24);document.write('<script src="https://dragonheaven.herokuapp.com/js/replay-embed.js?version'+daily+'"></'+'script>');
</script>
