<!DOCTYPE html>
<meta charset="utf-8" />
<!-- version 1 -->
<title>[Gen 8] Conniecord Draft League replay: inkbug1 vs. H2OPulse</title>
<style>
html,body {font-family:Verdana, sans-serif;font-size:10pt;margin:0;padding:0;}body{padding:12px 0;} .battle-log {font-family:Verdana, sans-serif;font-size:10pt;} .battle-log-inline {border:1px solid #AAAAAA;background:#EEF2F5;color:black;max-width:640px;margin:0 auto 80px;padding-bottom:5px;} .battle-log .inner {padding:4px 8px 0px 8px;} .battle-log .inner-preempt {padding:0 8px 4px 8px;} .battle-log .inner-after {margin-top:0.5em;} .battle-log h2 {margin:0.5em -8px;padding:4px 8px;border:1px solid #AAAAAA;background:#E0E7EA;border-left:0;border-right:0;font-family:Verdana, sans-serif;font-size:13pt;} .battle-log .chat {vertical-align:middle;padding:3px 0 3px 0;font-size:8pt;} .battle-log .chat strong {color:#40576A;} .battle-log .chat em {padding:1px 4px 1px 3px;color:#000000;font-style:normal;} .chat.mine {background:rgba(0,0,0,0.05);margin-left:-8px;margin-right:-8px;padding-left:8px;padding-right:8px;} .spoiler {color:#BBBBBB;background:#BBBBBB;padding:0px 3px;} .spoiler:hover, .spoiler:active, .spoiler-shown {color:#000000;background:#E2E2E2;padding:0px 3px;} .spoiler a {color:#BBBBBB;} .spoiler:hover a, .spoiler:active a, .spoiler-shown a {color:#2288CC;} .chat code, .chat .spoiler:hover code, .chat .spoiler:active code, .chat .spoiler-shown code {border:1px solid #C0C0C0;background:#EEEEEE;color:black;padding:0 2px;} .chat .spoiler code {border:1px solid #CCCCCC;background:#CCCCCC;color:#CCCCCC;} .battle-log .rated {padding:3px 4px;} .battle-log .rated strong {color:white;background:#89A;padding:1px 4px;border-radius:4px;} .spacer {margin-top:0.5em;} .message-announce {background:#6688AA;color:white;padding:1px 4px 2px;} .message-announce a, .broadcast-green a, .broadcast-blue a, .broadcast-red a {color:#DDEEFF;} .broadcast-green {background-color:#559955;color:white;padding:2px 4px;} .broadcast-blue {background-color:#6688AA;color:white;padding:2px 4px;} .infobox {border:1px solid #6688AA;padding:2px 4px;} .infobox-limited {max-height:200px;overflow:auto;overflow-x:hidden;} .broadcast-red {background-color:#AA5544;color:white;padding:2px 4px;} .message-learn-canlearn {font-weight:bold;color:#228822;text-decoration:underline;} .message-learn-cannotlearn {font-weight:bold;color:#CC2222;text-decoration:underline;} .message-effect-weak {font-weight:bold;color:#CC2222;} .message-effect-resist {font-weight:bold;color:#6688AA;} .message-effect-immune {font-weight:bold;color:#666666;} .message-learn-list {margin-top:0;margin-bottom:0;} .message-throttle-notice, .message-error {color:#992222;} .message-overflow, .chat small.message-overflow {font-size:0pt;} .message-overflow::before {font-size:9pt;content:'...';} .subtle {color:#3A4A66;}
</style>
<div class="wrapper replay-wrapper" style="max-width:1180px;margin:0 auto">
<input type="hidden" name="replayid" value="dragonheaven-gen8conniecorddraftleague-288" />
<div class="battle"></div><div class="battle-log"></div><div class="replay-controls"></div><div class="replay-controls-2"></div>
<h1 style="font-weight:normal;text-align:center"><strong>[Gen 8] Conniecord Draft League</strong><br /><a href="http://pokemonshowdown.com/users/inkbug1" class="subtle" target="_blank">inkbug1</a> vs. <a href="http://pokemonshowdown.com/users/h2opulse" class="subtle" target="_blank">H2OPulse</a></h1>
<script type="text/plain" class="battle-log-data">|j|☆inkbug1

|j|☆H2OPulse
|t:|1619680850
|player|p1|inkbug1|burgh|
|player|p2|H2OPulse|aetherfoundation|
|teamsize|p1|6
|teamsize|p2|6
|gametype|singles
|gen|8
|tier|[Gen 8] Conniecord Draft League
|clearpoke
|poke|p1|Araquanid, F|
|poke|p1|Flufnir, F|
|poke|p1|Neuroboxin, M|
|poke|p1|Magnezone|
|poke|p1|Articuno-Galar|
|poke|p1|Eelektross, M|
|poke|p2|Araquanid, M|
|poke|p2|Vaporeon, F|
|poke|p2|Flufnir, M|
|poke|p2|Zygarde-10%|
|poke|p2|Scizor, F|
|poke|p2|Poultergeist, M|
|rule|HP Percentage Mod: HP is shown in percentages
|rule|Endless Battle Clause: Forcing endless battles is banned
|rule|OHKO Clause: OHKO moves are banned
|rule|Evasion Moves Clause: Evasion moves are banned
|rule|Species Clause: Limit one of each Pokémon (not counting forms)
|rule|Dynamax Clause: You cannot dynamax
|rule|Sleep Clause Mod: Limit one foe put to sleep
|rule|Z-Move Clause: Z-Moves are banned
|teampreview
|c|☆H2OPulse|N i c e
|c|☆inkbug1|i built 
|c|☆inkbug1|5
|c|☆inkbug1|for some reason
|
|t:|1619680901
|start
|switch|p1a: Butterknife|Eelektross, M|374\/374
|switch|p2a: Spilly|Araquanid, M|100\/100
|turn|1
|c|☆H2OPulse|Youuu are physical huh.
|c|☆H2OPulse|I can't take a Wild Charge
|c|☆H2OPulse|I like my odds against Thunderbolt but I shouldn't stay in should I
|
|t:|1619680966
|move|p2a: Spilly|Liquidation|p1a: Butterknife
|-damage|p1a: Butterknife|86\/374
|move|p1a: Butterknife|Zap Cannon|p2a: Spilly|[miss]
|-miss|p1a: Butterknife|p2a: Spilly
|-enditem|p1a: Butterknife|Blunder Policy
|-boost|p1a: Butterknife|spe|2
|
|upkeep
|turn|2
|c|☆inkbug1|whoops 
|c|☆H2OPulse|Never mind I lied and I am okay with this
|c|☆inkbug1|see i wanted to yolo since i was scared of getting poisoned
|c|☆H2OPulse|Fjfjgk
|c|☆inkbug1|but that was maybe not the most intelligent course of action
|c|☆inkbug1|on my part
|
|t:|1619681047
|switch|p1a: Brian|Articuno-Galar|383\/383
|switch|p2a: Ambrosioides|Zygarde-10%|100\/100
|-ability|p2a: Ambrosioides|Aura Break
|
|upkeep
|turn|3
|c|☆inkbug1|eep
|raw|<div class="message"><ul class="utilichart"><li class="result"><span class="col numcol">RU<\/span> <span class="col iconcol"><psicon pokemon="zygarde10"\/><\/span> <span class="col pokemonnamecol" style="white-space:nowrap"><a href="https:\/\/dex.pokemonshowdown.com\/pokemon\/zygarde10" target="_blank">Zygarde-10%<\/a><\/span> <span class="col typecol"><img src="https:\/\/play.pokemonshowdown.com\/sprites\/types\/Dragon.png" alt="Dragon" height="14" width="32"><img src="https:\/\/play.pokemonshowdown.com\/sprites\/types\/Ground.png" alt="Ground" height="14" width="32"><\/span> <span style="float:left;min-height:26px"><span class="col abilitycol">Aura Break<\/span><span class="col abilitycol"><em>(Power Construct)<\/em><\/span><\/span><span style="float:left;min-height:26px"><span class="col statcol"><em>HP<\/em><br \/>54<\/span> <span class="col statcol"><em>Atk<\/em><br \/>100<\/span> <span class="col statcol"><em>Def<\/em><br \/>71<\/span> <span class="col statcol"><em>SpA<\/em><br \/>61<\/span> <span class="col statcol"><em>SpD<\/em><br \/>85<\/span> <span class="col statcol"><em>Spe<\/em><br \/>115<\/span> <span class="col bstcol"><em>BST<br \/>486<\/em><\/span> <\/span><\/li><li style="clear:both"><\/li><\/ul><\/div>
|raw|<font size="1"><font color="#686868">Dex#:<\/font> 718&nbsp;|&ThickSpace;<font color="#686868">Gen:<\/font> 7&nbsp;|&ThickSpace;<font color="#686868">Height:<\/font> 1.2 m&nbsp;|&ThickSpace;<font color="#686868">Weight:<\/font> 33.5 kg <em>(60 BP)<\/em>&nbsp;|&ThickSpace;<font color="#686868">Dex Colour:<\/font> Green&nbsp;|&ThickSpace;<font color="#686868">Egg Group(s):<\/font> Undiscovered&nbsp;|&ThickSpace;<font color="#686868">Does Not Evolve<\/font><\/font>

|
|t:|1619681076
|move|p2a: Ambrosioides|Thousand Arrows|p1a: Brian
|-damage|p1a: Brian|274\/383
|-start|p1a: Brian|Smack Down
|move|p1a: Brian|Hurricane|p2a: Ambrosioides
|-damage|p2a: Ambrosioides|26\/100
|-start|p2a: Ambrosioides|confusion
|
|upkeep
|turn|4
|c|☆H2OPulse|Regret
|c|☆inkbug1|briaaannnn
|
|t:|1619681097
|switch|p2a: Rosemary|Poultergeist, M|100\/100
|-start|p2a: Rosemary|typechange|Fire\/Flying|[silent]
|raw|<ul class="utilichart"><li class="result"><span class="col pokemonnamecol" style="white-space: nowrap">Poultergeist<\/span> <span class="col typecol"><img src="https:\/\/play.pokemonshowdown.com\/sprites\/types\/Fire.png" alt="Fire" height="14" width="32"><img src="https:\/\/play.pokemonshowdown.com\/sprites\/types\/Flying.png" alt="Flying" height="14" width="32"><\/span> <span style="float: left ; min-height: 26px"><span class="col abilitycol">Chicken Out<\/span><span class="col abilitycol"><\/span><\/span><\/li><li style="clear: both"><\/li><\/ul>
|raw|<ul class="utilichart"><li class="result"><span style="float: left ; min-height: 26px"><span class="col statcol"><em>HP<\/em><br>105<\/span> <span class="col statcol"><em>Atk<\/em><br>65<\/span> <span class="col statcol"><em>Def<\/em><br>85<\/span> <span class="col statcol"><em>SpA<\/em><br>105<\/span> <span class="col statcol"><em>SpD<\/em><br>85<\/span> <span class="col statcol"><em>Spe<\/em><br>73<\/span> <\/span><\/li><li style="clear: both"><\/li><\/ul>
|move|p1a: Brian|Calm Mind|p1a: Brian
|-boost|p1a: Brian|spa|1
|-boost|p1a: Brian|spd|1
|
|upkeep
|turn|5
|
|t:|1619681140
|move|p2a: Rosemary|Will-O-Wisp|p1a: Brian
|-status|p1a: Brian|brn
|move|p1a: Brian|Psyshock|p2a: Rosemary
|-damage|p2a: Rosemary|49\/100
|
|-damage|p1a: Brian|251\/383 brn|[from] brn
|upkeep
|turn|6
|c|☆inkbug1|mmm
|
|t:|1619681173
|move|p2a: Rosemary|Hex|p1a: Brian
|-supereffective|p1a: Brian
|-damage|p1a: Brian|65\/383 brn
|-enditem|p1a: Brian|Weakness Policy
|-boost|p1a: Brian|atk|2|[from] item: Weakness Policy
|-boost|p1a: Brian|spa|2|[from] item: Weakness Policy
|move|p1a: Brian|Recover|p1a: Brian
|-heal|p1a: Brian|257\/383 brn
|
|-damage|p1a: Brian|234\/383 brn|[from] brn
|upkeep
|turn|7
|c|☆H2OPulse|oof
|c|☆H2OPulse|okay
|c|☆inkbug1|he LIVES 
|c|☆H2OPulse|well I was going to lose my head this turn anyway!!
|c|☆H2OPulse|this is fine
|
|t:|1619681213
|move|p2a: Rosemary|Hex|p1a: Brian
|-supereffective|p1a: Brian
|-damage|p1a: Brian|62\/383 brn
|move|p1a: Brian|Psyshock|p2a: Rosemary
|-damage|p2a: Rosemary|0 fnt
|faint|p2a: Rosemary
|detailschange|p2a: Rosemary|Poultergeist-Headless, M
|-ability|p2a: Rosemary|Chicken Out
|-message|Rosemary ran off somewhere...
|
|-damage|p1a: Brian|39\/383 brn|[from] brn
|upkeep
|
|t:|1619681223
|switch|p2a: Ambrosioides|Zygarde-10%|26\/100
|-ability|p2a: Ambrosioides|Aura Break
|turn|8
|
|t:|1619681231
|switch|p1a: Weaver|Araquanid, F|339\/339
|move|p2a: Ambrosioides|Thousand Arrows|p1a: Weaver
|-resisted|p1a: Weaver
|-damage|p1a: Weaver|260\/339
|
|upkeep
|turn|9
|
|t:|1619681246
|switch|p2a: Cattail|Vaporeon, F|100\/100
|move|p1a: Weaver|Sticky Web|p2a: Cattail
|-sidestart|p2: H2OPulse|move: Sticky Web
|
|upkeep
|turn|10
|
|t:|1619681254
|switch|p1a: Octo Eight-Step|Neuroboxin, M|369\/369
|-start|p1a: Octo Eight-Step|typechange|Poison\/Fighting|[silent]
|raw|<ul class="utilichart"><li class="result"><span class="col pokemonnamecol" style="white-space: nowrap">Neuroboxin<\/span> <span class="col typecol"><img src="https:\/\/play.pokemonshowdown.com\/sprites\/types\/Poison.png" alt="Poison" height="14" width="32"><img src="https:\/\/play.pokemonshowdown.com\/sprites\/types\/Fighting.png" alt="Fighting" height="14" width="32"><\/span> <span style="float: left ; min-height: 26px"><span class="col abilitycol">Infiltrator \/ Sticky Hold \/ Trace<\/span><span class="col abilitycol"><\/span><\/span><\/li><li style="clear: both"><\/li><\/ul>
|raw|<ul class="utilichart"><li class="result"><span style="float: left ; min-height: 26px"><span class="col statcol"><em>HP<\/em><br>114<\/span> <span class="col statcol"><em>Atk<\/em><br>72<\/span> <span class="col statcol"><em>Def<\/em><br>96<\/span> <span class="col statcol"><em>SpA<\/em><br>85<\/span> <span class="col statcol"><em>SpD<\/em><br>81<\/span> <span class="col statcol"><em>Spe<\/em><br>109<\/span> <\/span><\/li><li style="clear: both"><\/li><\/ul>
|-ability|p1a: Octo Eight-Step|Water Absorb|[from] ability: Trace|[of] p2a: Cattail
|move|p2a: Cattail|Wish|p2a: Cattail
|
|upkeep
|turn|11
|c|☆H2OPulse|Neuroboxin is so neat
|c|☆H2OPulse|I forgot to be afraid of Trace this time around
|c|☆inkbug1|asdfasdf
|
|t:|1619681317
|switch|p2a: Ophrys|Scizor, F|100\/100
|-activate|p2a: Ophrys|move: Sticky Web
|-unboost|p2a: Ophrys|spe|1
|move|p1a: Octo Eight-Step|Lunge|p2a: Ophrys
|-resisted|p2a: Ophrys
|-damage|p2a: Ophrys|94\/100
|-unboost|p2a: Ophrys|atk|1
|
|-heal|p2a: Ophrys|100\/100|[from] move: Wish|[wisher] Cattail
|upkeep
|turn|12
|
|t:|1619681331
|switch|p1a: Calzone|Magnezone|343\/343
|detailschange|p2a: Ophrys|Scizor-Mega, F
|-mega|p2a: Ophrys|Scizor|Scizorite
|-start|p2a: Ophrys|typechange|Bug\/Steel|[silent]
|raw|<ul class="utilichart"><li class="result"><span class="col pokemonnamecol" style="white-space: nowrap">Scizor-Mega<\/span> <span class="col typecol"><img src="https:\/\/play.pokemonshowdown.com\/sprites\/types\/Bug.png" alt="Bug" height="14" width="32"><img src="https:\/\/play.pokemonshowdown.com\/sprites\/types\/Steel.png" alt="Steel" height="14" width="32"><\/span> <span style="float: left ; min-height: 26px"><span class="col abilitycol">Technician<\/span><span class="col abilitycol"><\/span><\/span><span style="float: left ; min-height: 26px"><span class="col statcol"><em>HP<\/em><br>70<\/span> <span class="col statcol"><em>Atk<\/em><br>150<\/span> <span class="col statcol"><em>Def<\/em><br>140<\/span> <span class="col statcol"><em>SpA<\/em><br>65<\/span> <span class="col statcol"><em>SpD<\/em><br>100<\/span> <span class="col statcol"><em>Spe<\/em><br>75<\/span> <\/span><\/li><li style="clear: both"><\/li><\/ul>
|move|p2a: Ophrys|Defog|p1a: Calzone
|-unboost|p1a: Calzone|evasion|1
|-sideend|p2: H2OPulse|Sticky Web|[from] move: Defog|[of] p2a: Ophrys
|
|upkeep
|turn|13
|c|☆H2OPulse|Well
|c|☆H2OPulse|That was irresponsible
|c|☆inkbug1|not todaaayyyy
|c|☆H2OPulse|At least I know you're not Analytic! :'D
|
|t:|1619681368
|move|p1a: Calzone|Iron Defense|p1a: Calzone
|-boost|p1a: Calzone|def|2
|move|p2a: Ophrys|Swords Dance|p2a: Ophrys
|-boost|p2a: Ophrys|atk|2
|
|upkeep
|turn|14
|c|☆inkbug1|kjhgkjg
|
|t:|1619681374
|move|p1a: Calzone|Body Press|p2a: Ophrys
|-damage|p2a: Ophrys|77\/100
|move|p2a: Ophrys|Swords Dance|p2a: Ophrys
|-boost|p2a: Ophrys|atk|2
|
|upkeep
|turn|15
|
|t:|1619681380
|move|p1a: Calzone|Iron Defense|p1a: Calzone
|-boost|p1a: Calzone|def|2
|move|p2a: Ophrys|Swords Dance|p2a: Ophrys
|-boost|p2a: Ophrys|atk|2
|
|upkeep
|turn|16
|
|t:|1619681386
|move|p2a: Ophrys|Bullet Punch|p1a: Calzone
|-resisted|p1a: Calzone
|-damage|p1a: Calzone|319\/343
|move|p1a: Calzone|Iron Defense|p1a: Calzone
|-boost|p1a: Calzone|def|2
|
|-heal|p1a: Calzone|340\/343|[from] item: Leftovers
|upkeep
|turn|17
|
|t:|1619681393
|move|p2a: Ophrys|Bullet Punch|p1a: Calzone
|-resisted|p1a: Calzone
|-damage|p1a: Calzone|321\/343
|move|p1a: Calzone|Body Press|p2a: Ophrys
|-damage|p2a: Ophrys|33\/100
|
|-heal|p1a: Calzone|342\/343|[from] item: Leftovers
|upkeep
|turn|18
|
|t:|1619681400
|move|p1a: Calzone|Body Press|p2a: Ophrys
|-damage|p2a: Ophrys|0 fnt
|faint|p2a: Ophrys
|
|-heal|p1a: Calzone|343\/343|[from] item: Leftovers
|upkeep
|
|t:|1619681403
|switch|p2a: Rosemary|Poultergeist-Headless, M|100\/100
|-start|p2a: Rosemary|typechange|Fire\/Ghost|[silent]
|raw|<ul class="utilichart"><li class="result"><span class="col pokemonnamecol" style="white-space: nowrap">Poultergeist-Headless<\/span> <span class="col typecol"><img src="https:\/\/play.pokemonshowdown.com\/sprites\/types\/Fire.png" alt="Fire" height="14" width="32"><img src="https:\/\/play.pokemonshowdown.com\/sprites\/types\/Ghost.png" alt="Ghost" height="14" width="32"><\/span> <span style="float: left ; min-height: 26px"><span class="col abilitycol">Wonder Guard<\/span><span class="col abilitycol"><\/span><\/span><\/li><li style="clear: both"><\/li><\/ul>
|raw|<ul class="utilichart"><li class="result"><span style="float: left ; min-height: 26px"><span class="col statcol"><em>HP<\/em><br>1<\/span> <span class="col statcol"><em>Atk<\/em><br>65<\/span> <span class="col statcol"><em>Def<\/em><br>85<\/span> <span class="col statcol"><em>SpA<\/em><br>105<\/span> <span class="col statcol"><em>SpD<\/em><br>85<\/span> <span class="col statcol"><em>Spe<\/em><br>113<\/span> <\/span><\/li><li style="clear: both"><\/li><\/ul>
|turn|19
|c|☆inkbug1|this is why competent people actually use magnezone 
|c|☆inkbug1|this is like. my second day ever using it i think
|c|☆H2OPulse|Wait now I'm scared of Neuroboxin again
|c|☆inkbug1|kjhf
|c|☆inkbug1|i was just abt to click him
|
|t:|1619681464
|switch|p2a: Cortaderia|Flufnir, M|100\/100
|-start|p2a: Cortaderia|typechange|Normal\/Dragon|[silent]
|raw|<ul class="utilichart"><li class="result"><span class="col pokemonnamecol" style="white-space: nowrap">Flufnir<\/span> <span class="col typecol"><img src="https:\/\/play.pokemonshowdown.com\/sprites\/types\/Normal.png" alt="Normal" height="14" width="32"><img src="https:\/\/play.pokemonshowdown.com\/sprites\/types\/Dragon.png" alt="Dragon" height="14" width="32"><\/span> <span style="float: left ; min-height: 26px"><span class="col abilitycol">Fluffy \/ Hustle \/ Natural Cure<\/span><span class="col abilitycol"><\/span><\/span><\/li><li style="clear: both"><\/li><\/ul>
|raw|<ul class="utilichart"><li class="result"><span style="float: left ; min-height: 26px"><span class="col statcol"><em>HP<\/em><br>128<\/span> <span class="col statcol"><em>Atk<\/em><br>136<\/span> <span class="col statcol"><em>Def<\/em><br>44<\/span> <span class="col statcol"><em>SpA<\/em><br>80<\/span> <span class="col statcol"><em>SpD<\/em><br>84<\/span> <span class="col statcol"><em>Spe<\/em><br>63<\/span> <\/span><\/li><li style="clear: both"><\/li><\/ul>
|switch|p1a: Octo Eight-Step|Neuroboxin, M|369\/369
|-start|p1a: Octo Eight-Step|typechange|Poison\/Fighting|[silent]
|-ability|p1a: Octo Eight-Step|Fluffy|[from] ability: Trace|[of] p2a: Cortaderia
|
|upkeep
|turn|20
|
|t:|1619681484
|switch|p2a: Rosemary|Poultergeist-Headless, M|100\/100
|-start|p2a: Rosemary|typechange|Fire\/Ghost|[silent]
|move|p1a: Octo Eight-Step|Trick|p2a: Rosemary
|-activate|p1a: Octo Eight-Step|move: Trick|[of] p2a: Rosemary
|-item|p2a: Rosemary|Choice Scarf|[from] move: Trick
|-item|p1a: Octo Eight-Step|Heavy-Duty Boots|[from] move: Trick
|
|upkeep
|turn|21
|c|☆H2OPulse|Preemptively: regret
|c|☆inkbug1|ah hell
|
|t:|1619681503
|switch|p1a: Weaver|Araquanid, F|260\/339
|move|p2a: Rosemary|Overheat|p1a: Weaver
|-damage|p1a: Weaver|194\/339
|-unboost|p2a: Rosemary|spa|2
|
|upkeep
|turn|22
|c|☆H2OPulse|(This was to make you weak to Fire
|c|☆H2OPulse|It did not pay off but it was still a fun choice to make)
|
|t:|1619681528
|switch|p2a: Cattail|Vaporeon, F|100\/100
|move|p1a: Weaver|Liquidation|p2a: Cattail
|-immune|p2a: Cattail|[from] ability: Water Absorb
|
|upkeep
|turn|23
|c|☆inkbug1|i realized tht just soon enough to cancel my click to stay in
|
|t:|1619681548
|switch|p1a: Brian|Articuno-Galar|39\/383 brn
|move|p2a: Cattail|Wish|p2a: Cattail
|
|-damage|p1a: Brian|16\/383 brn|[from] brn
|upkeep
|turn|24
|
|t:|1619681562
|move|p1a: Brian|Recover|p1a: Brian
|-heal|p1a: Brian|208\/383 brn
|move|p2a: Cattail|Flip Turn|p1a: Brian
|-damage|p1a: Brian|171\/383 brn
|
|t:|1619681564
|switch|p2a: Ambrosioides|Zygarde-10%|26\/100|[from]move: Flip Turn
|-ability|p2a: Ambrosioides|Aura Break
|
|-heal|p2a: Ambrosioides|100\/100|[from] move: Wish|[wisher] Cattail
|-damage|p1a: Brian|148\/383 brn|[from] brn
|upkeep
|turn|25
|
|t:|1619681586
|switch|p2a: Rosemary|Poultergeist-Headless, M|100\/100
|-start|p2a: Rosemary|typechange|Fire\/Ghost|[silent]
|switch|p1a: Weaver|Araquanid, F|194\/339
|
|upkeep
|turn|26
|c|☆inkbug1|ope hello again
|
|t:|1619681597
|move|p2a: Rosemary|U-turn|p1a: Weaver
|-damage|p1a: Weaver|160\/339
|
|t:|1619681601
|switch|p2a: Cortaderia|Flufnir, M|100\/100|[from]move: U-turn
|-start|p2a: Cortaderia|typechange|Normal\/Dragon|[silent]
|move|p1a: Weaver|Sticky Web|p2a: Cortaderia
|-sidestart|p2: H2OPulse|move: Sticky Web
|
|upkeep
|turn|27
|
|t:|1619681615
|switch|p1a: Brian|Articuno-Galar|148\/383 brn
|move|p2a: Cortaderia|Coil|p2a: Cortaderia
|-boost|p2a: Cortaderia|atk|1
|-boost|p2a: Cortaderia|def|1
|-boost|p2a: Cortaderia|accuracy|1
|
|-damage|p1a: Brian|125\/383 brn|[from] brn
|upkeep
|turn|28
|
|t:|1619681632
|move|p1a: Brian|Hurricane|p2a: Cortaderia|[miss]
|-miss|p1a: Brian|p2a: Cortaderia
|move|p2a: Cortaderia|Dragon Rush|p1a: Brian
|-damage|p1a: Brian|0 fnt
|faint|p1a: Brian
|
|upkeep
|c|☆inkbug1|brian
|c|☆inkbug1|ok i deserve that
|c|☆H2OPulse|I am so sorry
|
|t:|1619681646
|switch|p1a: Octo Eight-Step|Neuroboxin, M|369\/369
|-start|p1a: Octo Eight-Step|typechange|Poison\/Fighting|[silent]
|-ability|p1a: Octo Eight-Step|Fluffy|[from] ability: Trace|[of] p2a: Cortaderia
|turn|29
|
|t:|1619681653
|move|p1a: Octo Eight-Step|Knock Off|p2a: Cortaderia
|-damage|p2a: Cortaderia|90\/100
|-enditem|p2a: Cortaderia|Leftovers|[from] move: Knock Off|[of] p1a: Octo Eight-Step
|move|p2a: Cortaderia|Coil|p2a: Cortaderia
|-boost|p2a: Cortaderia|atk|1
|-boost|p2a: Cortaderia|def|1
|-boost|p2a: Cortaderia|accuracy|1
|
|upkeep
|turn|30
|
|t:|1619681662
|move|p1a: Octo Eight-Step|Lunge|p2a: Cortaderia
|-damage|p2a: Cortaderia|84\/100
|-unboost|p2a: Cortaderia|atk|1
|move|p2a: Cortaderia|Coil|p2a: Cortaderia
|-boost|p2a: Cortaderia|atk|1
|-boost|p2a: Cortaderia|def|1
|-boost|p2a: Cortaderia|accuracy|1
|
|upkeep
|turn|31
|
|t:|1619681669
|move|p1a: Octo Eight-Step|Lunge|p2a: Cortaderia
|-damage|p2a: Cortaderia|79\/100
|-unboost|p2a: Cortaderia|atk|1
|move|p2a: Cortaderia|Coil|p2a: Cortaderia
|-boost|p2a: Cortaderia|atk|1
|-boost|p2a: Cortaderia|def|1
|-boost|p2a: Cortaderia|accuracy|1
|
|upkeep
|turn|32
|
|t:|1619681682
|move|p1a: Octo Eight-Step|Lunge|p2a: Cortaderia
|-damage|p2a: Cortaderia|74\/100
|-unboost|p2a: Cortaderia|atk|1
|move|p2a: Cortaderia|Coil|p2a: Cortaderia
|-boost|p2a: Cortaderia|atk|1
|-boost|p2a: Cortaderia|def|1
|-boost|p2a: Cortaderia|accuracy|1
|
|upkeep
|turn|33
|
|t:|1619681692
|move|p1a: Octo Eight-Step|Lunge|p2a: Cortaderia
|-damage|p2a: Cortaderia|70\/100
|-unboost|p2a: Cortaderia|atk|1
|move|p2a: Cortaderia|Dragon Rush|p1a: Octo Eight-Step
|-damage|p1a: Octo Eight-Step|240\/369
|
|upkeep
|turn|34
|
|t:|1619681715
|move|p1a: Octo Eight-Step|Lunge|p2a: Cortaderia
|-damage|p2a: Cortaderia|67\/100
|-unboost|p2a: Cortaderia|atk|1
|move|p2a: Cortaderia|Dragon Rush|p1a: Octo Eight-Step
|-damage|p1a: Octo Eight-Step|157\/369
|
|upkeep
|turn|35
|
|t:|1619681723
|switch|p1a: Cloudy|Flufnir, F, shiny|459\/459
|-start|p1a: Cloudy|typechange|Normal\/Dragon|[silent]
|raw|<ul class="utilichart"><li class="result"><span class="col pokemonnamecol" style="white-space: nowrap">Flufnir<\/span> <span class="col typecol"><img src="https:\/\/play.pokemonshowdown.com\/sprites\/types\/Normal.png" alt="Normal" height="14" width="32"><img src="https:\/\/play.pokemonshowdown.com\/sprites\/types\/Dragon.png" alt="Dragon" height="14" width="32"><\/span> <span style="float: left ; min-height: 26px"><span class="col abilitycol">Fluffy \/ Hustle \/ Natural Cure<\/span><span class="col abilitycol"><\/span><\/span><\/li><li style="clear: both"><\/li><\/ul>
|raw|<ul class="utilichart"><li class="result"><span style="float: left ; min-height: 26px"><span class="col statcol"><em>HP<\/em><br>128<\/span> <span class="col statcol"><em>Atk<\/em><br>136<\/span> <span class="col statcol"><em>Def<\/em><br>44<\/span> <span class="col statcol"><em>SpA<\/em><br>80<\/span> <span class="col statcol"><em>SpD<\/em><br>84<\/span> <span class="col statcol"><em>Spe<\/em><br>63<\/span> <\/span><\/li><li style="clear: both"><\/li><\/ul>
|move|p2a: Cortaderia|Coil|p2a: Cortaderia
|-boost|p2a: Cortaderia|atk|1
|-boost|p2a: Cortaderia|def|1
|-boost|p2a: Cortaderia|accuracy|1
|
|upkeep
|turn|36
|
|t:|1619681729
|move|p2a: Cortaderia|Dragon Rush|p1a: Cloudy
|-supereffective|p1a: Cloudy
|-damage|p1a: Cloudy|53\/459
|cant|p1a: Cloudy|flinch
|
|-heal|p1a: Cloudy|81\/459|[from] item: Leftovers
|upkeep
|turn|37
|c|☆inkbug1|NOO
|c|☆H2OPulse|Ooffff
|c|☆H2OPulse|I am so sorry
|c|☆inkbug1|wellp
|
|t:|1619681758
|switch|p1a: Calzone|Magnezone|343\/343
|move|p2a: Cortaderia|Facade|p1a: Calzone
|-resisted|p1a: Calzone
|-damage|p1a: Calzone|277\/343
|
|-heal|p1a: Calzone|298\/343|[from] item: Leftovers
|upkeep
|turn|38
|
|t:|1619681769
|move|p2a: Cortaderia|Coil|p2a: Cortaderia
|-boost|p2a: Cortaderia|atk|1
|-boost|p2a: Cortaderia|def|0
|-boost|p2a: Cortaderia|accuracy|0
|move|p1a: Calzone|Iron Defense|p1a: Calzone
|-boost|p1a: Calzone|def|2
|
|-heal|p1a: Calzone|319\/343|[from] item: Leftovers
|upkeep
|turn|39
|
|t:|1619681776
|move|p2a: Cortaderia|Coil|p2a: Cortaderia
|-boost|p2a: Cortaderia|atk|1
|-boost|p2a: Cortaderia|def|0
|-boost|p2a: Cortaderia|accuracy|0
|move|p1a: Calzone|Iron Defense|p1a: Calzone
|-boost|p1a: Calzone|def|2
|
|-heal|p1a: Calzone|340\/343|[from] item: Leftovers
|upkeep
|turn|40
|
|t:|1619681784
|move|p2a: Cortaderia|Coil|p2a: Cortaderia
|-boost|p2a: Cortaderia|atk|1
|-boost|p2a: Cortaderia|def|0
|-boost|p2a: Cortaderia|accuracy|0
|move|p1a: Calzone|Iron Defense|p1a: Calzone
|-boost|p1a: Calzone|def|2
|
|-heal|p1a: Calzone|343\/343|[from] item: Leftovers
|upkeep
|turn|41
|
|t:|1619681791
|move|p2a: Cortaderia|Roost|p2a: Cortaderia
|-heal|p2a: Cortaderia|100\/100
|-singleturn|p2a: Cortaderia|move: Roost
|move|p1a: Calzone|Body Press|p2a: Cortaderia
|-supereffective|p2a: Cortaderia
|-damage|p2a: Cortaderia|72\/100
|
|upkeep
|turn|42
|c|☆inkbug1|uff
|c|☆inkbug1|i dont like that
|
|t:|1619681804
|move|p2a: Cortaderia|Dragon Rush|p1a: Calzone
|-resisted|p1a: Calzone
|-damage|p1a: Calzone|289\/343
|cant|p1a: Calzone|flinch
|
|-heal|p1a: Calzone|310\/343|[from] item: Leftovers
|upkeep
|turn|43
|
|t:|1619681811
|move|p2a: Cortaderia|Coil|p2a: Cortaderia
|-boost|p2a: Cortaderia|atk|1
|-boost|p2a: Cortaderia|def|0
|-boost|p2a: Cortaderia|accuracy|0
|move|p1a: Calzone|Discharge|p2a: Cortaderia
|-resisted|p2a: Cortaderia
|-damage|p2a: Cortaderia|57\/100
|-status|p2a: Cortaderia|par
|
|-heal|p1a: Calzone|331\/343|[from] item: Leftovers
|upkeep
|turn|44
|
|t:|1619681821
|move|p1a: Calzone|Body Press|p2a: Cortaderia
|-supereffective|p2a: Cortaderia
|-crit|p2a: Cortaderia
|-damage|p2a: Cortaderia|0 fnt
|faint|p2a: Cortaderia
|
|-heal|p1a: Calzone|343\/343|[from] item: Leftovers
|upkeep
|c|☆inkbug1|all the ha
|c|☆inkbug1|i
|
|t:|1619681825
|switch|p2a: Rosemary|Poultergeist-Headless, M|100\/100
|-activate|p2a: Rosemary|move: Sticky Web
|-unboost|p2a: Rosemary|spe|1
|-start|p2a: Rosemary|typechange|Fire\/Ghost|[silent]
|turn|45
|c|☆inkbug1|I WAS 
|c|☆H2OPulse|F a i r
|c|☆inkbug1|in the middle of typing 
|c|☆H2OPulse|I was asking for it to be honest :'D
|c|☆inkbug1|"all the hax you get here is just repayment for that turn-one crit on spilly a couple games ago"
|c|☆H2OPulse|p F
|c|☆inkbug1|when tht happened
|
|t:|1619681870
|switch|p1a: Octo Eight-Step|Neuroboxin, M|157\/369
|-start|p1a: Octo Eight-Step|typechange|Poison\/Fighting|[silent]
|-ability|p1a: Octo Eight-Step|Wonder Guard|[from] ability: Trace|[of] p2a: Rosemary
|move|p2a: Rosemary|Overheat|p1a: Octo Eight-Step
|-immune|p1a: Octo Eight-Step|[from] ability: Wonder Guard
|
|upkeep
|turn|46
|
|t:|1619681885
|switch|p2a: Ambrosioides|Zygarde-10%|100\/100
|-activate|p2a: Ambrosioides|move: Sticky Web
|-unboost|p2a: Ambrosioides|spe|1
|-ability|p2a: Ambrosioides|Aura Break
|move|p1a: Octo Eight-Step|Gunk Shot|p2a: Ambrosioides
|-resisted|p2a: Ambrosioides
|-damage|p2a: Ambrosioides|64\/100
|-status|p2a: Ambrosioides|psn
|
|-damage|p2a: Ambrosioides|52\/100 psn|[from] psn
|upkeep
|turn|47
|
|t:|1619681899
|switch|p1a: Weaver|Araquanid, F|160\/339
|move|p2a: Ambrosioides|Thousand Arrows|p1a: Weaver
|-resisted|p1a: Weaver
|-damage|p1a: Weaver|75\/339
|
|-damage|p2a: Ambrosioides|39\/100 psn|[from] psn
|upkeep
|turn|48
|
|t:|1619681907
|move|p2a: Ambrosioides|Thousand Arrows|p1a: Weaver
|-resisted|p1a: Weaver
|-damage|p1a: Weaver|0 fnt
|faint|p1a: Weaver
|
|-damage|p2a: Ambrosioides|27\/100 psn|[from] psn
|upkeep
|c|☆inkbug1|ouchie
|
|t:|1619681927
|switch|p1a: Octo Eight-Step|Neuroboxin, M|157\/369
|-start|p1a: Octo Eight-Step|typechange|Poison\/Fighting|[silent]
|-ability|p1a: Octo Eight-Step|Aura Break|[from] ability: Trace|[of] p2a: Ambrosioides
|-ability|p1a: Octo Eight-Step|Aura Break
|turn|49
|
|t:|1619681964
|move|p1a: Octo Eight-Step|Lunge|p2a: Ambrosioides
|-damage|p2a: Ambrosioides|0 fnt
|faint|p2a: Ambrosioides
|
|upkeep
|c|☆inkbug1|wait th
|c|☆inkbug1|okay
|c|☆inkbug1|sure
|c|☆H2OPulse|Oh Hm
|l|☆H2OPulse
|player|p2|
|c|☆inkbug1|i thought i would outspeed but i was not expecting that to ko
|j|☆H2OPulse
|player|p2|H2OPulse|aetherfoundation
|c|☆H2OPulse|HI SORRY
|c|☆H2OPulse|My phone died oops
|c|☆inkbug1|ur good ! 
|c|☆inkbug1|i had time to go refill my water :D
|c|☆H2OPulse|Okay I am in an unbelievable amount of danger right now
|
|t:|1619682193
|switch|p2a: Rosemary|Poultergeist-Headless, M|100\/100
|-start|p2a: Rosemary|typechange|Fire\/Ghost|[silent]
|-activate|p2a: Rosemary|move: Sticky Web
|-unboost|p2a: Rosemary|spe|1
|turn|50
|c|☆inkbug1|yeah wow boxin is not slacking today
|
|t:|1619682214
|switch|p1a: Butterknife|Eelektross, M|86\/374
|move|p2a: Rosemary|Overheat|p1a: Butterknife|[miss]
|-miss|p2a: Rosemary|p1a: Butterknife
|
|upkeep
|turn|51
|c|☆inkbug1|oh oop 
|
|t:|1619682230
|move|p2a: Rosemary|Overheat|p1a: Butterknife
|-damage|p1a: Butterknife|0 fnt
|-unboost|p2a: Rosemary|spa|2
|faint|p1a: Butterknife
|
|upkeep
|
|t:|1619682238
|switch|p1a: Octo Eight-Step|Neuroboxin, M|157\/369
|-start|p1a: Octo Eight-Step|typechange|Poison\/Fighting|[silent]
|-ability|p1a: Octo Eight-Step|Wonder Guard|[from] ability: Trace|[of] p2a: Rosemary
|turn|52
|c|☆H2OPulse|Part of me wants to say "why did I leave myself open to that I do not have any means to touch you" and the other part recognizes that there was not really any alternative
|c|☆H2OPulse|so uh!!! yeah I was pretty much cornered already :'D
|c|☆H2OPulse|Good game!!!
|
|t:|1619682293
|switch|p2a: Cattail|Vaporeon, F|100\/100
|-activate|p2a: Cattail|move: Sticky Web
|-unboost|p2a: Cattail|spe|1
|move|p1a: Octo Eight-Step|Gunk Shot|p2a: Cattail
|-damage|p2a: Cattail|70\/100
|-status|p2a: Cattail|psn
|
|-heal|p2a: Cattail|76\/100 psn|[from] item: Leftovers
|-damage|p2a: Cattail|64\/100 psn|[from] psn
|upkeep
|turn|53
|
|t:|1619682315
|switch|p2a: Rosemary|Poultergeist-Headless, M|100\/100
|-start|p2a: Rosemary|typechange|Fire\/Ghost|[silent]
|-activate|p2a: Rosemary|move: Sticky Web
|-unboost|p2a: Rosemary|spe|1
|move|p1a: Octo Eight-Step|Gunk Shot|p2a: Rosemary
|-immune|p2a: Rosemary|[from] ability: Wonder Guard
|
|upkeep
|turn|54
|
|t:|1619682326
|move|p2a: Rosemary|Will-O-Wisp|p1a: Octo Eight-Step
|-status|p1a: Octo Eight-Step|brn
|move|p1a: Octo Eight-Step|Gunk Shot|p2a: Rosemary
|-immune|p2a: Rosemary|[from] ability: Wonder Guard
|
|-damage|p1a: Octo Eight-Step|134\/369 brn|[from] brn
|upkeep
|turn|55
|c|☆inkbug1|oookay fair
|
|t:|1619682337
|switch|p2a: Cattail|Vaporeon, F|64\/100 psn
|-activate|p2a: Cattail|move: Sticky Web
|-unboost|p2a: Cattail|spe|1
|move|p1a: Octo Eight-Step|Knock Off|p2a: Cattail
|-damage|p2a: Cattail|55\/100 psn
|-enditem|p2a: Cattail|Leftovers|[from] move: Knock Off|[of] p1a: Octo Eight-Step
|
|-damage|p1a: Octo Eight-Step|111\/369 brn|[from] brn
|-damage|p2a: Cattail|43\/100 psn|[from] psn
|upkeep
|turn|56
|c|☆H2OPulse|Howww long can I stall here
|
|t:|1619682347
|switch|p1a: Cloudy|Flufnir, F, shiny|81\/459
|-start|p1a: Cloudy|typechange|Normal\/Dragon|[silent]
|move|p2a: Cattail|Wish|p2a: Cattail
|
|-heal|p1a: Cloudy|109\/459|[from] item: Leftovers
|-damage|p2a: Cattail|30\/100 psn|[from] psn
|upkeep
|turn|57
|c|☆H2OPulse|Not very
|
|t:|1619682356
|move|p1a: Cloudy|Heal Bell|p1a: Cloudy
|-activate|p1a: Cloudy|move: Heal Bell
|-curestatus|p1: Octo Eight-Step|brn|[msg]
|move|p2a: Cattail|Toxic|p1a: Cloudy
|-status|p1a: Cloudy|tox
|
|-heal|p2a: Cattail|80\/100 psn|[from] move: Wish|[wisher] Cattail
|-heal|p1a: Cloudy|137\/459 tox|[from] item: Leftovers
|-damage|p1a: Cloudy|109\/459 tox|[from] psn
|-damage|p2a: Cattail|68\/100 psn|[from] psn
|upkeep
|turn|58
|c|☆H2OPulse|Ooogh fair
|
|t:|1619682370
|move|p1a: Cloudy|U-turn|p2a: Cattail
|-damage|p2a: Cattail|48\/100 psn
|
|t:|1619682381
|switch|p1a: Calzone|Magnezone|343\/343
|move|p2a: Cattail|Wish|p2a: Cattail
|
|-damage|p2a: Cattail|36\/100 psn|[from] psn
|upkeep
|turn|59
|c|☆H2OPulse|Hm do I have
|c|☆H2OPulse|ANY choice but to take the bait here
|
|t:|1619682403
|switch|p2a: Rosemary|Poultergeist-Headless, M|100\/100
|-start|p2a: Rosemary|typechange|Fire\/Ghost|[silent]
|-activate|p2a: Rosemary|move: Sticky Web
|-unboost|p2a: Rosemary|spe|1
|move|p1a: Calzone|Discharge|p2a: Rosemary
|-immune|p2a: Rosemary|[from] ability: Wonder Guard
|
|upkeep
|turn|60
|
|t:|1619682418
|switch|p1a: Octo Eight-Step|Neuroboxin, M|111\/369
|-start|p1a: Octo Eight-Step|typechange|Poison\/Fighting|[silent]
|-ability|p1a: Octo Eight-Step|Wonder Guard|[from] ability: Trace|[of] p2a: Rosemary
|move|p2a: Rosemary|Overheat|p1a: Octo Eight-Step
|-immune|p1a: Octo Eight-Step|[from] ability: Wonder Guard
|
|upkeep
|turn|61
|c|☆inkbug1|i think if id clicked switch there i wouldve switched first bc of speed 
|c|☆inkbug1|and traced water absorb
|c|☆H2OPulse|> [Invalid choice] There's nothing to cancel
|c|☆inkbug1|so 
|c|☆H2OPulse|Yeah fair,,
|
|t:|1619682466
|switch|p2a: Spilly|Araquanid, M|100\/100
|move|p1a: Octo Eight-Step|Knock Off|p2a: Spilly
|-damage|p2a: Spilly|71\/100
|-enditem|p2a: Spilly|Heavy-Duty Boots|[from] move: Knock Off|[of] p1a: Octo Eight-Step
|
|upkeep
|turn|62
|c|☆inkbug1|oh spillys here! 
|c|☆inkbug1|cool
|c|☆H2OPulse|PF right I keep forgetting you can't tell
|
|t:|1619682489
|switch|p1a: Calzone|Magnezone|343\/343
|move|p2a: Spilly|Sticky Web|p1a: Calzone
|-sidestart|p1: inkbug1|move: Sticky Web
|
|upkeep
|turn|63
|
|t:|1619682500
|switch|p2a: Rosemary|Poultergeist-Headless, M|100\/100
|-start|p2a: Rosemary|typechange|Fire\/Ghost|[silent]
|-activate|p2a: Rosemary|move: Sticky Web
|-unboost|p2a: Rosemary|spe|1
|move|p1a: Calzone|Discharge|p2a: Rosemary
|-immune|p2a: Rosemary|[from] ability: Wonder Guard
|
|upkeep
|turn|64
|
|t:|1619682514
|switch|p1a: Octo Eight-Step|Neuroboxin, M|111\/369
|-start|p1a: Octo Eight-Step|typechange|Poison\/Fighting|[silent]
|-ability|p1a: Octo Eight-Step|Wonder Guard|[from] ability: Trace|[of] p2a: Rosemary
|move|p2a: Rosemary|Will-O-Wisp|p1a: Octo Eight-Step
|-status|p1a: Octo Eight-Step|brn
|
|-damage|p1a: Octo Eight-Step|88\/369 brn|[from] brn
|upkeep
|turn|65
|c|☆H2OPulse|Yes it is 3-3 but I have nothing to touch Neuroboxin so
|c|☆H2OPulse|Except this
|c|☆H2OPulse|Repeatedly
|c|☆H2OPulse|I am sure I will stall you out
|c|☆inkbug1|mmmmmmm
|
|t:|1619682549
|switch|p2a: Cattail|Vaporeon, F|36\/100 psn
|-activate|p2a: Cattail|move: Sticky Web
|-unboost|p2a: Cattail|spe|1
|move|p1a: Octo Eight-Step|Knock Off|p2a: Cattail
|-damage|p2a: Cattail|30\/100 psn
|
|-damage|p1a: Octo Eight-Step|65\/369 brn|[from] brn
|-damage|p2a: Cattail|18\/100 psn|[from] psn
|upkeep
|turn|66
|
|t:|1619682559
|switch|p1a: Cloudy|Flufnir, F, shiny|109\/459 tox
|-start|p1a: Cloudy|typechange|Normal\/Dragon|[silent]
|-activate|p1a: Cloudy|move: Sticky Web
|-unboost|p1a: Cloudy|spe|1
|move|p2a: Cattail|Wish|p2a: Cattail
|
|-heal|p1a: Cloudy|137\/459 tox|[from] item: Leftovers
|-damage|p2a: Cattail|5\/100 psn|[from] psn
|-damage|p1a: Cloudy|109\/459 tox|[from] psn
|upkeep
|turn|67
|
|t:|1619682576
|move|p2a: Cattail|Flip Turn|p1a: Cloudy
|-resisted|p1a: Cloudy
|-damage|p1a: Cloudy|90\/459 tox
|
|t:|1619682579
|switch|p2a: Spilly|Araquanid, M|71\/100|[from]move: Flip Turn
|-activate|p2a: Spilly|move: Sticky Web
|-unboost|p2a: Spilly|spe|1
|move|p1a: Cloudy|Heal Bell|p1a: Cloudy
|-activate|p1a: Cloudy|move: Heal Bell
|-curestatus|p1a: Cloudy|tox|[msg]
|-curestatus|p1: Octo Eight-Step|brn|[msg]
|
|-heal|p2a: Spilly|100\/100|[from] move: Wish|[wisher] Cattail
|-heal|p1a: Cloudy|118\/459|[from] item: Leftovers
|upkeep
|turn|68
|c|☆inkbug1|ah shit 
|c|☆inkbug1|i was gonna switch 
|c|☆inkbug1|and then i didnt
|
|t:|1619682593
|move|p2a: Spilly|Liquidation|p1a: Cloudy
|-resisted|p1a: Cloudy
|-damage|p1a: Cloudy|31\/459
|move|p1a: Cloudy|Roost|p1a: Cloudy
|-heal|p1a: Cloudy|261\/459
|-singleturn|p1a: Cloudy|move: Roost
|
|-heal|p1a: Cloudy|289\/459|[from] item: Leftovers
|upkeep
|turn|69
|c|☆H2OPulse|rIGHT FLUFFY okay
|
|t:|1619682614
|move|p2a: Spilly|Toxic|p1a: Cloudy
|-status|p1a: Cloudy|tox
|move|p1a: Cloudy|U-turn|p2a: Spilly
|-damage|p2a: Spilly|67\/100
|
|t:|1619682618
|switch|p1a: Calzone|Magnezone|343\/343
|-activate|p1a: Calzone|move: Sticky Web
|-unboost|p1a: Calzone|spe|1
|
|upkeep
|turn|70
|
|t:|1619682644
|switch|p2a: Rosemary|Poultergeist-Headless, M|100\/100
|-start|p2a: Rosemary|typechange|Fire\/Ghost|[silent]
|-activate|p2a: Rosemary|move: Sticky Web
|-unboost|p2a: Rosemary|spe|1
|switch|p1a: Octo Eight-Step|Neuroboxin, M|65\/369
|-start|p1a: Octo Eight-Step|typechange|Poison\/Fighting|[silent]
|-ability|p1a: Octo Eight-Step|Wonder Guard|[from] ability: Trace|[of] p2a: Rosemary
|
|upkeep
|turn|71
|c|☆inkbug1|ope
|c|☆H2OPulse|h n
|c|☆H2OPulse|I am so scared
|c|☆inkbug1|i win either way the switch tie goes 
|c|☆inkbug1|cuz water bubble gives me burn immunity 
|c|☆inkbug1|and a fire resist
|c|☆H2OPulse|Oh man yea h
|c|☆inkbug1|hex could maybe kill actually idk
|c|☆H2OPulse|Well I mean
|
|t:|1619682702
|move|p2a: Rosemary|Will-O-Wisp|p1a: Octo Eight-Step|[miss]
|-miss|p2a: Rosemary|p1a: Octo Eight-Step
|move|p1a: Octo Eight-Step|Knock Off|p2a: Rosemary
|-supereffective|p2a: Rosemary
|-damage|p2a: Rosemary|0 fnt
|-enditem|p2a: Rosemary|Choice Scarf|[from] move: Knock Off|[of] p1a: Octo Eight-Step
|faint|p2a: Rosemary
|
|upkeep
|c|☆H2OPulse|If you end up in with Water Bubble and I end up with Poult
|c|☆H2OPulse|yeah
|c|☆H2OPulse|Okay fair
|c|☆inkbug1|phew
|c|☆inkbug1|man giving that thing a scarf was 
|c|☆inkbug1|a big headache
|c|☆H2OPulse|G o o d   g a m e :'D
|c|☆H2OPulse|P f
|c|☆inkbug1|meant to pass that off to vaporeon
|
|t:|1619682737
|switch|p2a: Spilly|Araquanid, M|67\/100
|-activate|p2a: Spilly|move: Sticky Web
|-unboost|p2a: Spilly|spe|1
|turn|72
|c|☆inkbug1|neuroboxin my beloved
|
|t:|1619682760
|switch|p1a: Calzone|Magnezone|343\/343
|-activate|p1a: Calzone|move: Sticky Web
|-unboost|p1a: Calzone|spe|1
|move|p2a: Spilly|Liquidation|p1a: Calzone
|-crit|p1a: Calzone
|-damage|p1a: Calzone|60\/343
|-unboost|p1a: Calzone|def|1
|
|-heal|p1a: Calzone|81\/343|[from] item: Leftovers
|upkeep
|turn|73
|c|☆H2OPulse|Huh did you
|c|☆inkbug1|i deserve that
|c|☆H2OPulse|mean to switch there
|c|☆inkbug1|i did 
|c|☆H2OPulse|you had Wonder Guard
|c|☆inkbug1|oh 
|c|☆inkbug1|i forgot
|c|☆H2OPulse|p f
|c|☆inkbug1|i was like
|c|☆inkbug1|oh i need to get water absorb
|
|t:|1619682802
|move|p2a: Spilly|Liquidation|p1a: Calzone
|-damage|p1a: Calzone|0 fnt
|faint|p1a: Calzone
|
|upkeep
|c|☆inkbug1|but the truth of the matter is i am just a dingus
|
|t:|1619682812
|switch|p1a: Cloudy|Flufnir, F, shiny|289\/459 tox
|-activate|p1a: Cloudy|move: Sticky Web
|-unboost|p1a: Cloudy|spe|1
|-start|p1a: Cloudy|typechange|Normal\/Dragon|[silent]
|turn|74
|c|☆H2OPulse|p f f f fair
|
|t:|1619682825
|move|p2a: Spilly|Leech Life|p1a: Cloudy
|-damage|p1a: Cloudy|193\/459 tox
|-heal|p2a: Spilly|83\/100|[from] drain|[of] p1a: Cloudy
|move|p1a: Cloudy|Dragon Tail|p2a: Spilly
|-damage|p2a: Spilly|46\/100
|drag|p2a: Cattail|Vaporeon, F|5\/100 psn
|-activate|p2a: Cattail|move: Sticky Web
|-unboost|p2a: Cattail|spe|1
|
|-heal|p1a: Cloudy|221\/459 tox|[from] item: Leftovers
|-damage|p2a: Cattail|0 fnt|[from] psn
|faint|p2a: Cattail
|-damage|p1a: Cloudy|193\/459 tox|[from] psn
|upkeep
|
|t:|1619682832
|switch|p2a: Spilly|Araquanid, M|46\/100
|-activate|p2a: Spilly|move: Sticky Web
|-unboost|p2a: Spilly|spe|1
|turn|75
|c|☆H2OPulse|WELL this is my actual last Pokémon now!! so
|c|☆H2OPulse|Good game!!! O: This was a super fun and close one holy heck
|c|☆inkbug1|one out of five aint bad
|
|t:|1619682877
|move|p2a: Spilly|Liquidation|p1a: Cloudy
|-resisted|p1a: Cloudy
|-damage|p1a: Cloudy|105\/459 tox
|move|p1a: Cloudy|Roost|p1a: Cloudy
|-heal|p1a: Cloudy|335\/459 tox
|-singleturn|p1a: Cloudy|move: Roost
|
|-heal|p1a: Cloudy|363\/459 tox|[from] item: Leftovers
|-damage|p1a: Cloudy|307\/459 tox|[from] psn
|upkeep
|turn|76
|
|t:|1619682891
|move|p2a: Spilly|Liquidation|p1a: Cloudy
|-resisted|p1a: Cloudy
|-damage|p1a: Cloudy|213\/459 tox
|move|p1a: Cloudy|Dragon Tail|p2a: Spilly
|-damage|p2a: Spilly|3\/100
|
|-heal|p1a: Cloudy|241\/459 tox|[from] item: Leftovers
|-damage|p1a: Cloudy|157\/459 tox|[from] psn
|upkeep
|turn|77
|
|t:|1619682900
|move|p2a: Spilly|Liquidation|p1a: Cloudy
|-resisted|p1a: Cloudy
|-crit|p1a: Cloudy
|-damage|p1a: Cloudy|12\/459 tox
|move|p1a: Cloudy|Dragon Tail|p2a: Spilly
|-damage|p2a: Spilly|0 fnt
|faint|p2a: Spilly
|
|win|inkbug1
|c|☆inkbug1|p h e w 
|c|☆inkbug1|man boxin rly pulled thru on this one 
|c|☆H2OPulse|WOW okay that was amazing :'D
|c|☆inkbug1|i love it
|c|☆inkbug1|ok well im out of teams 
|c|☆H2OPulse|F a i r
|c|☆inkbug1|and its 1am 
|c|☆H2OPulse|This was so much fun holy heck
|c|☆inkbug1|so i should probably stop ! 
|c|☆inkbug1|yeah 
|c|☆H2OPulse|I love these Fakemon so much
|c|☆inkbug1|it was fun actually using poultergeist tht thing is so funny</script>
</div>
<div class="battle-log battle-log-inline"><div class="inner"><div class="battle-options"><div style="padding-top: 3px; padding-right: 3px; text-align: right"><button class="icon button" name="openBattleOptions" title="Options">Battle Options</button></div></div><div class="inner message-log"><div class="chat"><small>☆inkbug1 and ☆H2OPulse joined</small></div><div class=""><small>Format:</small> <br><strong>[Gen 8] Conniecord Draft League</strong></div><div class=""><small><em>HP Percentage Mod:</em> HP is shown in percentages</small></div><div class=""><small><em>Endless Battle Clause:</em> Forcing endless battles is banned</small></div><div class=""><small><em>OHKO Clause:</em> OHKO moves are banned</small></div><div class=""><small><em>Evasion Moves Clause:</em> Evasion moves are banned</small></div><div class=""><small><em>Species Clause:</em> Limit one of each Pokémon (not counting forms)</small></div><div class=""><small><em>Dynamax Clause:</em> You cannot dynamax</small></div><div class=""><small><em>Sleep Clause Mod:</em> Limit one foe put to sleep</small></div><div class=""><small><em>Z-Move Clause:</em> Z-Moves are banned</small></div><div class="chat battle-history"><strong>inkbug1's team:</strong> <em style="color:#445566;display:block;">Araquanid / Flufnir / Neuroboxin / Magnezone / Articuno-Galar / Eelektross</em></div><div class="chat battle-history"><strong>H2OPulse's team:</strong> <em style="color:#445566;display:block;">Araquanid / Vaporeon / Flufnir / Zygarde-10% / Scizor / Poultergeist</em></div><div class="chat chatmessage-h2opulse"><strong style="color:#6e8c2b"><small>☆</small><span class="username" data-name="H2OPulse">H2OPulse</span>:</strong> <em>N i c e</em></div><div class="chat chatmessage-inkbug1 mine"><strong style="color:#e46e0f"><small>☆</small><span class="username" data-name="inkbug1">inkbug1</span>:</strong> <em>i built </em></div><div class="chat chatmessage-inkbug1 mine"><strong style="color:#e46e0f"><small>☆</small><span class="username" data-name="inkbug1">inkbug1</span>:</strong> <em>5</em></div><div class="chat chatmessage-inkbug1 mine"><strong style="color:#e46e0f"><small>☆</small><span class="username" data-name="inkbug1">inkbug1</span>:</strong> <em>for some reason</em></div><div class="spacer battle-history"><br></div><div class="battle-history">Battle started between inkbug1 and H2OPulse!<br></div><div class="spacer battle-history"><br></div><div class="battle-history">Go! Butterknife (<strong>Eelektross</strong>)!<br></div><div class="spacer battle-history"><br></div><div class="battle-history">H2OPulse sent out Spilly (<strong>Araquanid</strong>)!<br></div><div class="spacer battle-history"><br></div><h2 class="battle-history">Turn 1</h2><div class="chat chatmessage-h2opulse"><strong style="color:#6e8c2b"><small>☆</small><span class="username" data-name="H2OPulse">H2OPulse</span>:</strong> <em>Youuu are physical huh.</em></div><div class="chat chatmessage-h2opulse"><strong style="color:#6e8c2b"><small>☆</small><span class="username" data-name="H2OPulse">H2OPulse</span>:</strong> <em>I can't take a Wild Charge</em></div><div class="chat chatmessage-h2opulse"><strong style="color:#6e8c2b"><small>☆</small><span class="username" data-name="H2OPulse">H2OPulse</span>:</strong> <em>I like my odds against Thunderbolt but I shouldn't stay in should I</em></div><div class="spacer battle-history"><br></div><div class="battle-history">The opposing Spilly used <strong>Liquidation</strong>!<br></div><div class="battle-history"><small>(Butterknife lost <abbr title="−288/374">77.0%</abbr> of its health!)</small><br></div><div class="spacer battle-history"><br></div><div class="battle-history">Butterknife used <strong>Zap Cannon</strong>!<br></div><div class="battle-history"><small>The opposing Spilly avoided the attack!</small><br></div><div class="battle-history"><small>(Butterknife used its Blunder Policy!)</small><br></div><div class="battle-history"><small>Butterknife's Speed rose sharply!</small><br></div><div class="spacer battle-history"><br></div><h2 class="battle-history">Turn 2</h2><div class="chat chatmessage-inkbug1 mine"><strong style="color:#e46e0f"><small>☆</small><span class="username" data-name="inkbug1">inkbug1</span>:</strong> <em>whoops </em></div><div class="chat chatmessage-h2opulse"><strong style="color:#6e8c2b"><small>☆</small><span class="username" data-name="H2OPulse">H2OPulse</span>:</strong> <em>Never mind I lied and I am okay with this</em></div><div class="chat chatmessage-inkbug1 mine"><strong style="color:#e46e0f"><small>☆</small><span class="username" data-name="inkbug1">inkbug1</span>:</strong> <em>see i wanted to yolo since i was scared of getting poisoned</em></div><div class="chat chatmessage-h2opulse"><strong style="color:#6e8c2b"><small>☆</small><span class="username" data-name="H2OPulse">H2OPulse</span>:</strong> <em>Fjfjgk</em></div><div class="chat chatmessage-inkbug1 mine"><strong style="color:#e46e0f"><small>☆</small><span class="username" data-name="inkbug1">inkbug1</span>:</strong> <em>but that was maybe not the most intelligent course of action</em></div><div class="chat chatmessage-inkbug1 mine"><strong style="color:#e46e0f"><small>☆</small><span class="username" data-name="inkbug1">inkbug1</span>:</strong> <em>on my part</em></div><div class="spacer battle-history"><br></div><div class="battle-history">Butterknife, come back!<br></div><div class="battle-history">Go! Brian (<strong>Articuno-Galar</strong>)!<br></div><div class="spacer battle-history"><br></div><div class="battle-history">H2OPulse withdrew Spilly!<br></div><div class="battle-history">H2OPulse sent out Ambrosioides (<strong>Zygarde-10%</strong>)!<br></div><div class="battle-history">[The opposing Ambrosioides's Aura Break]<br><small>The opposing Ambrosioides reversed all other Pokémon's auras!</small><br></div><div class="spacer battle-history"><br></div><h2 class="battle-history">Turn 3</h2><div class="chat chatmessage-inkbug1 mine"><strong style="color:#e46e0f"><small>☆</small><span class="username" data-name="inkbug1">inkbug1</span>:</strong> <em>eep</em></div><div class="chat"><div class="message"><ul class="utilichart"><li class="result"><span class="col numcol">RU</span> <span class="col iconcol"><span class="picon" style="background: transparent url(&quot;https://play.pokemonshowdown.com/sprites/pokemonicons-sheet.png?v4&quot;) no-repeat scroll -240px -2580px"></span></span> <span class="col pokemonnamecol" style="white-space: nowrap"><a href="https://dex.pokemonshowdown.com/pokemon/zygarde10" target="_blank" rel="noopener">Zygarde-10%</a></span> <span class="col typecol"><img src="https://play.pokemonshowdown.com/sprites/types/Dragon.png" alt="Dragon" height="14" width="32"><img src="https://play.pokemonshowdown.com/sprites/types/Ground.png" alt="Ground" height="14" width="32"></span> <span style="float: left ; min-height: 26px"><span class="col abilitycol">Aura Break</span><span class="col abilitycol"><em>(Power Construct)</em></span></span><span style="float: left ; min-height: 26px"><span class="col statcol"><em>HP</em><br>54</span> <span class="col statcol"><em>Atk</em><br>100</span> <span class="col statcol"><em>Def</em><br>71</span> <span class="col statcol"><em>SpA</em><br>61</span> <span class="col statcol"><em>SpD</em><br>85</span> <span class="col statcol"><em>Spe</em><br>115</span> <span class="col bstcol"><em>BST<br>486</em></span> </span></li><li style="clear: both"></li></ul></div></div><div class="chat"><font size="1"><font color="#686868">Dex#:</font> 718&nbsp;|  <font color="#686868">Gen:</font> 7&nbsp;|  <font color="#686868">Height:</font> 1.2 m&nbsp;|  <font color="#686868">Weight:</font> 33.5 kg <em>(60 BP)</em>&nbsp;|  <font color="#686868">Dex Colour:</font> Green&nbsp;|  <font color="#686868">Egg Group(s):</font> Undiscovered&nbsp;|  <font color="#686868">Does Not Evolve</font></font></div><div class="spacer battle-history"><br></div><div class="battle-history">The opposing Ambrosioides used <strong>Thousand Arrows</strong>!<br></div><div class="battle-history"><small>(Brian lost <abbr title="−109/383">28.5%</abbr> of its health!)</small><br></div><div class="battle-history"><small>Brian fell straight down!</small><br></div><div class="spacer battle-history"><br></div><div class="battle-history">Brian used <strong>Hurricane</strong>!<br></div><div class="battle-history"><small>(The opposing Ambrosioides lost 74% of its health!)</small><br></div><div class="battle-history"><small>The opposing Ambrosioides became confused!</small><br></div><div class="spacer battle-history"><br></div><h2 class="battle-history">Turn 4</h2><div class="chat chatmessage-h2opulse"><strong style="color:#6e8c2b"><small>☆</small><span class="username" data-name="H2OPulse">H2OPulse</span>:</strong> <em>Regret</em></div><div class="chat chatmessage-inkbug1 mine"><strong style="color:#e46e0f"><small>☆</small><span class="username" data-name="inkbug1">inkbug1</span>:</strong> <em>briaaannnn</em></div><div class="spacer battle-history"><br></div><div class="battle-history">H2OPulse withdrew Ambrosioides!<br></div><div class="battle-history">H2OPulse sent out Rosemary (<strong>Poultergeist</strong>)!<br></div><div class="chat"><ul class="utilichart"><li class="result"><span class="col pokemonnamecol" style="white-space: nowrap">Poultergeist</span> <span class="col typecol"><img src="https://play.pokemonshowdown.com/sprites/types/Fire.png" alt="Fire" height="14" width="32"><img src="https://play.pokemonshowdown.com/sprites/types/Flying.png" alt="Flying" height="14" width="32"></span> <span style="float: left ; min-height: 26px"><span class="col abilitycol">Chicken Out</span><span class="col abilitycol"></span></span></li><li style="clear: both"></li></ul></div><div class="chat"><ul class="utilichart"><li class="result"><span style="float: left ; min-height: 26px"><span class="col statcol"><em>HP</em><br>105</span> <span class="col statcol"><em>Atk</em><br>65</span> <span class="col statcol"><em>Def</em><br>85</span> <span class="col statcol"><em>SpA</em><br>105</span> <span class="col statcol"><em>SpD</em><br>85</span> <span class="col statcol"><em>Spe</em><br>73</span> </span></li><li style="clear: both"></li></ul></div><div class="spacer battle-history"><br></div><div class="battle-history">Brian used <strong>Calm Mind</strong>!<br></div><div class="battle-history"><small>Brian's Sp. Atk rose!</small><br></div><div class="battle-history"><small>Brian's Sp. Def rose!</small><br></div><div class="spacer battle-history"><br></div><h2 class="battle-history">Turn 5</h2><div class="spacer battle-history"><br></div><div class="battle-history">The opposing Rosemary used <strong>Will-O-Wisp</strong>!<br></div><div class="battle-history"><small>Brian was burned!</small><br></div><div class="spacer battle-history"><br></div><div class="battle-history">Brian used <strong>Psyshock</strong>!<br></div><div class="battle-history"><small>(The opposing Rosemary lost 51% of its health!)</small><br></div><div class="spacer battle-history"><br></div><div class="battle-history"><small>Brian was hurt by its burn!</small><br></div><div class="spacer battle-history"><br></div><h2 class="battle-history">Turn 6</h2><div class="chat chatmessage-inkbug1 mine"><strong style="color:#e46e0f"><small>☆</small><span class="username" data-name="inkbug1">inkbug1</span>:</strong> <em>mmm</em></div><div class="spacer battle-history"><br></div><div class="battle-history">The opposing Rosemary used <strong>Hex</strong>!<br></div><div class="battle-history"><small>It's super effective!</small><br></div><div class="battle-history"><small>(Brian lost <abbr title="−186/383">48.6%</abbr> of its health!)</small><br></div><div class="battle-history"><small>(Brian used its Weakness Policy!)</small><br></div><div class="battle-history"><small>The Weakness Policy sharply raised Brian's Attack!</small><br></div><div class="battle-history"><small>The Weakness Policy sharply raised Brian's Sp. Atk!</small><br></div><div class="spacer battle-history"><br></div><div class="battle-history">Brian used <strong>Recover</strong>!<br></div><div class="battle-history"><small>Brian had its HP restored.</small><br></div><div class="spacer battle-history"><br></div><div class="battle-history"><small>Brian was hurt by its burn!</small><br></div><div class="spacer battle-history"><br></div><h2 class="battle-history">Turn 7</h2><div class="chat chatmessage-h2opulse"><strong style="color:#6e8c2b"><small>☆</small><span class="username" data-name="H2OPulse">H2OPulse</span>:</strong> <em>oof</em></div><div class="chat chatmessage-h2opulse"><strong style="color:#6e8c2b"><small>☆</small><span class="username" data-name="H2OPulse">H2OPulse</span>:</strong> <em>okay</em></div><div class="chat chatmessage-inkbug1 mine"><strong style="color:#e46e0f"><small>☆</small><span class="username" data-name="inkbug1">inkbug1</span>:</strong> <em>he LIVES </em></div><div class="chat chatmessage-h2opulse"><strong style="color:#6e8c2b"><small>☆</small><span class="username" data-name="H2OPulse">H2OPulse</span>:</strong> <em>well I was going to lose my head this turn anyway!!</em></div><div class="chat chatmessage-h2opulse"><strong style="color:#6e8c2b"><small>☆</small><span class="username" data-name="H2OPulse">H2OPulse</span>:</strong> <em>this is fine</em></div><div class="spacer battle-history"><br></div><div class="battle-history">The opposing Rosemary used <strong>Hex</strong>!<br></div><div class="battle-history"><small>It's super effective!</small><br></div><div class="battle-history"><small>(Brian lost <abbr title="−172/383">44.9%</abbr> of its health!)</small><br></div><div class="spacer battle-history"><br></div><div class="battle-history">Brian used <strong>Psyshock</strong>!<br></div><div class="battle-history"><small>(The opposing Rosemary lost 49% of its health!)</small><br></div><div class="spacer battle-history"><br></div><div class="battle-history">The opposing Rosemary fainted!<br></div><div class="battle-history">[The opposing Rosemary's Chicken Out]<br></div><div class="battle-history"><small>Rosemary ran off somewhere...</small><br></div><div class="spacer battle-history"><br></div><div class="battle-history"><small>Brian was hurt by its burn!</small><br></div><div class="spacer battle-history"><br></div><div class="battle-history">H2OPulse sent out Ambrosioides (<strong>Zygarde-10%</strong>)!<br></div><div class="battle-history">[The opposing Ambrosioides's Aura Break]<br><small>The opposing Ambrosioides reversed all other Pokémon's auras!</small><br></div><div class="spacer battle-history"><br></div><h2 class="battle-history">Turn 8</h2><div class="spacer battle-history"><br></div><div class="battle-history">Brian, come back!<br></div><div class="battle-history">Go! Weaver (<strong>Araquanid</strong>)!<br></div><div class="spacer battle-history"><br></div><div class="battle-history">The opposing Ambrosioides used <strong>Thousand Arrows</strong>!<br></div><div class="battle-history"><small>It's not very effective...</small><br></div><div class="battle-history"><small>(Weaver lost <abbr title="−79/339">23.3%</abbr> of its health!)</small><br></div><div class="spacer battle-history"><br></div><h2 class="battle-history">Turn 9</h2><div class="spacer battle-history"><br></div><div class="battle-history">H2OPulse withdrew Ambrosioides!<br></div><div class="battle-history">H2OPulse sent out Cattail (<strong>Vaporeon</strong>)!<br></div><div class="spacer battle-history"><br></div><div class="battle-history">Weaver used <strong>Sticky Web</strong>!<br></div><div class="battle-history"><small>A sticky web has been laid out on the ground around the opposing team!</small><br></div><div class="spacer battle-history"><br></div><h2 class="battle-history">Turn 10</h2><div class="spacer battle-history"><br></div><div class="battle-history">Weaver, come back!<br></div><div class="battle-history">Go! Octo Eight-Step (<strong>Neuroboxin</strong>)!<br></div><div class="chat"><ul class="utilichart"><li class="result"><span class="col pokemonnamecol" style="white-space: nowrap">Neuroboxin</span> <span class="col typecol"><img src="https://play.pokemonshowdown.com/sprites/types/Poison.png" alt="Poison" height="14" width="32"><img src="https://play.pokemonshowdown.com/sprites/types/Fighting.png" alt="Fighting" height="14" width="32"></span> <span style="float: left ; min-height: 26px"><span class="col abilitycol">Infiltrator / Sticky Hold / Trace</span><span class="col abilitycol"></span></span></li><li style="clear: both"></li></ul></div><div class="chat"><ul class="utilichart"><li class="result"><span style="float: left ; min-height: 26px"><span class="col statcol"><em>HP</em><br>114</span> <span class="col statcol"><em>Atk</em><br>72</span> <span class="col statcol"><em>Def</em><br>96</span> <span class="col statcol"><em>SpA</em><br>85</span> <span class="col statcol"><em>SpD</em><br>81</span> <span class="col statcol"><em>Spe</em><br>109</span> </span></li><li style="clear: both"></li></ul></div><div class="battle-history">[Octo Eight-Step's Trace]<br>[Octo Eight-Step's Water Absorb]<br><small>Octo Eight-Step traced the opposing Cattail's Water Absorb!</small><br></div><div class="spacer battle-history"><br></div><div class="battle-history">The opposing Cattail used <strong>Wish</strong>!<br></div><div class="spacer battle-history"><br></div><h2 class="battle-history">Turn 11</h2><div class="chat chatmessage-h2opulse"><strong style="color:#6e8c2b"><small>☆</small><span class="username" data-name="H2OPulse">H2OPulse</span>:</strong> <em>Neuroboxin is so neat</em></div><div class="chat chatmessage-h2opulse"><strong style="color:#6e8c2b"><small>☆</small><span class="username" data-name="H2OPulse">H2OPulse</span>:</strong> <em>I forgot to be afraid of Trace this time around</em></div><div class="chat chatmessage-inkbug1 mine"><strong style="color:#e46e0f"><small>☆</small><span class="username" data-name="inkbug1">inkbug1</span>:</strong> <em>asdfasdf</em></div><div class="spacer battle-history"><br></div><div class="battle-history">H2OPulse withdrew Cattail!<br></div><div class="battle-history">H2OPulse sent out Ophrys (<strong>Scizor</strong>)!<br></div><div class="battle-history"><small>The opposing Ophrys was caught in a sticky web!</small><br></div><div class="battle-history"><small>The opposing Ophrys's Speed fell!</small><br></div><div class="spacer battle-history"><br></div><div class="battle-history">Octo Eight-Step used <strong>Lunge</strong>!<br></div><div class="battle-history"><small>It's not very effective...</small><br></div><div class="battle-history"><small>(The opposing Ophrys lost 6% of its health!)</small><br></div><div class="battle-history"><small>The opposing Ophrys's Attack fell!</small><br></div><div class="spacer battle-history"><br></div><div class="battle-history"><small>Cattail's wish came true!</small><br></div><div class="spacer battle-history"><br></div><h2 class="battle-history">Turn 12</h2><div class="spacer battle-history"><br></div><div class="battle-history">Octo Eight-Step, come back!<br></div><div class="battle-history">Go! Calzone (<strong>Magnezone</strong>)!<br></div><div class="spacer battle-history"><br></div><div class="battle-history"><small>The opposing Ophrys's Scizorite is reacting to the Key Stone!</small><br>The opposing Ophrys has Mega Evolved into Mega Scizor!<br></div><div class="chat"><ul class="utilichart"><li class="result"><span class="col pokemonnamecol" style="white-space: nowrap">Scizor-Mega</span> <span class="col typecol"><img src="https://play.pokemonshowdown.com/sprites/types/Bug.png" alt="Bug" height="14" width="32"><img src="https://play.pokemonshowdown.com/sprites/types/Steel.png" alt="Steel" height="14" width="32"></span> <span style="float: left ; min-height: 26px"><span class="col abilitycol">Technician</span><span class="col abilitycol"></span></span><span style="float: left ; min-height: 26px"><span class="col statcol"><em>HP</em><br>70</span> <span class="col statcol"><em>Atk</em><br>150</span> <span class="col statcol"><em>Def</em><br>140</span> <span class="col statcol"><em>SpA</em><br>65</span> <span class="col statcol"><em>SpD</em><br>100</span> <span class="col statcol"><em>Spe</em><br>75</span> </span></li><li style="clear: both"></li></ul></div><div class="spacer battle-history"><br></div><div class="battle-history">The opposing Ophrys used <strong>Defog</strong>!<br></div><div class="battle-history"><small>Calzone's evasiveness fell!</small><br></div><div class="battle-history"><small>The sticky web has disappeared from the ground around the opposing team!</small><br></div><div class="spacer battle-history"><br></div><h2 class="battle-history">Turn 13</h2><div class="chat chatmessage-h2opulse"><strong style="color:#6e8c2b"><small>☆</small><span class="username" data-name="H2OPulse">H2OPulse</span>:</strong> <em>Well</em></div><div class="chat chatmessage-h2opulse"><strong style="color:#6e8c2b"><small>☆</small><span class="username" data-name="H2OPulse">H2OPulse</span>:</strong> <em>That was irresponsible</em></div><div class="chat chatmessage-inkbug1 mine"><strong style="color:#e46e0f"><small>☆</small><span class="username" data-name="inkbug1">inkbug1</span>:</strong> <em>not todaaayyyy</em></div><div class="chat chatmessage-h2opulse"><strong style="color:#6e8c2b"><small>☆</small><span class="username" data-name="H2OPulse">H2OPulse</span>:</strong> <em>At least I know you're not Analytic! :'D</em></div><div class="spacer battle-history"><br></div><div class="battle-history">Calzone used <strong>Iron Defense</strong>!<br></div><div class="battle-history"><small>Calzone's Defense rose sharply!</small><br></div><div class="spacer battle-history"><br></div><div class="battle-history">The opposing Ophrys used <strong>Swords Dance</strong>!<br></div><div class="battle-history"><small>The opposing Ophrys's Attack rose sharply!</small><br></div><div class="spacer battle-history"><br></div><h2 class="battle-history">Turn 14</h2><div class="chat chatmessage-inkbug1 mine"><strong style="color:#e46e0f"><small>☆</small><span class="username" data-name="inkbug1">inkbug1</span>:</strong> <em>kjhgkjg</em></div><div class="spacer battle-history"><br></div><div class="battle-history">Calzone used <strong>Body Press</strong>!<br></div><div class="battle-history"><small>(The opposing Ophrys lost 23% of its health!)</small><br></div><div class="spacer battle-history"><br></div><div class="battle-history">The opposing Ophrys used <strong>Swords Dance</strong>!<br></div><div class="battle-history"><small>The opposing Ophrys's Attack rose sharply!</small><br></div><div class="spacer battle-history"><br></div><h2 class="battle-history">Turn 15</h2><div class="spacer battle-history"><br></div><div class="battle-history">Calzone used <strong>Iron Defense</strong>!<br></div><div class="battle-history"><small>Calzone's Defense rose sharply!</small><br></div><div class="spacer battle-history"><br></div><div class="battle-history">The opposing Ophrys used <strong>Swords Dance</strong>!<br></div><div class="battle-history"><small>The opposing Ophrys's Attack rose sharply!</small><br></div><div class="spacer battle-history"><br></div><h2 class="battle-history">Turn 16</h2><div class="spacer battle-history"><br></div><div class="battle-history">The opposing Ophrys used <strong>Bullet Punch</strong>!<br></div><div class="battle-history"><small>It's not very effective...</small><br></div><div class="battle-history"><small>(Calzone lost <abbr title="−24/343">7.0%</abbr> of its health!)</small><br></div><div class="spacer battle-history"><br></div><div class="battle-history">Calzone used <strong>Iron Defense</strong>!<br></div><div class="battle-history"><small>Calzone's Defense rose sharply!</small><br></div><div class="spacer battle-history"><br></div><div class="battle-history"><small>Calzone restored a little HP using its Leftovers!</small><br></div><div class="spacer battle-history"><br></div><h2 class="battle-history">Turn 17</h2><div class="spacer battle-history"><br></div><div class="battle-history">The opposing Ophrys used <strong>Bullet Punch</strong>!<br></div><div class="battle-history"><small>It's not very effective...</small><br></div><div class="battle-history"><small>(Calzone lost <abbr title="−19/343">5.5%</abbr> of its health!)</small><br></div><div class="spacer battle-history"><br></div><div class="battle-history">Calzone used <strong>Body Press</strong>!<br></div><div class="battle-history"><small>(The opposing Ophrys lost 44% of its health!)</small><br></div><div class="spacer battle-history"><br></div><div class="battle-history"><small>Calzone restored a little HP using its Leftovers!</small><br></div><div class="spacer battle-history"><br></div><h2 class="battle-history">Turn 18</h2><div class="spacer battle-history"><br></div><div class="battle-history">Calzone used <strong>Body Press</strong>!<br></div><div class="battle-history"><small>(The opposing Ophrys lost 33% of its health!)</small><br></div><div class="spacer battle-history"><br></div><div class="battle-history">The opposing Ophrys fainted!<br></div><div class="spacer battle-history"><br></div><div class="battle-history"><small>Calzone restored a little HP using its Leftovers!</small><br></div><div class="spacer battle-history"><br></div><div class="battle-history">H2OPulse sent out Rosemary (<strong>Poultergeist-Headless</strong>)!<br></div><div class="chat"><ul class="utilichart"><li class="result"><span class="col pokemonnamecol" style="white-space: nowrap">Poultergeist-Headless</span> <span class="col typecol"><img src="https://play.pokemonshowdown.com/sprites/types/Fire.png" alt="Fire" height="14" width="32"><img src="https://play.pokemonshowdown.com/sprites/types/Ghost.png" alt="Ghost" height="14" width="32"></span> <span style="float: left ; min-height: 26px"><span class="col abilitycol">Wonder Guard</span><span class="col abilitycol"></span></span></li><li style="clear: both"></li></ul></div><div class="chat"><ul class="utilichart"><li class="result"><span style="float: left ; min-height: 26px"><span class="col statcol"><em>HP</em><br>1</span> <span class="col statcol"><em>Atk</em><br>65</span> <span class="col statcol"><em>Def</em><br>85</span> <span class="col statcol"><em>SpA</em><br>105</span> <span class="col statcol"><em>SpD</em><br>85</span> <span class="col statcol"><em>Spe</em><br>113</span> </span></li><li style="clear: both"></li></ul></div><div class="spacer battle-history"><br></div><h2 class="battle-history">Turn 19</h2><div class="chat chatmessage-inkbug1 mine"><strong style="color:#e46e0f"><small>☆</small><span class="username" data-name="inkbug1">inkbug1</span>:</strong> <em>this is why competent people actually use magnezone </em></div><div class="chat chatmessage-inkbug1 mine"><strong style="color:#e46e0f"><small>☆</small><span class="username" data-name="inkbug1">inkbug1</span>:</strong> <em>this is like. my second day ever using it i think</em></div><div class="chat chatmessage-h2opulse"><strong style="color:#6e8c2b"><small>☆</small><span class="username" data-name="H2OPulse">H2OPulse</span>:</strong> <em>Wait now I'm scared of Neuroboxin again</em></div><div class="chat chatmessage-inkbug1 mine"><strong style="color:#e46e0f"><small>☆</small><span class="username" data-name="inkbug1">inkbug1</span>:</strong> <em>kjhf</em></div><div class="chat chatmessage-inkbug1 mine"><strong style="color:#e46e0f"><small>☆</small><span class="username" data-name="inkbug1">inkbug1</span>:</strong> <em>i was just abt to click him</em></div><div class="spacer battle-history"><br></div><div class="battle-history">H2OPulse withdrew Rosemary!<br></div><div class="battle-history">H2OPulse sent out Cortaderia (<strong>Flufnir</strong>)!<br></div><div class="chat"><ul class="utilichart"><li class="result"><span class="col pokemonnamecol" style="white-space: nowrap">Flufnir</span> <span class="col typecol"><img src="https://play.pokemonshowdown.com/sprites/types/Normal.png" alt="Normal" height="14" width="32"><img src="https://play.pokemonshowdown.com/sprites/types/Dragon.png" alt="Dragon" height="14" width="32"></span> <span style="float: left ; min-height: 26px"><span class="col abilitycol">Fluffy / Hustle / Natural Cure</span><span class="col abilitycol"></span></span></li><li style="clear: both"></li></ul></div><div class="chat"><ul class="utilichart"><li class="result"><span style="float: left ; min-height: 26px"><span class="col statcol"><em>HP</em><br>128</span> <span class="col statcol"><em>Atk</em><br>136</span> <span class="col statcol"><em>Def</em><br>44</span> <span class="col statcol"><em>SpA</em><br>80</span> <span class="col statcol"><em>SpD</em><br>84</span> <span class="col statcol"><em>Spe</em><br>63</span> </span></li><li style="clear: both"></li></ul></div><div class="spacer battle-history"><br></div><div class="battle-history">Calzone, come back!<br></div><div class="battle-history">Go! Octo Eight-Step (<strong>Neuroboxin</strong>)!<br></div><div class="battle-history">[Octo Eight-Step's Trace]<br>[Octo Eight-Step's Fluffy]<br><small>Octo Eight-Step traced the opposing Cortaderia's Fluffy!</small><br></div><div class="spacer battle-history"><br></div><h2 class="battle-history">Turn 20</h2><div class="spacer battle-history"><br></div><div class="battle-history">H2OPulse withdrew Cortaderia!<br></div><div class="battle-history">H2OPulse sent out Rosemary (<strong>Poultergeist-Headless</strong>)!<br></div><div class="spacer battle-history"><br></div><div class="battle-history">Octo Eight-Step used <strong>Trick</strong>!<br></div><div class="battle-history"><small>Octo Eight-Step switched items with its target!</small><br></div><div class="battle-history"><small>The opposing Rosemary obtained one Choice Scarf.</small><br></div><div class="battle-history"><small>Octo Eight-Step obtained one Heavy-Duty Boots.</small><br></div><div class="spacer battle-history"><br></div><h2 class="battle-history">Turn 21</h2><div class="chat chatmessage-h2opulse"><strong style="color:#6e8c2b"><small>☆</small><span class="username" data-name="H2OPulse">H2OPulse</span>:</strong> <em>Preemptively: regret</em></div><div class="chat chatmessage-inkbug1 mine"><strong style="color:#e46e0f"><small>☆</small><span class="username" data-name="inkbug1">inkbug1</span>:</strong> <em>ah hell</em></div><div class="spacer battle-history"><br></div><div class="battle-history">Octo Eight-Step, come back!<br></div><div class="battle-history">Go! Weaver (<strong>Araquanid</strong>)!<br></div><div class="spacer battle-history"><br></div><div class="battle-history">The opposing Rosemary used <strong>Overheat</strong>!<br></div><div class="battle-history"><small>(Weaver lost <abbr title="−66/339">19.5%</abbr> of its health!)</small><br></div><div class="battle-history"><small>The opposing Rosemary's Sp. Atk fell harshly!</small><br></div><div class="spacer battle-history"><br></div><h2 class="battle-history">Turn 22</h2><div class="chat chatmessage-h2opulse"><strong style="color:#6e8c2b"><small>☆</small><span class="username" data-name="H2OPulse">H2OPulse</span>:</strong> <em>(This was to make you weak to Fire</em></div><div class="chat chatmessage-h2opulse"><strong style="color:#6e8c2b"><small>☆</small><span class="username" data-name="H2OPulse">H2OPulse</span>:</strong> <em>It did not pay off but it was still a fun choice to make)</em></div><div class="spacer battle-history"><br></div><div class="battle-history">H2OPulse withdrew Rosemary!<br></div><div class="battle-history">H2OPulse sent out Cattail (<strong>Vaporeon</strong>)!<br></div><div class="spacer battle-history"><br></div><div class="battle-history">Weaver used <strong>Liquidation</strong>!<br></div><div class="battle-history">[The opposing Cattail's Water Absorb]<br><small>It doesn't affect the opposing Cattail...</small><br></div><div class="spacer battle-history"><br></div><h2 class="battle-history">Turn 23</h2><div class="chat chatmessage-inkbug1 mine"><strong style="color:#e46e0f"><small>☆</small><span class="username" data-name="inkbug1">inkbug1</span>:</strong> <em>i realized tht just soon enough to cancel my click to stay in</em></div><div class="spacer battle-history"><br></div><div class="battle-history">Weaver, come back!<br></div><div class="battle-history">Go! Brian (<strong>Articuno-Galar</strong>)!<br></div><div class="spacer battle-history"><br></div><div class="battle-history">The opposing Cattail used <strong>Wish</strong>!<br></div><div class="spacer battle-history"><br></div><div class="battle-history"><small>Brian was hurt by its burn!</small><br></div><div class="spacer battle-history"><br></div><h2 class="battle-history">Turn 24</h2><div class="spacer battle-history"><br></div><div class="battle-history">Brian used <strong>Recover</strong>!<br></div><div class="battle-history"><small>Brian had its HP restored.</small><br></div><div class="spacer battle-history"><br></div><div class="battle-history">The opposing Cattail used <strong>Flip Turn</strong>!<br></div><div class="battle-history"><small>(Brian lost <abbr title="−37/383">9.7%</abbr> of its health!)</small><br></div><div class="spacer battle-history"><br></div><div class="battle-history">H2OPulse withdrew Cattail!<br></div><div class="battle-history">H2OPulse sent out Ambrosioides (<strong>Zygarde-10%</strong>)!<br></div><div class="battle-history">[The opposing Ambrosioides's Aura Break]<br><small>The opposing Ambrosioides reversed all other Pokémon's auras!</small><br></div><div class="spacer battle-history"><br></div><div class="battle-history"><small>Cattail's wish came true!</small><br></div><div class="battle-history"><small>Brian was hurt by its burn!</small><br></div><div class="spacer battle-history"><br></div><h2 class="battle-history">Turn 25</h2><div class="spacer battle-history"><br></div><div class="battle-history">H2OPulse withdrew Ambrosioides!<br></div><div class="battle-history">H2OPulse sent out Rosemary (<strong>Poultergeist-Headless</strong>)!<br></div><div class="spacer battle-history"><br></div><div class="battle-history">Brian, come back!<br></div><div class="battle-history">Go! Weaver (<strong>Araquanid</strong>)!<br></div><div class="spacer battle-history"><br></div><h2 class="battle-history">Turn 26</h2><div class="chat chatmessage-inkbug1 mine"><strong style="color:#e46e0f"><small>☆</small><span class="username" data-name="inkbug1">inkbug1</span>:</strong> <em>ope hello again</em></div><div class="spacer battle-history"><br></div><div class="battle-history">The opposing Rosemary used <strong>U-turn</strong>!<br></div><div class="battle-history"><small>(Weaver lost <abbr title="−34/339">10.0%</abbr> of its health!)</small><br></div><div class="spacer battle-history"><br></div><div class="battle-history">The opposing Rosemary went back to H2OPulse!<br></div><div class="battle-history">H2OPulse sent out Cortaderia (<strong>Flufnir</strong>)!<br></div><div class="spacer battle-history"><br></div><div class="battle-history">Weaver used <strong>Sticky Web</strong>!<br></div><div class="battle-history"><small>A sticky web has been laid out on the ground around the opposing team!</small><br></div><div class="spacer battle-history"><br></div><h2 class="battle-history">Turn 27</h2><div class="spacer battle-history"><br></div><div class="battle-history">Weaver, come back!<br></div><div class="battle-history">Go! Brian (<strong>Articuno-Galar</strong>)!<br></div><div class="spacer battle-history"><br></div><div class="battle-history">The opposing Cortaderia used <strong>Coil</strong>!<br></div><div class="battle-history"><small>The opposing Cortaderia's Attack rose!</small><br></div><div class="battle-history"><small>The opposing Cortaderia's Defense rose!</small><br></div><div class="battle-history"><small>The opposing Cortaderia's accuracy rose!</small><br></div><div class="spacer battle-history"><br></div><div class="battle-history"><small>Brian was hurt by its burn!</small><br></div><div class="spacer battle-history"><br></div><h2 class="battle-history">Turn 28</h2><div class="spacer battle-history"><br></div><div class="battle-history">Brian used <strong>Hurricane</strong>!<br></div><div class="battle-history"><small>The opposing Cortaderia avoided the attack!</small><br></div><div class="spacer battle-history"><br></div><div class="battle-history">The opposing Cortaderia used <strong>Dragon Rush</strong>!<br></div><div class="battle-history"><small>(Brian lost <abbr title="−125/383">32.6%</abbr> of its health!)</small><br></div><div class="spacer battle-history"><br></div><div class="battle-history">Brian fainted!<br></div><div class="chat chatmessage-inkbug1 mine"><strong style="color:#e46e0f"><small>☆</small><span class="username" data-name="inkbug1">inkbug1</span>:</strong> <em>brian</em></div><div class="chat chatmessage-inkbug1 mine"><strong style="color:#e46e0f"><small>☆</small><span class="username" data-name="inkbug1">inkbug1</span>:</strong> <em>ok i deserve that</em></div><div class="chat chatmessage-h2opulse"><strong style="color:#6e8c2b"><small>☆</small><span class="username" data-name="H2OPulse">H2OPulse</span>:</strong> <em>I am so sorry</em></div><div class="spacer battle-history"><br></div><div class="battle-history">Go! Octo Eight-Step (<strong>Neuroboxin</strong>)!<br></div><div class="battle-history">[Octo Eight-Step's Trace]<br>[Octo Eight-Step's Fluffy]<br><small>Octo Eight-Step traced the opposing Cortaderia's Fluffy!</small><br></div><div class="spacer battle-history"><br></div><h2 class="battle-history">Turn 29</h2><div class="spacer battle-history"><br></div><div class="battle-history">Octo Eight-Step used <strong>Knock Off</strong>!<br></div><div class="battle-history"><small>(The opposing Cortaderia lost 10% of its health!)</small><br></div><div class="battle-history"><small>Octo Eight-Step knocked off the opposing Cortaderia's Leftovers!</small><br></div><div class="spacer battle-history"><br></div><div class="battle-history">The opposing Cortaderia used <strong>Coil</strong>!<br></div><div class="battle-history"><small>The opposing Cortaderia's Attack rose!</small><br></div><div class="battle-history"><small>The opposing Cortaderia's Defense rose!</small><br></div><div class="battle-history"><small>The opposing Cortaderia's accuracy rose!</small><br></div><div class="spacer battle-history"><br></div><h2 class="battle-history">Turn 30</h2><div class="spacer battle-history"><br></div><div class="battle-history">Octo Eight-Step used <strong>Lunge</strong>!<br></div><div class="battle-history"><small>(The opposing Cortaderia lost 6% of its health!)</small><br></div><div class="battle-history"><small>The opposing Cortaderia's Attack fell!</small><br></div><div class="spacer battle-history"><br></div><div class="battle-history">The opposing Cortaderia used <strong>Coil</strong>!<br></div><div class="battle-history"><small>The opposing Cortaderia's Attack rose!</small><br></div><div class="battle-history"><small>The opposing Cortaderia's Defense rose!</small><br></div><div class="battle-history"><small>The opposing Cortaderia's accuracy rose!</small><br></div><div class="spacer battle-history"><br></div><h2 class="battle-history">Turn 31</h2><div class="spacer battle-history"><br></div><div class="battle-history">Octo Eight-Step used <strong>Lunge</strong>!<br></div><div class="battle-history"><small>(The opposing Cortaderia lost 5% of its health!)</small><br></div><div class="battle-history"><small>The opposing Cortaderia's Attack fell!</small><br></div><div class="spacer battle-history"><br></div><div class="battle-history">The opposing Cortaderia used <strong>Coil</strong>!<br></div><div class="battle-history"><small>The opposing Cortaderia's Attack rose!</small><br></div><div class="battle-history"><small>The opposing Cortaderia's Defense rose!</small><br></div><div class="battle-history"><small>The opposing Cortaderia's accuracy rose!</small><br></div><div class="spacer battle-history"><br></div><h2 class="battle-history">Turn 32</h2><div class="spacer battle-history"><br></div><div class="battle-history">Octo Eight-Step used <strong>Lunge</strong>!<br></div><div class="battle-history"><small>(The opposing Cortaderia lost 5% of its health!)</small><br></div><div class="battle-history"><small>The opposing Cortaderia's Attack fell!</small><br></div><div class="spacer battle-history"><br></div><div class="battle-history">The opposing Cortaderia used <strong>Coil</strong>!<br></div><div class="battle-history"><small>The opposing Cortaderia's Attack rose!</small><br></div><div class="battle-history"><small>The opposing Cortaderia's Defense rose!</small><br></div><div class="battle-history"><small>The opposing Cortaderia's accuracy rose!</small><br></div><div class="spacer battle-history"><br></div><h2 class="battle-history">Turn 33</h2><div class="spacer battle-history"><br></div><div class="battle-history">Octo Eight-Step used <strong>Lunge</strong>!<br></div><div class="battle-history"><small>(The opposing Cortaderia lost 4% of its health!)</small><br></div><div class="battle-history"><small>The opposing Cortaderia's Attack fell!</small><br></div><div class="spacer battle-history"><br></div><div class="battle-history">The opposing Cortaderia used <strong>Dragon Rush</strong>!<br></div><div class="battle-history"><small>(Octo Eight-Step lost <abbr title="−129/369">35.0%</abbr> of its health!)</small><br></div><div class="spacer battle-history"><br></div><h2 class="battle-history">Turn 34</h2><div class="spacer battle-history"><br></div><div class="battle-history">Octo Eight-Step used <strong>Lunge</strong>!<br></div><div class="battle-history"><small>(The opposing Cortaderia lost 3% of its health!)</small><br></div><div class="battle-history"><small>The opposing Cortaderia's Attack fell!</small><br></div><div class="spacer battle-history"><br></div><div class="battle-history">The opposing Cortaderia used <strong>Dragon Rush</strong>!<br></div><div class="battle-history"><small>(Octo Eight-Step lost <abbr title="−83/369">22.5%</abbr> of its health!)</small><br></div><div class="spacer battle-history"><br></div><h2 class="battle-history">Turn 35</h2><div class="spacer battle-history"><br></div><div class="battle-history">Octo Eight-Step, come back!<br></div><div class="battle-history">Go! Cloudy (<strong>Flufnir</strong>)!<br></div><div class="chat"><ul class="utilichart"><li class="result"><span class="col pokemonnamecol" style="white-space: nowrap">Flufnir</span> <span class="col typecol"><img src="https://play.pokemonshowdown.com/sprites/types/Normal.png" alt="Normal" height="14" width="32"><img src="https://play.pokemonshowdown.com/sprites/types/Dragon.png" alt="Dragon" height="14" width="32"></span> <span style="float: left ; min-height: 26px"><span class="col abilitycol">Fluffy / Hustle / Natural Cure</span><span class="col abilitycol"></span></span></li><li style="clear: both"></li></ul></div><div class="chat"><ul class="utilichart"><li class="result"><span style="float: left ; min-height: 26px"><span class="col statcol"><em>HP</em><br>128</span> <span class="col statcol"><em>Atk</em><br>136</span> <span class="col statcol"><em>Def</em><br>44</span> <span class="col statcol"><em>SpA</em><br>80</span> <span class="col statcol"><em>SpD</em><br>84</span> <span class="col statcol"><em>Spe</em><br>63</span> </span></li><li style="clear: both"></li></ul></div><div class="spacer battle-history"><br></div><div class="battle-history">The opposing Cortaderia used <strong>Coil</strong>!<br></div><div class="battle-history"><small>The opposing Cortaderia's Attack rose!</small><br></div><div class="battle-history"><small>The opposing Cortaderia's Defense rose!</small><br></div><div class="battle-history"><small>The opposing Cortaderia's accuracy rose!</small><br></div><div class="spacer battle-history"><br></div><h2 class="battle-history">Turn 36</h2><div class="spacer battle-history"><br></div><div class="battle-history">The opposing Cortaderia used <strong>Dragon Rush</strong>!<br></div><div class="battle-history"><small>It's super effective!</small><br></div><div class="battle-history"><small>(Cloudy lost <abbr title="−406/459">88.5%</abbr> of its health!)</small><br></div><div class="spacer battle-history"><br></div><div class="battle-history">Cloudy flinched and couldn't move!<br></div><div class="spacer battle-history"><br></div><div class="battle-history"><small>Cloudy restored a little HP using its Leftovers!</small><br></div><div class="spacer battle-history"><br></div><h2 class="battle-history">Turn 37</h2><div class="chat chatmessage-inkbug1 mine"><strong style="color:#e46e0f"><small>☆</small><span class="username" data-name="inkbug1">inkbug1</span>:</strong> <em>NOO</em></div><div class="chat chatmessage-h2opulse"><strong style="color:#6e8c2b"><small>☆</small><span class="username" data-name="H2OPulse">H2OPulse</span>:</strong> <em>Ooffff</em></div><div class="chat chatmessage-h2opulse"><strong style="color:#6e8c2b"><small>☆</small><span class="username" data-name="H2OPulse">H2OPulse</span>:</strong> <em>I am so sorry</em></div><div class="chat chatmessage-inkbug1 mine"><strong style="color:#e46e0f"><small>☆</small><span class="username" data-name="inkbug1">inkbug1</span>:</strong> <em>wellp</em></div><div class="spacer battle-history"><br></div><div class="battle-history">Cloudy, come back!<br></div><div class="battle-history">Go! Calzone (<strong>Magnezone</strong>)!<br></div><div class="spacer battle-history"><br></div><div class="battle-history">The opposing Cortaderia used <strong>Facade</strong>!<br></div><div class="battle-history"><small>It's not very effective...</small><br></div><div class="battle-history"><small>(Calzone lost <abbr title="−66/343">19.2%</abbr> of its health!)</small><br></div><div class="spacer battle-history"><br></div><div class="battle-history"><small>Calzone restored a little HP using its Leftovers!</small><br></div><div class="spacer battle-history"><br></div><h2 class="battle-history">Turn 38</h2><div class="spacer battle-history"><br></div><div class="battle-history">The opposing Cortaderia used <strong>Coil</strong>!<br></div><div class="battle-history"><small>The opposing Cortaderia's Attack rose!</small><br></div><div class="battle-history"><small>The opposing Cortaderia's Defense won't go any higher!</small><br></div><div class="battle-history"><small>The opposing Cortaderia's accuracy won't go any higher!</small><br></div><div class="spacer battle-history"><br></div><div class="battle-history">Calzone used <strong>Iron Defense</strong>!<br></div><div class="battle-history"><small>Calzone's Defense rose sharply!</small><br></div><div class="spacer battle-history"><br></div><div class="battle-history"><small>Calzone restored a little HP using its Leftovers!</small><br></div><div class="spacer battle-history"><br></div><h2 class="battle-history">Turn 39</h2><div class="spacer battle-history"><br></div><div class="battle-history">The opposing Cortaderia used <strong>Coil</strong>!<br></div><div class="battle-history"><small>The opposing Cortaderia's Attack rose!</small><br></div><div class="battle-history"><small>The opposing Cortaderia's Defense won't go any higher!</small><br></div><div class="battle-history"><small>The opposing Cortaderia's accuracy won't go any higher!</small><br></div><div class="spacer battle-history"><br></div><div class="battle-history">Calzone used <strong>Iron Defense</strong>!<br></div><div class="battle-history"><small>Calzone's Defense rose sharply!</small><br></div><div class="spacer battle-history"><br></div><div class="battle-history"><small>Calzone restored a little HP using its Leftovers!</small><br></div><div class="spacer battle-history"><br></div><h2 class="battle-history">Turn 40</h2><div class="spacer battle-history"><br></div><div class="battle-history">The opposing Cortaderia used <strong>Coil</strong>!<br></div><div class="battle-history"><small>The opposing Cortaderia's Attack rose!</small><br></div><div class="battle-history"><small>The opposing Cortaderia's Defense won't go any higher!</small><br></div><div class="battle-history"><small>The opposing Cortaderia's accuracy won't go any higher!</small><br></div><div class="spacer battle-history"><br></div><div class="battle-history">Calzone used <strong>Iron Defense</strong>!<br></div><div class="battle-history"><small>Calzone's Defense rose sharply!</small><br></div><div class="spacer battle-history"><br></div><div class="battle-history"><small>Calzone restored a little HP using its Leftovers!</small><br></div><div class="spacer battle-history"><br></div><h2 class="battle-history">Turn 41</h2><div class="spacer battle-history"><br></div><div class="battle-history">The opposing Cortaderia used <strong>Roost</strong>!<br></div><div class="battle-history"><small>The opposing Cortaderia had its HP restored.</small><br></div><div class="spacer battle-history"><br></div><div class="battle-history">Calzone used <strong>Body Press</strong>!<br></div><div class="battle-history"><small>It's super effective!</small><br></div><div class="battle-history"><small>(The opposing Cortaderia lost 28% of its health!)</small><br></div><div class="spacer battle-history"><br></div><h2 class="battle-history">Turn 42</h2><div class="chat chatmessage-inkbug1 mine"><strong style="color:#e46e0f"><small>☆</small><span class="username" data-name="inkbug1">inkbug1</span>:</strong> <em>uff</em></div><div class="chat chatmessage-inkbug1 mine"><strong style="color:#e46e0f"><small>☆</small><span class="username" data-name="inkbug1">inkbug1</span>:</strong> <em>i dont like that</em></div><div class="spacer battle-history"><br></div><div class="battle-history">The opposing Cortaderia used <strong>Dragon Rush</strong>!<br></div><div class="battle-history"><small>It's not very effective...</small><br></div><div class="battle-history"><small>(Calzone lost <abbr title="−54/343">15.7%</abbr> of its health!)</small><br></div><div class="spacer battle-history"><br></div><div class="battle-history">Calzone flinched and couldn't move!<br></div><div class="spacer battle-history"><br></div><div class="battle-history"><small>Calzone restored a little HP using its Leftovers!</small><br></div><div class="spacer battle-history"><br></div><h2 class="battle-history">Turn 43</h2><div class="spacer battle-history"><br></div><div class="battle-history">The opposing Cortaderia used <strong>Coil</strong>!<br></div><div class="battle-history"><small>The opposing Cortaderia's Attack rose!</small><br></div><div class="battle-history"><small>The opposing Cortaderia's Defense won't go any higher!</small><br></div><div class="battle-history"><small>The opposing Cortaderia's accuracy won't go any higher!</small><br></div><div class="spacer battle-history"><br></div><div class="battle-history">Calzone used <strong>Discharge</strong>!<br></div><div class="battle-history"><small>It's not very effective...</small><br></div><div class="battle-history"><small>(The opposing Cortaderia lost 15% of its health!)</small><br></div><div class="battle-history"><small>The opposing Cortaderia is paralyzed! It may be unable to move!</small><br></div><div class="spacer battle-history"><br></div><div class="battle-history"><small>Calzone restored a little HP using its Leftovers!</small><br></div><div class="spacer battle-history"><br></div><h2 class="battle-history">Turn 44</h2><div class="spacer battle-history"><br></div><div class="battle-history">Calzone used <strong>Body Press</strong>!<br></div><div class="battle-history"><small>It's super effective!</small><br></div><div class="battle-history"><small>A critical hit!</small><br></div><div class="battle-history"><small>(The opposing Cortaderia lost 57% of its health!)</small><br></div><div class="spacer battle-history"><br></div><div class="battle-history">The opposing Cortaderia fainted!<br></div><div class="spacer battle-history"><br></div><div class="battle-history"><small>Calzone restored a little HP using its Leftovers!</small><br></div><div class="chat chatmessage-inkbug1 mine"><strong style="color:#e46e0f"><small>☆</small><span class="username" data-name="inkbug1">inkbug1</span>:</strong> <em>all the ha</em></div><div class="chat chatmessage-inkbug1 mine"><strong style="color:#e46e0f"><small>☆</small><span class="username" data-name="inkbug1">inkbug1</span>:</strong> <em>i</em></div><div class="spacer battle-history"><br></div><div class="battle-history">H2OPulse sent out Rosemary (<strong>Poultergeist-Headless</strong>)!<br></div><div class="battle-history"><small>The opposing Rosemary was caught in a sticky web!</small><br></div><div class="battle-history"><small>The opposing Rosemary's Speed fell!</small><br></div><div class="spacer battle-history"><br></div><h2 class="battle-history">Turn 45</h2><div class="chat chatmessage-inkbug1 mine"><strong style="color:#e46e0f"><small>☆</small><span class="username" data-name="inkbug1">inkbug1</span>:</strong> <em>I WAS </em></div><div class="chat chatmessage-h2opulse"><strong style="color:#6e8c2b"><small>☆</small><span class="username" data-name="H2OPulse">H2OPulse</span>:</strong> <em>F a i r</em></div><div class="chat chatmessage-inkbug1 mine"><strong style="color:#e46e0f"><small>☆</small><span class="username" data-name="inkbug1">inkbug1</span>:</strong> <em>in the middle of typing </em></div><div class="chat chatmessage-h2opulse"><strong style="color:#6e8c2b"><small>☆</small><span class="username" data-name="H2OPulse">H2OPulse</span>:</strong> <em>I was asking for it to be honest :'D</em></div><div class="chat chatmessage-inkbug1 mine"><strong style="color:#e46e0f"><small>☆</small><span class="username" data-name="inkbug1">inkbug1</span>:</strong> <em>"all the hax you get here is just repayment for that turn-one crit on spilly a couple games ago"</em></div><div class="chat chatmessage-h2opulse"><strong style="color:#6e8c2b"><small>☆</small><span class="username" data-name="H2OPulse">H2OPulse</span>:</strong> <em>p F</em></div><div class="chat chatmessage-inkbug1 mine"><strong style="color:#e46e0f"><small>☆</small><span class="username" data-name="inkbug1">inkbug1</span>:</strong> <em>when tht happened</em></div><div class="spacer battle-history"><br></div><div class="battle-history">Calzone, come back!<br></div><div class="battle-history">Go! Octo Eight-Step (<strong>Neuroboxin</strong>)!<br></div><div class="battle-history">[Octo Eight-Step's Trace]<br>[Octo Eight-Step's Wonder Guard]<br><small>Octo Eight-Step traced the opposing Rosemary's Wonder Guard!</small><br></div><div class="spacer battle-history"><br></div><div class="battle-history">The opposing Rosemary used <strong>Overheat</strong>!<br></div><div class="battle-history">[Octo Eight-Step's Wonder Guard]<br><small>It doesn't affect Octo Eight-Step...</small><br></div><div class="spacer battle-history"><br></div><h2 class="battle-history">Turn 46</h2><div class="spacer battle-history"><br></div><div class="battle-history">H2OPulse withdrew Rosemary!<br></div><div class="battle-history">H2OPulse sent out Ambrosioides (<strong>Zygarde-10%</strong>)!<br></div><div class="battle-history"><small>The opposing Ambrosioides was caught in a sticky web!</small><br></div><div class="battle-history"><small>The opposing Ambrosioides's Speed fell!</small><br></div><div class="battle-history">[The opposing Ambrosioides's Aura Break]<br><small>The opposing Ambrosioides reversed all other Pokémon's auras!</small><br></div><div class="spacer battle-history"><br></div><div class="battle-history">Octo Eight-Step used <strong>Gunk Shot</strong>!<br></div><div class="battle-history"><small>It's not very effective...</small><br></div><div class="battle-history"><small>(The opposing Ambrosioides lost 36% of its health!)</small><br></div><div class="battle-history"><small>The opposing Ambrosioides was poisoned!</small><br></div><div class="spacer battle-history"><br></div><div class="battle-history"><small>The opposing Ambrosioides was hurt by poison!</small><br></div><div class="spacer battle-history"><br></div><h2 class="battle-history">Turn 47</h2><div class="spacer battle-history"><br></div><div class="battle-history">Octo Eight-Step, come back!<br></div><div class="battle-history">Go! Weaver (<strong>Araquanid</strong>)!<br></div><div class="spacer battle-history"><br></div><div class="battle-history">The opposing Ambrosioides used <strong>Thousand Arrows</strong>!<br></div><div class="battle-history"><small>It's not very effective...</small><br></div><div class="battle-history"><small>(Weaver lost <abbr title="−85/339">25.1%</abbr> of its health!)</small><br></div><div class="spacer battle-history"><br></div><div class="battle-history"><small>The opposing Ambrosioides was hurt by poison!</small><br></div><div class="spacer battle-history"><br></div><h2 class="battle-history">Turn 48</h2><div class="spacer battle-history"><br></div><div class="battle-history">The opposing Ambrosioides used <strong>Thousand Arrows</strong>!<br></div><div class="battle-history"><small>It's not very effective...</small><br></div><div class="battle-history"><small>(Weaver lost <abbr title="−75/339">22.1%</abbr> of its health!)</small><br></div><div class="spacer battle-history"><br></div><div class="battle-history">Weaver fainted!<br></div><div class="spacer battle-history"><br></div><div class="battle-history"><small>The opposing Ambrosioides was hurt by poison!</small><br></div><div class="chat chatmessage-inkbug1 mine"><strong style="color:#e46e0f"><small>☆</small><span class="username" data-name="inkbug1">inkbug1</span>:</strong> <em>ouchie</em></div><div class="spacer battle-history"><br></div><div class="battle-history">Go! Octo Eight-Step (<strong>Neuroboxin</strong>)!<br></div><div class="battle-history">[Octo Eight-Step's Trace]<br>[Octo Eight-Step's Aura Break]<br><small>Octo Eight-Step traced the opposing Ambrosioides's Aura Break!</small><br></div><div class="battle-history">[Octo Eight-Step's Aura Break]<br><small>Octo Eight-Step reversed all other Pokémon's auras!</small><br></div><div class="spacer battle-history"><br></div><h2 class="battle-history">Turn 49</h2><div class="spacer battle-history"><br></div><div class="battle-history">Octo Eight-Step used <strong>Lunge</strong>!<br></div><div class="battle-history"><small>(The opposing Ambrosioides lost 27% of its health!)</small><br></div><div class="spacer battle-history"><br></div><div class="battle-history">The opposing Ambrosioides fainted!<br></div><div class="chat chatmessage-inkbug1 mine"><strong style="color:#e46e0f"><small>☆</small><span class="username" data-name="inkbug1">inkbug1</span>:</strong> <em>wait th</em></div><div class="chat chatmessage-inkbug1 mine"><strong style="color:#e46e0f"><small>☆</small><span class="username" data-name="inkbug1">inkbug1</span>:</strong> <em>okay</em></div><div class="chat chatmessage-inkbug1 mine"><strong style="color:#e46e0f"><small>☆</small><span class="username" data-name="inkbug1">inkbug1</span>:</strong> <em>sure</em></div><div class="chat chatmessage-h2opulse"><strong style="color:#6e8c2b"><small>☆</small><span class="username" data-name="H2OPulse">H2OPulse</span>:</strong> <em>Oh Hm</em></div><div class="chat"><small>☆H2OPulse left</small></div><div class="chat chatmessage-inkbug1 mine"><strong style="color:#e46e0f"><small>☆</small><span class="username" data-name="inkbug1">inkbug1</span>:</strong> <em>i thought i would outspeed but i was not expecting that to ko</em></div><div class="chat"><small>☆H2OPulse joined</small></div><div class="chat chatmessage-h2opulse"><strong style="color:#6e8c2b"><small>☆</small><span class="username" data-name="H2OPulse">H2OPulse</span>:</strong> <em>HI SORRY</em></div><div class="chat chatmessage-h2opulse"><strong style="color:#6e8c2b"><small>☆</small><span class="username" data-name="H2OPulse">H2OPulse</span>:</strong> <em>My phone died oops</em></div><div class="chat chatmessage-inkbug1 mine"><strong style="color:#e46e0f"><small>☆</small><span class="username" data-name="inkbug1">inkbug1</span>:</strong> <em>ur good ! </em></div><div class="chat chatmessage-inkbug1 mine"><strong style="color:#e46e0f"><small>☆</small><span class="username" data-name="inkbug1">inkbug1</span>:</strong> <em>i had time to go refill my water :D</em></div><div class="chat chatmessage-h2opulse"><strong style="color:#6e8c2b"><small>☆</small><span class="username" data-name="H2OPulse">H2OPulse</span>:</strong> <em>Okay I am in an unbelievable amount of danger right now</em></div><div class="spacer battle-history"><br></div><div class="battle-history">H2OPulse sent out Rosemary (<strong>Poultergeist-Headless</strong>)!<br></div><div class="battle-history"><small>The opposing Rosemary was caught in a sticky web!</small><br></div><div class="battle-history"><small>The opposing Rosemary's Speed fell!</small><br></div><div class="spacer battle-history"><br></div><h2 class="battle-history">Turn 50</h2><div class="chat chatmessage-inkbug1 mine"><strong style="color:#e46e0f"><small>☆</small><span class="username" data-name="inkbug1">inkbug1</span>:</strong> <em>yeah wow boxin is not slacking today</em></div><div class="spacer battle-history"><br></div><div class="battle-history">Octo Eight-Step, come back!<br></div><div class="battle-history">Go! Butterknife (<strong>Eelektross</strong>)!<br></div><div class="spacer battle-history"><br></div><div class="battle-history">The opposing Rosemary used <strong>Overheat</strong>!<br></div><div class="battle-history"><small>Butterknife avoided the attack!</small><br></div><div class="spacer battle-history"><br></div><h2 class="battle-history">Turn 51</h2><div class="chat chatmessage-inkbug1 mine"><strong style="color:#e46e0f"><small>☆</small><span class="username" data-name="inkbug1">inkbug1</span>:</strong> <em>oh oop </em></div><div class="spacer battle-history"><br></div><div class="battle-history">The opposing Rosemary used <strong>Overheat</strong>!<br></div><div class="battle-history"><small>(Butterknife lost <abbr title="−86/374">23.0%</abbr> of its health!)</small><br></div><div class="battle-history"><small>The opposing Rosemary's Sp. Atk fell harshly!</small><br></div><div class="spacer battle-history"><br></div><div class="battle-history">Butterknife fainted!<br></div><div class="spacer battle-history"><br></div><div class="battle-history">Go! Octo Eight-Step (<strong>Neuroboxin</strong>)!<br></div><div class="battle-history">[Octo Eight-Step's Trace]<br>[Octo Eight-Step's Wonder Guard]<br><small>Octo Eight-Step traced the opposing Rosemary's Wonder Guard!</small><br></div><div class="spacer battle-history"><br></div><h2 class="battle-history">Turn 52</h2><div class="chat chatmessage-h2opulse"><strong style="color:#6e8c2b"><small>☆</small><span class="username" data-name="H2OPulse">H2OPulse</span>:</strong> <em>Part of me wants to say "why did I leave myself open to that I do not have any means to touch you" and the other part recognizes that there was not really any alternative</em></div><div class="chat chatmessage-h2opulse"><strong style="color:#6e8c2b"><small>☆</small><span class="username" data-name="H2OPulse">H2OPulse</span>:</strong> <em>so uh!!! yeah I was pretty much cornered already :'D</em></div><div class="chat chatmessage-h2opulse"><strong style="color:#6e8c2b"><small>☆</small><span class="username" data-name="H2OPulse">H2OPulse</span>:</strong> <em>Good game!!!</em></div><div class="spacer battle-history"><br></div><div class="battle-history">H2OPulse withdrew Rosemary!<br></div><div class="battle-history">H2OPulse sent out Cattail (<strong>Vaporeon</strong>)!<br></div><div class="battle-history"><small>The opposing Cattail was caught in a sticky web!</small><br></div><div class="battle-history"><small>The opposing Cattail's Speed fell!</small><br></div><div class="spacer battle-history"><br></div><div class="battle-history">Octo Eight-Step used <strong>Gunk Shot</strong>!<br></div><div class="battle-history"><small>(The opposing Cattail lost 30% of its health!)</small><br></div><div class="battle-history"><small>The opposing Cattail was poisoned!</small><br></div><div class="spacer battle-history"><br></div><div class="battle-history"><small>The opposing Cattail restored a little HP using its Leftovers!</small><br></div><div class="battle-history"><small>The opposing Cattail was hurt by poison!</small><br></div><div class="spacer battle-history"><br></div><h2 class="battle-history">Turn 53</h2><div class="spacer battle-history"><br></div><div class="battle-history">H2OPulse withdrew Cattail!<br></div><div class="battle-history">H2OPulse sent out Rosemary (<strong>Poultergeist-Headless</strong>)!<br></div><div class="battle-history"><small>The opposing Rosemary was caught in a sticky web!</small><br></div><div class="battle-history"><small>The opposing Rosemary's Speed fell!</small><br></div><div class="spacer battle-history"><br></div><div class="battle-history">Octo Eight-Step used <strong>Gunk Shot</strong>!<br></div><div class="battle-history">[The opposing Rosemary's Wonder Guard]<br><small>It doesn't affect the opposing Rosemary...</small><br></div><div class="spacer battle-history"><br></div><h2 class="battle-history">Turn 54</h2><div class="spacer battle-history"><br></div><div class="battle-history">The opposing Rosemary used <strong>Will-O-Wisp</strong>!<br></div><div class="battle-history"><small>Octo Eight-Step was burned!</small><br></div><div class="spacer battle-history"><br></div><div class="battle-history">Octo Eight-Step used <strong>Gunk Shot</strong>!<br></div><div class="battle-history">[The opposing Rosemary's Wonder Guard]<br><small>It doesn't affect the opposing Rosemary...</small><br></div><div class="spacer battle-history"><br></div><div class="battle-history"><small>Octo Eight-Step was hurt by its burn!</small><br></div><div class="spacer battle-history"><br></div><h2 class="battle-history">Turn 55</h2><div class="chat chatmessage-inkbug1 mine"><strong style="color:#e46e0f"><small>☆</small><span class="username" data-name="inkbug1">inkbug1</span>:</strong> <em>oookay fair</em></div><div class="spacer battle-history"><br></div><div class="battle-history">H2OPulse withdrew Rosemary!<br></div><div class="battle-history">H2OPulse sent out Cattail (<strong>Vaporeon</strong>)!<br></div><div class="battle-history"><small>The opposing Cattail was caught in a sticky web!</small><br></div><div class="battle-history"><small>The opposing Cattail's Speed fell!</small><br></div><div class="spacer battle-history"><br></div><div class="battle-history">Octo Eight-Step used <strong>Knock Off</strong>!<br></div><div class="battle-history"><small>(The opposing Cattail lost 9% of its health!)</small><br></div><div class="battle-history"><small>Octo Eight-Step knocked off the opposing Cattail's Leftovers!</small><br></div><div class="spacer battle-history"><br></div><div class="battle-history"><small>Octo Eight-Step was hurt by its burn!</small><br></div><div class="battle-history"><small>The opposing Cattail was hurt by poison!</small><br></div><div class="spacer battle-history"><br></div><h2 class="battle-history">Turn 56</h2><div class="chat chatmessage-h2opulse"><strong style="color:#6e8c2b"><small>☆</small><span class="username" data-name="H2OPulse">H2OPulse</span>:</strong> <em>Howww long can I stall here</em></div><div class="spacer battle-history"><br></div><div class="battle-history">Octo Eight-Step, come back!<br></div><div class="battle-history">Go! Cloudy (<strong>Flufnir</strong>)!<br></div><div class="spacer battle-history"><br></div><div class="battle-history">The opposing Cattail used <strong>Wish</strong>!<br></div><div class="spacer battle-history"><br></div><div class="battle-history"><small>Cloudy restored a little HP using its Leftovers!</small><br></div><div class="battle-history"><small>The opposing Cattail was hurt by poison!</small><br></div><div class="spacer battle-history"><br></div><h2 class="battle-history">Turn 57</h2><div class="chat chatmessage-h2opulse"><strong style="color:#6e8c2b"><small>☆</small><span class="username" data-name="H2OPulse">H2OPulse</span>:</strong> <em>Not very</em></div><div class="spacer battle-history"><br></div><div class="battle-history">Cloudy used <strong>Heal Bell</strong>!<br></div><div class="battle-history"><small>A bell chimed!</small><br></div><div class="battle-history"><small>Octo Eight-Step's burn was healed!</small><br></div><div class="spacer battle-history"><br></div><div class="battle-history">The opposing Cattail used <strong>Toxic</strong>!<br></div><div class="battle-history"><small>Cloudy was badly poisoned!</small><br></div><div class="spacer battle-history"><br></div><div class="battle-history"><small>Cattail's wish came true!</small><br></div><div class="battle-history"><small>Cloudy restored a little HP using its Leftovers!</small><br></div><div class="battle-history"><small>Cloudy was hurt by poison!</small><br></div><div class="battle-history"><small>The opposing Cattail was hurt by poison!</small><br></div><div class="spacer battle-history"><br></div><h2 class="battle-history">Turn 58</h2><div class="chat chatmessage-h2opulse"><strong style="color:#6e8c2b"><small>☆</small><span class="username" data-name="H2OPulse">H2OPulse</span>:</strong> <em>Ooogh fair</em></div><div class="spacer battle-history"><br></div><div class="battle-history">Cloudy used <strong>U-turn</strong>!<br></div><div class="battle-history"><small>(The opposing Cattail lost 20% of its health!)</small><br></div><div class="spacer battle-history"><br></div><div class="battle-history">Cloudy went back to inkbug1!<br></div><div class="battle-history">Go! Calzone (<strong>Magnezone</strong>)!<br></div><div class="spacer battle-history"><br></div><div class="battle-history">The opposing Cattail used <strong>Wish</strong>!<br></div><div class="spacer battle-history"><br></div><div class="battle-history"><small>The opposing Cattail was hurt by poison!</small><br></div><div class="spacer battle-history"><br></div><h2 class="battle-history">Turn 59</h2><div class="chat chatmessage-h2opulse"><strong style="color:#6e8c2b"><small>☆</small><span class="username" data-name="H2OPulse">H2OPulse</span>:</strong> <em>Hm do I have</em></div><div class="chat chatmessage-h2opulse"><strong style="color:#6e8c2b"><small>☆</small><span class="username" data-name="H2OPulse">H2OPulse</span>:</strong> <em>ANY choice but to take the bait here</em></div><div class="spacer battle-history"><br></div><div class="battle-history">H2OPulse withdrew Cattail!<br></div><div class="battle-history">H2OPulse sent out Rosemary (<strong>Poultergeist-Headless</strong>)!<br></div><div class="battle-history"><small>The opposing Rosemary was caught in a sticky web!</small><br></div><div class="battle-history"><small>The opposing Rosemary's Speed fell!</small><br></div><div class="spacer battle-history"><br></div><div class="battle-history">Calzone used <strong>Discharge</strong>!<br></div><div class="battle-history">[The opposing Rosemary's Wonder Guard]<br><small>It doesn't affect the opposing Rosemary...</small><br></div><div class="spacer battle-history"><br></div><h2 class="battle-history">Turn 60</h2><div class="spacer battle-history"><br></div><div class="battle-history">Calzone, come back!<br></div><div class="battle-history">Go! Octo Eight-Step (<strong>Neuroboxin</strong>)!<br></div><div class="battle-history">[Octo Eight-Step's Trace]<br>[Octo Eight-Step's Wonder Guard]<br><small>Octo Eight-Step traced the opposing Rosemary's Wonder Guard!</small><br></div><div class="spacer battle-history"><br></div><div class="battle-history">The opposing Rosemary used <strong>Overheat</strong>!<br></div><div class="battle-history">[Octo Eight-Step's Wonder Guard]<br><small>It doesn't affect Octo Eight-Step...</small><br></div><div class="spacer battle-history"><br></div><h2 class="battle-history">Turn 61</h2><div class="chat chatmessage-inkbug1 mine"><strong style="color:#e46e0f"><small>☆</small><span class="username" data-name="inkbug1">inkbug1</span>:</strong> <em>i think if id clicked switch there i wouldve switched first bc of speed </em></div><div class="chat chatmessage-inkbug1 mine"><strong style="color:#e46e0f"><small>☆</small><span class="username" data-name="inkbug1">inkbug1</span>:</strong> <em>and traced water absorb</em></div><div class="chat chatmessage-h2opulse"><strong style="color:#6e8c2b"><small>☆</small><span class="username" data-name="H2OPulse">H2OPulse</span>:</strong> <em><span class="greentext">&gt; [Invalid choice] There's nothing to cancel</span></em></div><div class="chat chatmessage-inkbug1 mine"><strong style="color:#e46e0f"><small>☆</small><span class="username" data-name="inkbug1">inkbug1</span>:</strong> <em>so </em></div><div class="chat chatmessage-h2opulse"><strong style="color:#6e8c2b"><small>☆</small><span class="username" data-name="H2OPulse">H2OPulse</span>:</strong> <em>Yeah fair,,</em></div><div class="spacer battle-history"><br></div><div class="battle-history">H2OPulse withdrew Rosemary!<br></div><div class="battle-history">H2OPulse sent out Spilly (<strong>Araquanid</strong>)!<br></div><div class="spacer battle-history"><br></div><div class="battle-history">Octo Eight-Step used <strong>Knock Off</strong>!<br></div><div class="battle-history"><small>(The opposing Spilly lost 29% of its health!)</small><br></div><div class="battle-history"><small>Octo Eight-Step knocked off the opposing Spilly's Heavy-Duty Boots!</small><br></div><div class="spacer battle-history"><br></div><h2 class="battle-history">Turn 62</h2><div class="chat chatmessage-inkbug1 mine"><strong style="color:#e46e0f"><small>☆</small><span class="username" data-name="inkbug1">inkbug1</span>:</strong> <em>oh spillys here! </em></div><div class="chat chatmessage-inkbug1 mine"><strong style="color:#e46e0f"><small>☆</small><span class="username" data-name="inkbug1">inkbug1</span>:</strong> <em>cool</em></div><div class="chat chatmessage-h2opulse"><strong style="color:#6e8c2b"><small>☆</small><span class="username" data-name="H2OPulse">H2OPulse</span>:</strong> <em>PF right I keep forgetting you can't tell</em></div><div class="spacer battle-history"><br></div><div class="battle-history">Octo Eight-Step, come back!<br></div><div class="battle-history">Go! Calzone (<strong>Magnezone</strong>)!<br></div><div class="spacer battle-history"><br></div><div class="battle-history">The opposing Spilly used <strong>Sticky Web</strong>!<br></div><div class="battle-history"><small>A sticky web has been laid out on the ground around your team!</small><br></div><div class="spacer battle-history"><br></div><h2 class="battle-history">Turn 63</h2><div class="spacer battle-history"><br></div><div class="battle-history">H2OPulse withdrew Spilly!<br></div><div class="battle-history">H2OPulse sent out Rosemary (<strong>Poultergeist-Headless</strong>)!<br></div><div class="battle-history"><small>The opposing Rosemary was caught in a sticky web!</small><br></div><div class="battle-history"><small>The opposing Rosemary's Speed fell!</small><br></div><div class="spacer battle-history"><br></div><div class="battle-history">Calzone used <strong>Discharge</strong>!<br></div><div class="battle-history">[The opposing Rosemary's Wonder Guard]<br><small>It doesn't affect the opposing Rosemary...</small><br></div><div class="spacer battle-history"><br></div><h2 class="battle-history">Turn 64</h2><div class="spacer battle-history"><br></div><div class="battle-history">Calzone, come back!<br></div><div class="battle-history">Go! Octo Eight-Step (<strong>Neuroboxin</strong>)!<br></div><div class="battle-history">[Octo Eight-Step's Trace]<br>[Octo Eight-Step's Wonder Guard]<br><small>Octo Eight-Step traced the opposing Rosemary's Wonder Guard!</small><br></div><div class="spacer battle-history"><br></div><div class="battle-history">The opposing Rosemary used <strong>Will-O-Wisp</strong>!<br></div><div class="battle-history"><small>Octo Eight-Step was burned!</small><br></div><div class="spacer battle-history"><br></div><div class="battle-history"><small>Octo Eight-Step was hurt by its burn!</small><br></div><div class="spacer battle-history"><br></div><h2 class="battle-history">Turn 65</h2><div class="chat chatmessage-h2opulse"><strong style="color:#6e8c2b"><small>☆</small><span class="username" data-name="H2OPulse">H2OPulse</span>:</strong> <em>Yes it is 3-3 but I have nothing to touch Neuroboxin so</em></div><div class="chat chatmessage-h2opulse"><strong style="color:#6e8c2b"><small>☆</small><span class="username" data-name="H2OPulse">H2OPulse</span>:</strong> <em>Except this</em></div><div class="chat chatmessage-h2opulse"><strong style="color:#6e8c2b"><small>☆</small><span class="username" data-name="H2OPulse">H2OPulse</span>:</strong> <em>Repeatedly</em></div><div class="chat chatmessage-h2opulse"><strong style="color:#6e8c2b"><small>☆</small><span class="username" data-name="H2OPulse">H2OPulse</span>:</strong> <em>I am sure I will stall you out</em></div><div class="chat chatmessage-inkbug1 mine"><strong style="color:#e46e0f"><small>☆</small><span class="username" data-name="inkbug1">inkbug1</span>:</strong> <em>mmmmmmm</em></div><div class="spacer battle-history"><br></div><div class="battle-history">H2OPulse withdrew Rosemary!<br></div><div class="battle-history">H2OPulse sent out Cattail (<strong>Vaporeon</strong>)!<br></div><div class="battle-history"><small>The opposing Cattail was caught in a sticky web!</small><br></div><div class="battle-history"><small>The opposing Cattail's Speed fell!</small><br></div><div class="spacer battle-history"><br></div><div class="battle-history">Octo Eight-Step used <strong>Knock Off</strong>!<br></div><div class="battle-history"><small>(The opposing Cattail lost 6% of its health!)</small><br></div><div class="spacer battle-history"><br></div><div class="battle-history"><small>Octo Eight-Step was hurt by its burn!</small><br></div><div class="battle-history"><small>The opposing Cattail was hurt by poison!</small><br></div><div class="spacer battle-history"><br></div><h2 class="battle-history">Turn 66</h2><div class="spacer battle-history"><br></div><div class="battle-history">Octo Eight-Step, come back!<br></div><div class="battle-history">Go! Cloudy (<strong>Flufnir</strong>)!<br></div><div class="battle-history"><small>Cloudy was caught in a sticky web!</small><br></div><div class="battle-history"><small>Cloudy's Speed fell!</small><br></div><div class="spacer battle-history"><br></div><div class="battle-history">The opposing Cattail used <strong>Wish</strong>!<br></div><div class="spacer battle-history"><br></div><div class="battle-history"><small>Cloudy restored a little HP using its Leftovers!</small><br></div><div class="battle-history"><small>The opposing Cattail was hurt by poison!</small><br></div><div class="battle-history"><small>Cloudy was hurt by poison!</small><br></div><div class="spacer battle-history"><br></div><h2 class="battle-history">Turn 67</h2><div class="spacer battle-history"><br></div><div class="battle-history">The opposing Cattail used <strong>Flip Turn</strong>!<br></div><div class="battle-history"><small>It's not very effective...</small><br></div><div class="battle-history"><small>(Cloudy lost <abbr title="−19/459">4.1%</abbr> of its health!)</small><br></div><div class="spacer battle-history"><br></div><div class="battle-history">H2OPulse withdrew Cattail!<br></div><div class="battle-history">H2OPulse sent out Spilly (<strong>Araquanid</strong>)!<br></div><div class="battle-history"><small>The opposing Spilly was caught in a sticky web!</small><br></div><div class="battle-history"><small>The opposing Spilly's Speed fell!</small><br></div><div class="spacer battle-history"><br></div><div class="battle-history">Cloudy used <strong>Heal Bell</strong>!<br></div><div class="battle-history"><small>A bell chimed!</small><br></div><div class="battle-history"><small>Cloudy was cured of its poisoning!</small><br></div><div class="battle-history"><small>Octo Eight-Step's burn was healed!</small><br></div><div class="spacer battle-history"><br></div><div class="battle-history"><small>Cattail's wish came true!</small><br></div><div class="battle-history"><small>Cloudy restored a little HP using its Leftovers!</small><br></div><div class="spacer battle-history"><br></div><h2 class="battle-history">Turn 68</h2><div class="chat chatmessage-inkbug1 mine"><strong style="color:#e46e0f"><small>☆</small><span class="username" data-name="inkbug1">inkbug1</span>:</strong> <em>ah shit </em></div><div class="chat chatmessage-inkbug1 mine"><strong style="color:#e46e0f"><small>☆</small><span class="username" data-name="inkbug1">inkbug1</span>:</strong> <em>i was gonna switch </em></div><div class="chat chatmessage-inkbug1 mine"><strong style="color:#e46e0f"><small>☆</small><span class="username" data-name="inkbug1">inkbug1</span>:</strong> <em>and then i didnt</em></div><div class="spacer battle-history"><br></div><div class="battle-history">The opposing Spilly used <strong>Liquidation</strong>!<br></div><div class="battle-history"><small>It's not very effective...</small><br></div><div class="battle-history"><small>(Cloudy lost <abbr title="−87/459">19.0%</abbr> of its health!)</small><br></div><div class="spacer battle-history"><br></div><div class="battle-history">Cloudy used <strong>Roost</strong>!<br></div><div class="battle-history"><small>Cloudy had its HP restored.</small><br></div><div class="spacer battle-history"><br></div><div class="battle-history"><small>Cloudy restored a little HP using its Leftovers!</small><br></div><div class="spacer battle-history"><br></div><h2 class="battle-history">Turn 69</h2><div class="chat chatmessage-h2opulse"><strong style="color:#6e8c2b"><small>☆</small><span class="username" data-name="H2OPulse">H2OPulse</span>:</strong> <em>rIGHT FLUFFY okay</em></div><div class="spacer battle-history"><br></div><div class="battle-history">The opposing Spilly used <strong>Toxic</strong>!<br></div><div class="battle-history"><small>Cloudy was badly poisoned!</small><br></div><div class="spacer battle-history"><br></div><div class="battle-history">Cloudy used <strong>U-turn</strong>!<br></div><div class="battle-history"><small>(The opposing Spilly lost 33% of its health!)</small><br></div><div class="spacer battle-history"><br></div><div class="battle-history">Cloudy went back to inkbug1!<br></div><div class="battle-history">Go! Calzone (<strong>Magnezone</strong>)!<br></div><div class="battle-history"><small>Calzone was caught in a sticky web!</small><br></div><div class="battle-history"><small>Calzone's Speed fell!</small><br></div><div class="spacer battle-history"><br></div><h2 class="battle-history">Turn 70</h2><div class="spacer battle-history"><br></div><div class="battle-history">H2OPulse withdrew Spilly!<br></div><div class="battle-history">H2OPulse sent out Rosemary (<strong>Poultergeist-Headless</strong>)!<br></div><div class="battle-history"><small>The opposing Rosemary was caught in a sticky web!</small><br></div><div class="battle-history"><small>The opposing Rosemary's Speed fell!</small><br></div><div class="spacer battle-history"><br></div><div class="battle-history">Calzone, come back!<br></div><div class="battle-history">Go! Octo Eight-Step (<strong>Neuroboxin</strong>)!<br></div><div class="battle-history">[Octo Eight-Step's Trace]<br>[Octo Eight-Step's Wonder Guard]<br><small>Octo Eight-Step traced the opposing Rosemary's Wonder Guard!</small><br></div><div class="spacer battle-history"><br></div><h2 class="battle-history">Turn 71</h2><div class="chat chatmessage-inkbug1 mine"><strong style="color:#e46e0f"><small>☆</small><span class="username" data-name="inkbug1">inkbug1</span>:</strong> <em>ope</em></div><div class="chat chatmessage-h2opulse"><strong style="color:#6e8c2b"><small>☆</small><span class="username" data-name="H2OPulse">H2OPulse</span>:</strong> <em>h n</em></div><div class="chat chatmessage-h2opulse"><strong style="color:#6e8c2b"><small>☆</small><span class="username" data-name="H2OPulse">H2OPulse</span>:</strong> <em>I am so scared</em></div><div class="chat chatmessage-inkbug1 mine"><strong style="color:#e46e0f"><small>☆</small><span class="username" data-name="inkbug1">inkbug1</span>:</strong> <em>i win either way the switch tie goes </em></div><div class="chat chatmessage-inkbug1 mine"><strong style="color:#e46e0f"><small>☆</small><span class="username" data-name="inkbug1">inkbug1</span>:</strong> <em>cuz water bubble gives me burn immunity </em></div><div class="chat chatmessage-inkbug1 mine"><strong style="color:#e46e0f"><small>☆</small><span class="username" data-name="inkbug1">inkbug1</span>:</strong> <em>and a fire resist</em></div><div class="chat chatmessage-h2opulse"><strong style="color:#6e8c2b"><small>☆</small><span class="username" data-name="H2OPulse">H2OPulse</span>:</strong> <em>Oh man yea h</em></div><div class="chat chatmessage-inkbug1 mine"><strong style="color:#e46e0f"><small>☆</small><span class="username" data-name="inkbug1">inkbug1</span>:</strong> <em>hex could maybe kill actually idk</em></div><div class="chat chatmessage-h2opulse"><strong style="color:#6e8c2b"><small>☆</small><span class="username" data-name="H2OPulse">H2OPulse</span>:</strong> <em>Well I mean</em></div><div class="spacer battle-history"><br></div><div class="battle-history">The opposing Rosemary used <strong>Will-O-Wisp</strong>!<br></div><div class="battle-history"><small>Octo Eight-Step avoided the attack!</small><br></div><div class="spacer battle-history"><br></div><div class="battle-history">Octo Eight-Step used <strong>Knock Off</strong>!<br></div><div class="battle-history"><small>It's super effective!</small><br></div><div class="battle-history"><small>(The opposing Rosemary lost 100% of its health!)</small><br></div><div class="battle-history"><small>Octo Eight-Step knocked off the opposing Rosemary's Choice Scarf!</small><br></div><div class="spacer battle-history"><br></div><div class="battle-history">The opposing Rosemary fainted!<br></div><div class="chat chatmessage-h2opulse"><strong style="color:#6e8c2b"><small>☆</small><span class="username" data-name="H2OPulse">H2OPulse</span>:</strong> <em>If you end up in with Water Bubble and I end up with Poult</em></div><div class="chat chatmessage-h2opulse"><strong style="color:#6e8c2b"><small>☆</small><span class="username" data-name="H2OPulse">H2OPulse</span>:</strong> <em>yeah</em></div><div class="chat chatmessage-h2opulse"><strong style="color:#6e8c2b"><small>☆</small><span class="username" data-name="H2OPulse">H2OPulse</span>:</strong> <em>Okay fair</em></div><div class="chat chatmessage-inkbug1 mine"><strong style="color:#e46e0f"><small>☆</small><span class="username" data-name="inkbug1">inkbug1</span>:</strong> <em>phew</em></div><div class="chat chatmessage-inkbug1 mine"><strong style="color:#e46e0f"><small>☆</small><span class="username" data-name="inkbug1">inkbug1</span>:</strong> <em>man giving that thing a scarf was </em></div><div class="chat chatmessage-inkbug1 mine"><strong style="color:#e46e0f"><small>☆</small><span class="username" data-name="inkbug1">inkbug1</span>:</strong> <em>a big headache</em></div><div class="chat chatmessage-h2opulse"><strong style="color:#6e8c2b"><small>☆</small><span class="username" data-name="H2OPulse">H2OPulse</span>:</strong> <em>G o o d   g a m e :'D</em></div><div class="chat chatmessage-h2opulse"><strong style="color:#6e8c2b"><small>☆</small><span class="username" data-name="H2OPulse">H2OPulse</span>:</strong> <em>P f</em></div><div class="chat chatmessage-inkbug1 mine"><strong style="color:#e46e0f"><small>☆</small><span class="username" data-name="inkbug1">inkbug1</span>:</strong> <em>meant to pass that off to vaporeon</em></div><div class="spacer battle-history"><br></div><div class="battle-history">H2OPulse sent out Spilly (<strong>Araquanid</strong>)!<br></div><div class="battle-history"><small>The opposing Spilly was caught in a sticky web!</small><br></div><div class="battle-history"><small>The opposing Spilly's Speed fell!</small><br></div><div class="spacer battle-history"><br></div><h2 class="battle-history">Turn 72</h2><div class="chat chatmessage-inkbug1 mine"><strong style="color:#e46e0f"><small>☆</small><span class="username" data-name="inkbug1">inkbug1</span>:</strong> <em>neuroboxin my beloved</em></div><div class="spacer battle-history"><br></div><div class="battle-history">Octo Eight-Step, come back!<br></div><div class="battle-history">Go! Calzone (<strong>Magnezone</strong>)!<br></div><div class="battle-history"><small>Calzone was caught in a sticky web!</small><br></div><div class="battle-history"><small>Calzone's Speed fell!</small><br></div><div class="spacer battle-history"><br></div><div class="battle-history">The opposing Spilly used <strong>Liquidation</strong>!<br></div><div class="battle-history"><small>A critical hit!</small><br></div><div class="battle-history"><small>(Calzone lost <abbr title="−283/343">82.5%</abbr> of its health!)</small><br></div><div class="battle-history"><small>Calzone's Defense fell!</small><br></div><div class="spacer battle-history"><br></div><div class="battle-history"><small>Calzone restored a little HP using its Leftovers!</small><br></div><div class="spacer battle-history"><br></div><h2 class="battle-history">Turn 73</h2><div class="chat chatmessage-h2opulse"><strong style="color:#6e8c2b"><small>☆</small><span class="username" data-name="H2OPulse">H2OPulse</span>:</strong> <em>Huh did you</em></div><div class="chat chatmessage-inkbug1 mine"><strong style="color:#e46e0f"><small>☆</small><span class="username" data-name="inkbug1">inkbug1</span>:</strong> <em>i deserve that</em></div><div class="chat chatmessage-h2opulse"><strong style="color:#6e8c2b"><small>☆</small><span class="username" data-name="H2OPulse">H2OPulse</span>:</strong> <em>mean to switch there</em></div><div class="chat chatmessage-inkbug1 mine"><strong style="color:#e46e0f"><small>☆</small><span class="username" data-name="inkbug1">inkbug1</span>:</strong> <em>i did </em></div><div class="chat chatmessage-h2opulse"><strong style="color:#6e8c2b"><small>☆</small><span class="username" data-name="H2OPulse">H2OPulse</span>:</strong> <em>you had Wonder Guard</em></div><div class="chat chatmessage-inkbug1 mine"><strong style="color:#e46e0f"><small>☆</small><span class="username" data-name="inkbug1">inkbug1</span>:</strong> <em>oh </em></div><div class="chat chatmessage-inkbug1 mine"><strong style="color:#e46e0f"><small>☆</small><span class="username" data-name="inkbug1">inkbug1</span>:</strong> <em>i forgot</em></div><div class="chat chatmessage-h2opulse"><strong style="color:#6e8c2b"><small>☆</small><span class="username" data-name="H2OPulse">H2OPulse</span>:</strong> <em>p f</em></div><div class="chat chatmessage-inkbug1 mine"><strong style="color:#e46e0f"><small>☆</small><span class="username" data-name="inkbug1">inkbug1</span>:</strong> <em>i was like</em></div><div class="chat chatmessage-inkbug1 mine"><strong style="color:#e46e0f"><small>☆</small><span class="username" data-name="inkbug1">inkbug1</span>:</strong> <em>oh i need to get water absorb</em></div><div class="spacer battle-history"><br></div><div class="battle-history">The opposing Spilly used <strong>Liquidation</strong>!<br></div><div class="battle-history"><small>(Calzone lost <abbr title="−81/343">23.6%</abbr> of its health!)</small><br></div><div class="spacer battle-history"><br></div><div class="battle-history">Calzone fainted!<br></div><div class="chat chatmessage-inkbug1 mine"><strong style="color:#e46e0f"><small>☆</small><span class="username" data-name="inkbug1">inkbug1</span>:</strong> <em>but the truth of the matter is i am just a dingus</em></div><div class="spacer battle-history"><br></div><div class="battle-history">Go! Cloudy (<strong>Flufnir</strong>)!<br></div><div class="battle-history"><small>Cloudy was caught in a sticky web!</small><br></div><div class="battle-history"><small>Cloudy's Speed fell!</small><br></div><div class="spacer battle-history"><br></div><h2 class="battle-history">Turn 74</h2><div class="chat chatmessage-h2opulse"><strong style="color:#6e8c2b"><small>☆</small><span class="username" data-name="H2OPulse">H2OPulse</span>:</strong> <em>p f f f fair</em></div><div class="spacer battle-history"><br></div><div class="battle-history">The opposing Spilly used <strong>Leech Life</strong>!<br></div><div class="battle-history"><small>(Cloudy lost <abbr title="−96/459">20.9%</abbr> of its health!)</small><br></div><div class="battle-history"><small>Cloudy had its energy drained!</small><br></div><div class="spacer battle-history"><br></div><div class="battle-history">Cloudy used <strong>Dragon Tail</strong>!<br></div><div class="battle-history"><small>(The opposing Spilly lost 37% of its health!)</small><br></div><div class="spacer battle-history"><br></div><div class="battle-history">Cattail (<strong>Vaporeon</strong>) was dragged out!<br></div><div class="battle-history"><small>The opposing Cattail was caught in a sticky web!</small><br></div><div class="battle-history"><small>The opposing Cattail's Speed fell!</small><br></div><div class="spacer battle-history"><br></div><div class="battle-history"><small>Cloudy restored a little HP using its Leftovers!</small><br></div><div class="battle-history"><small>The opposing Cattail was hurt by poison!</small><br></div><div class="spacer battle-history"><br></div><div class="battle-history">The opposing Cattail fainted!<br></div><div class="battle-history"><small>Cloudy was hurt by poison!</small><br></div><div class="spacer battle-history"><br></div><div class="battle-history">H2OPulse sent out Spilly (<strong>Araquanid</strong>)!<br></div><div class="battle-history"><small>The opposing Spilly was caught in a sticky web!</small><br></div><div class="battle-history"><small>The opposing Spilly's Speed fell!</small><br></div><div class="spacer battle-history"><br></div><h2 class="battle-history">Turn 75</h2><div class="chat chatmessage-h2opulse"><strong style="color:#6e8c2b"><small>☆</small><span class="username" data-name="H2OPulse">H2OPulse</span>:</strong> <em>WELL this is my actual last Pokémon now!! so</em></div><div class="chat chatmessage-h2opulse"><strong style="color:#6e8c2b"><small>☆</small><span class="username" data-name="H2OPulse">H2OPulse</span>:</strong> <em>Good game!!! O: This was a super fun and close one holy heck</em></div><div class="chat chatmessage-inkbug1 mine"><strong style="color:#e46e0f"><small>☆</small><span class="username" data-name="inkbug1">inkbug1</span>:</strong> <em>one out of five aint bad</em></div><div class="spacer battle-history"><br></div><div class="battle-history">The opposing Spilly used <strong>Liquidation</strong>!<br></div><div class="battle-history"><small>It's not very effective...</small><br></div><div class="battle-history"><small>(Cloudy lost <abbr title="−88/459">19.2%</abbr> of its health!)</small><br></div><div class="spacer battle-history"><br></div><div class="battle-history">Cloudy used <strong>Roost</strong>!<br></div><div class="battle-history"><small>Cloudy had its HP restored.</small><br></div><div class="spacer battle-history"><br></div><div class="battle-history"><small>Cloudy restored a little HP using its Leftovers!</small><br></div><div class="battle-history"><small>Cloudy was hurt by poison!</small><br></div><div class="spacer battle-history"><br></div><h2 class="battle-history">Turn 76</h2><div class="spacer battle-history"><br></div><div class="battle-history">The opposing Spilly used <strong>Liquidation</strong>!<br></div><div class="battle-history"><small>It's not very effective...</small><br></div><div class="battle-history"><small>(Cloudy lost <abbr title="−94/459">20.5%</abbr> of its health!)</small><br></div><div class="spacer battle-history"><br></div><div class="battle-history">Cloudy used <strong>Dragon Tail</strong>!<br></div><div class="battle-history"><small>(The opposing Spilly lost 43% of its health!)</small><br></div><div class="spacer battle-history"><br></div><div class="battle-history"><small>Cloudy restored a little HP using its Leftovers!</small><br></div><div class="battle-history"><small>Cloudy was hurt by poison!</small><br></div><div class="spacer battle-history"><br></div><h2 class="battle-history">Turn 77</h2><div class="spacer battle-history"><br></div><div class="battle-history">The opposing Spilly used <strong>Liquidation</strong>!<br></div><div class="battle-history"><small>It's not very effective...</small><br></div><div class="battle-history"><small>A critical hit!</small><br></div><div class="battle-history"><small>(Cloudy lost <abbr title="−145/459">31.6%</abbr> of its health!)</small><br></div><div class="spacer battle-history"><br></div><div class="battle-history">Cloudy used <strong>Dragon Tail</strong>!<br></div><div class="battle-history"><small>(The opposing Spilly lost 3% of its health!)</small><br></div><div class="spacer battle-history"><br></div><div class="battle-history">The opposing Spilly fainted!<br></div><div class="spacer battle-history"><br></div><div class="battle-history"><strong>inkbug1</strong> won the battle!<br></div><div class="chat chatmessage-inkbug1 mine"><strong style="color:#e46e0f"><small>☆</small><span class="username" data-name="inkbug1">inkbug1</span>:</strong> <em>p h e w </em></div><div class="chat chatmessage-inkbug1 mine"><strong style="color:#e46e0f"><small>☆</small><span class="username" data-name="inkbug1">inkbug1</span>:</strong> <em>man boxin rly pulled thru on this one </em></div><div class="chat chatmessage-h2opulse"><strong style="color:#6e8c2b"><small>☆</small><span class="username" data-name="H2OPulse">H2OPulse</span>:</strong> <em>WOW okay that was amazing :'D</em></div><div class="chat chatmessage-inkbug1 mine"><strong style="color:#e46e0f"><small>☆</small><span class="username" data-name="inkbug1">inkbug1</span>:</strong> <em>i love it</em></div><div class="chat chatmessage-inkbug1 mine"><strong style="color:#e46e0f"><small>☆</small><span class="username" data-name="inkbug1">inkbug1</span>:</strong> <em>ok well im out of teams </em></div><div class="chat chatmessage-h2opulse"><strong style="color:#6e8c2b"><small>☆</small><span class="username" data-name="H2OPulse">H2OPulse</span>:</strong> <em>F a i r</em></div><div class="chat chatmessage-inkbug1 mine"><strong style="color:#e46e0f"><small>☆</small><span class="username" data-name="inkbug1">inkbug1</span>:</strong> <em>and its 1am </em></div><div class="chat chatmessage-h2opulse"><strong style="color:#6e8c2b"><small>☆</small><span class="username" data-name="H2OPulse">H2OPulse</span>:</strong> <em>This was so much fun holy heck</em></div><div class="chat chatmessage-inkbug1 mine"><strong style="color:#e46e0f"><small>☆</small><span class="username" data-name="inkbug1">inkbug1</span>:</strong> <em>so i should probably stop ! </em></div><div class="chat chatmessage-inkbug1 mine"><strong style="color:#e46e0f"><small>☆</small><span class="username" data-name="inkbug1">inkbug1</span>:</strong> <em>yeah </em></div><div class="chat chatmessage-h2opulse"><strong style="color:#6e8c2b"><small>☆</small><span class="username" data-name="H2OPulse">H2OPulse</span>:</strong> <em>I love these Fakemon so much</em></div><div class="chat chatmessage-inkbug1 mine"><strong style="color:#e46e0f"><small>☆</small><span class="username" data-name="inkbug1">inkbug1</span>:</strong> <em>it was fun actually using poultergeist tht thing is so funny</em></div></div><div class="inner-preempt message-log"></div></div></div>
</div>
<script>
let daily = Math.floor(Date.now()/1000/60/60/24);document.write('<script src="https://dragonheaven.herokuapp.com/js/replay-embed.js?version'+daily+'"></'+'script>');
</script>
