<!DOCTYPE html>
<meta charset="utf-8" />
<!-- version 1 -->
<title>[Gen 8] Evolution Project replay: Violettes vs. god of joe</title>
<style>
html,body {font-family:Verdana, sans-serif;font-size:10pt;margin:0;padding:0;}body{padding:12px 0;} .battle-log {font-family:Verdana, sans-serif;font-size:10pt;} .battle-log-inline {border:1px solid #AAAAAA;background:#EEF2F5;color:black;max-width:640px;margin:0 auto 80px;padding-bottom:5px;} .battle-log .inner {padding:4px 8px 0px 8px;} .battle-log .inner-preempt {padding:0 8px 4px 8px;} .battle-log .inner-after {margin-top:0.5em;} .battle-log h2 {margin:0.5em -8px;padding:4px 8px;border:1px solid #AAAAAA;background:#E0E7EA;border-left:0;border-right:0;font-family:Verdana, sans-serif;font-size:13pt;} .battle-log .chat {vertical-align:middle;padding:3px 0 3px 0;font-size:8pt;} .battle-log .chat strong {color:#40576A;} .battle-log .chat em {padding:1px 4px 1px 3px;color:#000000;font-style:normal;} .chat.mine {background:rgba(0,0,0,0.05);margin-left:-8px;margin-right:-8px;padding-left:8px;padding-right:8px;} .spoiler {color:#BBBBBB;background:#BBBBBB;padding:0px 3px;} .spoiler:hover, .spoiler:active, .spoiler-shown {color:#000000;background:#E2E2E2;padding:0px 3px;} .spoiler a {color:#BBBBBB;} .spoiler:hover a, .spoiler:active a, .spoiler-shown a {color:#2288CC;} .chat code, .chat .spoiler:hover code, .chat .spoiler:active code, .chat .spoiler-shown code {border:1px solid #C0C0C0;background:#EEEEEE;color:black;padding:0 2px;} .chat .spoiler code {border:1px solid #CCCCCC;background:#CCCCCC;color:#CCCCCC;} .battle-log .rated {padding:3px 4px;} .battle-log .rated strong {color:white;background:#89A;padding:1px 4px;border-radius:4px;} .spacer {margin-top:0.5em;} .message-announce {background:#6688AA;color:white;padding:1px 4px 2px;} .message-announce a, .broadcast-green a, .broadcast-blue a, .broadcast-red a {color:#DDEEFF;} .broadcast-green {background-color:#559955;color:white;padding:2px 4px;} .broadcast-blue {background-color:#6688AA;color:white;padding:2px 4px;} .infobox {border:1px solid #6688AA;padding:2px 4px;} .infobox-limited {max-height:200px;overflow:auto;overflow-x:hidden;} .broadcast-red {background-color:#AA5544;color:white;padding:2px 4px;} .message-learn-canlearn {font-weight:bold;color:#228822;text-decoration:underline;} .message-learn-cannotlearn {font-weight:bold;color:#CC2222;text-decoration:underline;} .message-effect-weak {font-weight:bold;color:#CC2222;} .message-effect-resist {font-weight:bold;color:#6688AA;} .message-effect-immune {font-weight:bold;color:#666666;} .message-learn-list {margin-top:0;margin-bottom:0;} .message-throttle-notice, .message-error {color:#992222;} .message-overflow, .chat small.message-overflow {font-size:0pt;} .message-overflow::before {font-size:9pt;content:'...';} .subtle {color:#3A4A66;}
</style>
<div class="wrapper replay-wrapper" style="max-width:1180px;margin:0 auto">
<input type="hidden" name="replayid" value="dragonheaven-gen8evolutionproject-44" />
<div class="battle"></div><div class="battle-log"></div><div class="replay-controls"></div><div class="replay-controls-2"></div>
<h1 style="font-weight:normal;text-align:center"><strong>[Gen 8] Evolution Project</strong><br /><a href="http://pokemonshowdown.com/users/violettes" class="subtle" target="_blank">Violettes</a> vs. <a href="http://pokemonshowdown.com/users/godofjoe" class="subtle" target="_blank">god of joe</a></h1>
<script type="text/plain" class="battle-log-data">|j|☆Violettes
|j|☆god of joe
|t:|1658355850
|player|p1|Violettes|furisodegirl-pink|
|player|p2|god of joe|caitlin|
|teamsize|p1|6
|teamsize|p2|6
|gametype|singles
|gen|8
|tier|[Gen 8] Evolution Project
|clearpoke
|poke|p1|Aleon, M|
|poke|p1|Arcanine, F|
|poke|p1|Carnivenom, F|
|poke|p1|Bafflack, F|
|poke|p1|Resurrectric, M|
|poke|p1|Mienshao-Yaoguai, F|
|poke|p2|Skiversnow, M|
|poke|p2|Sandslash-Alola, F|
|poke|p2|Falinks-Terracotta, F|
|poke|p2|Rotom-Wash|
|poke|p2|Nown, M|
|poke|p2|Dusglow, M|
|rule|HP Percentage Mod: HP is shown in percentages
|rule|Endless Battle Clause: Forcing endless battles is banned
|rule|OHKO Clause: OHKO moves are banned
|rule|Evasion Moves Clause: Evasion moves are banned
|rule|Species Clause: Limit one of each Pokémon
|rule|Dynamax Clause: You cannot dynamax
|rule|Sleep Clause Mod: Limit one foe put to sleep
|rule|Z-Move Clause: Type-based Z-Moves are banned
|teampreview
|j| Codename Magnum
|c| Codename Magnum|REGIONAL MIENSHAO??
|c| Codename Magnum|thats awesome
|
|t:|1658355910
|start
|switch|p1a: Volto|Aleon, M|100\/100
|switch|p2a: Skiversnow|Skiversnow, M|100\/100
|-start|p1a: Volto|typechange|Normal|[silent]
|raw|<ul class="utilichart"><li class="result"><span class="col pokemonnamecol" style="white-space: nowrap">Aleon<\/span> <span class="col typecol"><img src="https:\/\/dragonheaven.herokuapp.com\/sprites\/types\/Normal.png" alt="Normal" height="14" width="32"><\/span> <span style="float: left ; min-height: 26px"><span class="col abilitycol">Adaptability \/ Normalize \/ Beast Boost<\/span><span class="col abilitycol"><\/span><\/span><\/li><li style="clear: both"><\/li><\/ul>
|raw|<ul class="utilichart"><li class="result"><span style="float: left ; min-height: 26px"><span class="col statcol"><em>HP<\/em><br>103<\/span> <span class="col statcol"><em>Atk<\/em><br>79<\/span> <span class="col statcol"><em>Def<\/em><br>53<\/span> <span class="col statcol"><em>SpA<\/em><br>89<\/span> <span class="col statcol"><em>SpD<\/em><br>67<\/span> <span class="col statcol"><em>Spe<\/em><br>134<\/span> <\/span><\/li><li style="clear: both"><\/li><\/ul>
|-hint|Aleon was created by inkbug!
|-start|p2a: Skiversnow|typechange|Grass\/Ice|[silent]
|raw|<ul class="utilichart"><li class="result"><span class="col pokemonnamecol" style="white-space: nowrap">Skiversnow<\/span> <span class="col typecol"><img src="https:\/\/dragonheaven.herokuapp.com\/sprites\/types\/Grass.png" alt="Grass" height="14" width="32"><img src="https:\/\/dragonheaven.herokuapp.com\/sprites\/types\/Ice.png" alt="Ice" height="14" width="32"><\/span> <span style="float: left ; min-height: 26px"><span class="col abilitycol">Snow Warning \/ Pressure<\/span><span class="col abilitycol"><\/span><\/span><\/li><li style="clear: both"><\/li><\/ul>
|raw|<ul class="utilichart"><li class="result"><span style="float: left ; min-height: 26px"><span class="col statcol"><em>HP<\/em><br>90<\/span> <span class="col statcol"><em>Atk<\/em><br>92<\/span> <span class="col statcol"><em>Def<\/em><br>55<\/span> <span class="col statcol"><em>SpA<\/em><br>92<\/span> <span class="col statcol"><em>SpD<\/em><br>65<\/span> <span class="col statcol"><em>Spe<\/em><br>100<\/span> <\/span><\/li><li style="clear: both"><\/li><\/ul>
|-hint|Skiversnow was created by ausma!
|-weather|Hail|[from] ability: Snow Warning|[of] p2a: Skiversnow
|turn|1
|c| Codename Magnum|i must see
|
|t:|1658355952
|switch|p2a: Falinks|Falinks-Terracotta, F|100\/100
|-start|p2a: Falinks|typechange|Fighting\/Rock|[silent]
|raw|<ul class="utilichart"><li class="result"><span class="col pokemonnamecol" style="white-space: nowrap">Falinks-Terracotta<\/span> <span class="col typecol"><img src="https:\/\/dragonheaven.herokuapp.com\/sprites\/types\/Fighting.png" alt="Fighting" height="14" width="32"><img src="https:\/\/dragonheaven.herokuapp.com\/sprites\/types\/Rock.png" alt="Rock" height="14" width="32"><\/span> <span style="float: left ; min-height: 26px"><span class="col abilitycol">Solid Rock \/ Skill Link \/ Defiant<\/span><span class="col abilitycol"><\/span><\/span><\/li><li style="clear: both"><\/li><\/ul>
|raw|<ul class="utilichart"><li class="result"><span style="float: left ; min-height: 26px"><span class="col statcol"><em>HP<\/em><br>65<\/span> <span class="col statcol"><em>Atk<\/em><br>100<\/span> <span class="col statcol"><em>Def<\/em><br>100<\/span> <span class="col statcol"><em>SpA<\/em><br>60<\/span> <span class="col statcol"><em>SpD<\/em><br>60<\/span> <span class="col statcol"><em>Spe<\/em><br>85<\/span> <\/span><\/li><li style="clear: both"><\/li><\/ul>
|-hint|Falinks-Terracotta was created by Hematite!
|move|p1a: Volto|Volt Switch|p2a: Falinks
|-resisted|p2a: Falinks
|-damage|p2a: Falinks|65\/100
|j|~inkbug1

|
|t:|1658355965
|switch|p1a: Brainstorm|Bafflack, F|100\/100|[from]move: Volt Switch
|-start|p1a: Brainstorm|typechange|Water|[silent]
|raw|<ul class="utilichart"><li class="result"><span class="col pokemonnamecol" style="white-space: nowrap">Bafflack<\/span> <span class="col typecol"><img src="https:\/\/dragonheaven.herokuapp.com\/sprites\/types\/Water.png" alt="Water" height="14" width="32"><\/span> <span style="float: left ; min-height: 26px"><span class="col abilitycol">Psychic Surge \/ Cloud Nine \/ Pure Power<\/span><span class="col abilitycol"><\/span><\/span><\/li><li style="clear: both"><\/li><\/ul>
|raw|<ul class="utilichart"><li class="result"><span style="float: left ; min-height: 26px"><span class="col statcol"><em>HP<\/em><br>80<\/span> <span class="col statcol"><em>Atk<\/em><br>69<\/span> <span class="col statcol"><em>Def<\/em><br>18<\/span> <span class="col statcol"><em>SpA<\/em><br>135<\/span> <span class="col statcol"><em>SpD<\/em><br>110<\/span> <span class="col statcol"><em>Spe<\/em><br>105<\/span> <\/span><\/li><li style="clear: both"><\/li><\/ul>
|-hint|Bafflack was created by KeroseneZanchu!
|-fieldstart|move: Psychic Terrain|[from] ability: Psychic Surge|[of] p1a: Brainstorm
|
|-weather|Hail|[upkeep]
|-damage|p1a: Brainstorm|95\/100|[from] Hail
|-damage|p2a: Falinks|59\/100|[from] Hail
|-heal|p2a: Falinks|65\/100|[from] item: Leftovers
|upkeep
|turn|2
|
|t:|1658355981
|switch|p2a: Rotom|Rotom-Wash|100\/100
|move|p1a: Brainstorm|Expanding Force|p2a: Rotom
|-damage|p2a: Rotom|37\/100
|
|-weather|Hail|[upkeep]
|-damage|p1a: Brainstorm|89\/100|[from] Hail
|-damage|p2a: Rotom|31\/100|[from] Hail
|-heal|p2a: Rotom|37\/100|[from] item: Leftovers
|upkeep
|turn|3
|
|t:|1658355991
|switch|p2a: Sandslash|Sandslash-Alola, F|100\/100
|move|p1a: Brainstorm|Expanding Force|p2a: Sandslash
|-resisted|p2a: Sandslash
|-damage|p2a: Sandslash|52\/100
|
|-weather|Hail|[upkeep]
|-damage|p1a: Brainstorm|83\/100|[from] Hail
|-heal|p2a: Sandslash|58\/100|[from] item: Leftovers
|upkeep
|turn|4
|
|t:|1658356005
|switch|p1a: Fenrir|Arcanine, F|100\/100
|-ability|p1a: Fenrir|Intimidate|boost
|-unboost|p2a: Sandslash|atk|1
|move|p2a: Sandslash|Swords Dance|p2a: Sandslash
|-boost|p2a: Sandslash|atk|2
|
|-weather|Hail|[upkeep]
|-damage|p1a: Fenrir|94\/100|[from] Hail
|-heal|p2a: Sandslash|64\/100|[from] item: Leftovers
|upkeep
|turn|5
|
|t:|1658356008
|move|p2a: Sandslash|Earthquake|p1a: Fenrir
|-supereffective|p1a: Fenrir
|-damage|p1a: Fenrir|0 fnt
|faint|p1a: Fenrir
|
|-weather|none
|-heal|p2a: Sandslash|70\/100|[from] item: Leftovers
|-fieldend|move: Psychic Terrain
|upkeep
|
|t:|1658356018
|switch|p1a: Blue Spirit|Mienshao-Yaoguai, F|100\/100
|-start|p1a: Blue Spirit|typechange|Fighting\/Ghost|[silent]
|raw|<ul class="utilichart"><li class="result"><span class="col pokemonnamecol" style="white-space: nowrap">Mienshao-Yaoguai<\/span> <span class="col typecol"><img src="https:\/\/dragonheaven.herokuapp.com\/sprites\/types\/Fighting.png" alt="Fighting" height="14" width="32"><img src="https:\/\/dragonheaven.herokuapp.com\/sprites\/types\/Ghost.png" alt="Ghost" height="14" width="32"><\/span> <span style="float: left ; min-height: 26px"><span class="col abilitycol">Inner Focus \/ Prankster \/ Berserk<\/span><span class="col abilitycol"><\/span><\/span><\/li><li style="clear: both"><\/li><\/ul>
|raw|<ul class="utilichart"><li class="result"><span style="float: left ; min-height: 26px"><span class="col statcol"><em>HP<\/em><br>65<\/span> <span class="col statcol"><em>Atk<\/em><br>125<\/span> <span class="col statcol"><em>Def<\/em><br>60<\/span> <span class="col statcol"><em>SpA<\/em><br>105<\/span> <span class="col statcol"><em>SpD<\/em><br>60<\/span> <span class="col statcol"><em>Spe<\/em><br>95<\/span> <\/span><\/li><li style="clear: both"><\/li><\/ul>
|-hint|Mienshao-Yaoguai was created by Hematite!
|turn|6
|
|t:|1658356029
|switch|p2a: Rotom|Rotom-Wash|37\/100
|move|p1a: Blue Spirit|Close Combat|p2a: Rotom
|-damage|p2a: Rotom|0 fnt
|-unboost|p1a: Blue Spirit|def|1
|-unboost|p1a: Blue Spirit|spd|1
|faint|p2a: Rotom
|
|upkeep
|
|t:|1658356035
|switch|p2a: Skiversnow|Skiversnow, M|100\/100
|-start|p2a: Skiversnow|typechange|Grass\/Ice|[silent]
|-weather|Hail|[from] ability: Snow Warning|[of] p2a: Skiversnow
|turn|7
|
|t:|1658356055
|switch|p1a: Biting Nettle|Carnivenom, F|100\/100
|-start|p1a: Biting Nettle|typechange|Grass\/Poison|[silent]
|raw|<ul class="utilichart"><li class="result"><span class="col pokemonnamecol" style="white-space: nowrap">Carnivenom<\/span> <span class="col typecol"><img src="https:\/\/dragonheaven.herokuapp.com\/sprites\/types\/Grass.png" alt="Grass" height="14" width="32"><img src="https:\/\/dragonheaven.herokuapp.com\/sprites\/types\/Poison.png" alt="Poison" height="14" width="32"><\/span> <span style="float: left ; min-height: 26px"><span class="col abilitycol">Levitate<\/span><span class="col abilitycol"><\/span><\/span><\/li><li style="clear: both"><\/li><\/ul>
|raw|<ul class="utilichart"><li class="result"><span style="float: left ; min-height: 26px"><span class="col statcol"><em>HP<\/em><br>94<\/span> <span class="col statcol"><em>Atk<\/em><br>105<\/span> <span class="col statcol"><em>Def<\/em><br>82<\/span> <span class="col statcol"><em>SpA<\/em><br>100<\/span> <span class="col statcol"><em>SpD<\/em><br>102<\/span> <span class="col statcol"><em>Spe<\/em><br>51<\/span> <\/span><\/li><li style="clear: both"><\/li><\/ul>
|-hint|Carnivenom was created by inkbug!
|move|p2a: Skiversnow|Substitute|p2a: Skiversnow
|-start|p2a: Skiversnow|Substitute
|-damage|p2a: Skiversnow|75\/100
|
|-weather|Hail|[upkeep]
|-damage|p1a: Biting Nettle|94\/100|[from] Hail
|-heal|p1a: Biting Nettle|100\/100|[from] item: Black Sludge
|upkeep
|turn|8
|
|t:|1658356059
|move|p2a: Skiversnow|Blizzard|p1a: Biting Nettle
|-supereffective|p1a: Biting Nettle
|-damage|p1a: Biting Nettle|43\/100
|move|p1a: Biting Nettle|Knock Off|p2a: Skiversnow
|-end|p2a: Skiversnow|Substitute
|
|-weather|Hail|[upkeep]
|-damage|p1a: Biting Nettle|37\/100|[from] Hail
|-heal|p1a: Biting Nettle|43\/100|[from] item: Black Sludge
|upkeep
|turn|9
|
|t:|1658356068
|move|p2a: Skiversnow|Leech Seed|p1a: Biting Nettle
|-immune|p1a: Biting Nettle
|move|p1a: Biting Nettle|Knock Off|p2a: Skiversnow
|-damage|p2a: Skiversnow|40\/100
|-enditem|p2a: Skiversnow|Heavy-Duty Boots|[from] move: Knock Off|[of] p1a: Biting Nettle
|
|-weather|Hail|[upkeep]
|-damage|p1a: Biting Nettle|37\/100|[from] Hail
|-heal|p1a: Biting Nettle|43\/100|[from] item: Black Sludge
|upkeep
|turn|10
|
|t:|1658356078
|switch|p1a: Brainstorm|Bafflack, F|83\/100
|-start|p1a: Brainstorm|typechange|Water|[silent]
|-fieldstart|move: Psychic Terrain|[from] ability: Psychic Surge|[of] p1a: Brainstorm
|move|p2a: Skiversnow|Blizzard|p1a: Brainstorm
|-resisted|p1a: Brainstorm
|-damage|p1a: Brainstorm|63\/100
|
|-weather|Hail|[upkeep]
|-damage|p1a: Brainstorm|57\/100|[from] Hail
|upkeep
|turn|11
|
|t:|1658356088
|switch|p2a: Nown|Nown, M|100\/100
|-start|p2a: Nown|typechange|Psychic|[silent]
|raw|<ul class="utilichart"><li class="result"><span class="col pokemonnamecol" style="white-space: nowrap">Nown<\/span> <span class="col typecol"><img src="https:\/\/dragonheaven.herokuapp.com\/sprites\/types\/Psychic.png" alt="Psychic" height="14" width="32"><\/span> <span style="float: left ; min-height: 26px"><span class="col abilitycol">Protean<\/span><span class="col abilitycol"><\/span><\/span><\/li><li style="clear: both"><\/li><\/ul>
|raw|<ul class="utilichart"><li class="result"><span style="float: left ; min-height: 26px"><span class="col statcol"><em>HP<\/em><br>108<\/span> <span class="col statcol"><em>Atk<\/em><br>91<\/span> <span class="col statcol"><em>Def<\/em><br>28<\/span> <span class="col statcol"><em>SpA<\/em><br>132<\/span> <span class="col statcol"><em>SpD<\/em><br>23<\/span> <span class="col statcol"><em>Spe<\/em><br>98<\/span> <\/span><\/li><li style="clear: both"><\/li><\/ul>
|-hint|Nown was created by abismal!
|move|p1a: Brainstorm|Flip Turn|p2a: Nown
|-damage|p2a: Nown|49\/100
|
|t:|1658356093
|switch|p1a: Volto|Aleon, M|100\/100|[from]move: Flip Turn
|-start|p1a: Volto|typechange|Normal|[silent]
|
|-weather|none
|upkeep
|turn|12
|
|t:|1658356099
|move|p1a: Volto|Expanding Force|p2a: Nown
|-damage|p2a: Nown|0 fnt
|faint|p2a: Nown
|
|upkeep
|c| Codename Magnum|NOWN??
|
|t:|1658356108
|switch|p2a: Dusglow|Dusglow, M|100\/100
|-start|p2a: Dusglow|typechange|Ghost\/Fairy|[silent]
|raw|<ul class="utilichart"><li class="result"><span class="col pokemonnamecol" style="white-space: nowrap">Dusglow<\/span> <span class="col typecol"><img src="https:\/\/dragonheaven.herokuapp.com\/sprites\/types\/Ghost.png" alt="Ghost" height="14" width="32"><img src="https:\/\/dragonheaven.herokuapp.com\/sprites\/types\/Fairy.png" alt="Fairy" height="14" width="32"><\/span> <span style="float: left ; min-height: 26px"><span class="col abilitycol">Pressure \/ Wandering Spirit<\/span><span class="col abilitycol"><\/span><\/span><\/li><li style="clear: both"><\/li><\/ul>
|raw|<ul class="utilichart"><li class="result"><span style="float: left ; min-height: 26px"><span class="col statcol"><em>HP<\/em><br>45<\/span> <span class="col statcol"><em>Atk<\/em><br>85<\/span> <span class="col statcol"><em>Def<\/em><br>105<\/span> <span class="col statcol"><em>SpA<\/em><br>115<\/span> <span class="col statcol"><em>SpD<\/em><br>105<\/span> <span class="col statcol"><em>Spe<\/em><br>70<\/span> <\/span><\/li><li style="clear: both"><\/li><\/ul>
|-hint|Dusglow was created by Violet!
|turn|13
|c| Codename Magnum|oh my god
|c|☆Violettes|!dt nown
|raw|<div class="message"><ul class="utilichart"><li class="result"><span class="col numcol">Evo!<\/span> <span class="col iconcol"><psicon pokemon="nown"\/><\/span> <span class="col pokemonnamecol" style="white-space:nowrap"><a href="https:\/\/dex.pokemonshowdown.com\/pokemon\/nown" target="_blank">Nown<\/a><\/span> <span class="col typecol"><img src="https:\/\/dragonheaven.herokuapp.com\/sprites\/types\/Psychic.png" alt="Psychic" height="14" width="32"><\/span> <span style="float:left;min-height:26px"><span class="col abilitycol">Protean<\/span><span class="col abilitycol"><\/span><\/span><span style="float:left;min-height:26px"><span class="col statcol"><em>HP<\/em><br \/>108<\/span> <span class="col statcol"><em>Atk<\/em><br \/>91<\/span> <span class="col statcol"><em>Def<\/em><br \/>28<\/span> <span class="col statcol"><em>SpA<\/em><br \/>132<\/span> <span class="col statcol"><em>SpD<\/em><br \/>23<\/span> <span class="col statcol"><em>Spe<\/em><br \/>98<\/span> <span class="col bstcol"><em>BST<br \/>480<\/em><\/span> <\/span><\/li><li style="clear:both"><\/li><\/ul><\/div>
|raw|<font size="1"><font color="#686868">Dex#:<\/font> -201&nbsp;|&ThickSpace;<font color="#686868">Gen:<\/font> 0&nbsp;|&ThickSpace;<font color="#686868">Height:<\/font> 0.5 m&nbsp;|&ThickSpace;<font color="#686868">Weight:<\/font> 5 kg <em>(20 BP)<\/em>&nbsp;|&ThickSpace;<font color="#686868">Dex Colour:<\/font> Black&nbsp;|&ThickSpace;<font color="#686868">Egg Group(s):<\/font> Undiscovered&nbsp;|&ThickSpace;<font color="#686868">Does Not Evolve<\/font><\/font>

|c| Codename Magnum|they are now nown
|
|t:|1658356119
|move|p1a: Volto|Terrain Pulse|p2a: Dusglow
|-damage|p2a: Dusglow|62\/100
|move|p2a: Dusglow|Substitute|p2a: Dusglow
|-start|p2a: Dusglow|Substitute
|-damage|p2a: Dusglow|38\/100
|
|-heal|p2a: Dusglow|44\/100|[from] item: Leftovers
|upkeep
|turn|14
|c| Codename Magnum|holy shit
|c|~inkbug1|it learns 4 moves now but all of them are weird
|
|t:|1658356126
|move|p1a: Volto|Terrain Pulse|p2a: Dusglow
|-end|p2a: Dusglow|Substitute
|move|p2a: Dusglow|Draining Kiss|p1a: Volto
|-damage|p1a: Volto|72\/100
|-heal|p2a: Dusglow|69\/100|[from] drain|[of] p1a: Volto
|
|-heal|p2a: Dusglow|75\/100|[from] item: Leftovers
|-fieldend|move: Psychic Terrain
|upkeep
|turn|15
|
|t:|1658356138
|move|p1a: Volto|Psyshock|p2a: Dusglow
|-immune|p2a: Dusglow
|move|p2a: Dusglow|Substitute|p2a: Dusglow
|-start|p2a: Dusglow|Substitute
|-damage|p2a: Dusglow|50\/100
|
|-heal|p2a: Dusglow|56\/100|[from] item: Leftovers
|upkeep
|turn|16
|
|t:|1658356146
|switch|p1a: Biting Nettle|Carnivenom, F|43\/100
|-start|p1a: Biting Nettle|typechange|Grass\/Poison|[silent]
|move|p2a: Dusglow|Calm Mind|p2a: Dusglow
|-boost|p2a: Dusglow|spa|1
|-boost|p2a: Dusglow|spd|1
|
|-heal|p2a: Dusglow|62\/100|[from] item: Leftovers
|-heal|p1a: Biting Nettle|49\/100|[from] item: Black Sludge
|upkeep
|turn|17
|
|t:|1658356152
|move|p2a: Dusglow|Shadow Ball|p1a: Biting Nettle
|-damage|p1a: Biting Nettle|8\/100
|move|p1a: Biting Nettle|Synthesis|p1a: Biting Nettle
|-heal|p1a: Biting Nettle|58\/100
|
|-heal|p2a: Dusglow|69\/100|[from] item: Leftovers
|-heal|p1a: Biting Nettle|64\/100|[from] item: Black Sludge
|upkeep
|turn|18
|
|t:|1658356157
|move|p2a: Dusglow|Calm Mind|p2a: Dusglow
|-boost|p2a: Dusglow|spa|1
|-boost|p2a: Dusglow|spd|1
|move|p1a: Biting Nettle|Power Whip|p2a: Dusglow
|-end|p2a: Dusglow|Substitute
|
|-heal|p2a: Dusglow|75\/100|[from] item: Leftovers
|-heal|p1a: Biting Nettle|71\/100|[from] item: Black Sludge
|upkeep
|turn|19
|
|t:|1658356164
|move|p2a: Dusglow|Shadow Ball|p1a: Biting Nettle
|-damage|p1a: Biting Nettle|17\/100
|move|p1a: Biting Nettle|Power Whip|p2a: Dusglow
|-damage|p2a: Dusglow|39\/100
|-activate|p2a: Dusglow|ability: Wandering Spirit|Levitate|Wandering Spirit|[of] p1a: Biting Nettle
|
|-heal|p2a: Dusglow|45\/100|[from] item: Leftovers
|-heal|p1a: Biting Nettle|23\/100|[from] item: Black Sludge
|upkeep
|turn|20
|
|t:|1658356179
|move|p2a: Dusglow|Substitute|p2a: Dusglow
|-start|p2a: Dusglow|Substitute
|-damage|p2a: Dusglow|20\/100
|move|p1a: Biting Nettle|Power Whip|p2a: Dusglow|[miss]
|-miss|p1a: Biting Nettle|p2a: Dusglow
|
|-heal|p2a: Dusglow|26\/100|[from] item: Leftovers
|-heal|p1a: Biting Nettle|29\/100|[from] item: Black Sludge
|upkeep
|turn|21
|
|t:|1658356188
|move|p2a: Dusglow|Shadow Ball|p1a: Biting Nettle
|-damage|p1a: Biting Nettle|0 fnt
|faint|p1a: Biting Nettle
|
|-heal|p2a: Dusglow|32\/100|[from] item: Leftovers
|upkeep
|
|t:|1658356197
|switch|p1a: Brainstorm|Bafflack, F|57\/100
|-start|p1a: Brainstorm|typechange|Water|[silent]
|-fieldstart|move: Psychic Terrain|[from] ability: Psychic Surge|[of] p1a: Brainstorm
|turn|22
|
|t:|1658356207
|move|p1a: Brainstorm|Expanding Force|p2a: Dusglow
|-end|p2a: Dusglow|Substitute
|move|p2a: Dusglow|Draining Kiss|p1a: Brainstorm
|-damage|p1a: Brainstorm|20\/100
|-heal|p2a: Dusglow|62\/100|[from] drain|[of] p1a: Brainstorm
|
|-heal|p2a: Dusglow|68\/100|[from] item: Leftovers
|upkeep
|turn|23
|
|t:|1658356210
|move|p1a: Brainstorm|Expanding Force|p2a: Dusglow
|-damage|p2a: Dusglow|35\/100
|move|p2a: Dusglow|Draining Kiss|p1a: Brainstorm
|-damage|p1a: Brainstorm|0 fnt
|-heal|p2a: Dusglow|49\/100|[from] drain|[of] p1a: Brainstorm
|faint|p1a: Brainstorm
|
|-heal|p2a: Dusglow|56\/100|[from] item: Leftovers
|upkeep
|
|t:|1658356224
|switch|p1a: Blue Spirit|Mienshao-Yaoguai, F|100\/100
|-start|p1a: Blue Spirit|typechange|Fighting\/Ghost|[silent]
|turn|24
|
|t:|1658356227
|move|p1a: Blue Spirit|Me First|p2a: Dusglow
|move|p1a: Blue Spirit|Draining Kiss|p2a: Dusglow|[from]move: Me First
|-damage|p2a: Dusglow|46\/100
|move|p2a: Dusglow|Draining Kiss|p1a: Blue Spirit
|-supereffective|p1a: Blue Spirit
|-damage|p1a: Blue Spirit|0 fnt
|-heal|p2a: Dusglow|100\/100|[from] drain|[of] p1a: Blue Spirit
|faint|p1a: Blue Spirit
|
|upkeep
|
|t:|1658356235
|switch|p1a: Acceptance|Resurrectric, M|100\/100
|-start|p1a: Acceptance|typechange|Ground\/Electric|[silent]
|raw|<ul class="utilichart"><li class="result"><span class="col pokemonnamecol" style="white-space: nowrap">Resurrectric<\/span> <span class="col typecol"><img src="https:\/\/dragonheaven.herokuapp.com\/sprites\/types\/Ground.png" alt="Ground" height="14" width="32"><img src="https:\/\/dragonheaven.herokuapp.com\/sprites\/types\/Electric.png" alt="Electric" height="14" width="32"><\/span> <span style="float: left ; min-height: 26px"><span class="col abilitycol">Inner Focus \/ Lightning Rod \/ Battle Armor<\/span><span class="col abilitycol"><\/span><\/span><\/li><li style="clear: both"><\/li><\/ul>
|raw|<ul class="utilichart"><li class="result"><span style="float: left ; min-height: 26px"><span class="col statcol"><em>HP<\/em><br>80<\/span> <span class="col statcol"><em>Atk<\/em><br>60<\/span> <span class="col statcol"><em>Def<\/em><br>130<\/span> <span class="col statcol"><em>SpA<\/em><br>90<\/span> <span class="col statcol"><em>SpD<\/em><br>80<\/span> <span class="col statcol"><em>Spe<\/em><br>45<\/span> <\/span><\/li><li style="clear: both"><\/li><\/ul>
|-hint|Resurrectric was created by Hematite!
|turn|25
|
|t:|1658356239
|move|p1a: Acceptance|Earthquake|p2a: Dusglow
|-immune|p2a: Dusglow|[from] ability: Levitate
|move|p2a: Dusglow|Substitute|p2a: Dusglow
|-start|p2a: Dusglow|Substitute
|-damage|p2a: Dusglow|76\/100
|
|-heal|p2a: Dusglow|82\/100|[from] item: Leftovers
|upkeep
|turn|26
|
|t:|1658356245
|move|p1a: Acceptance|Knock Off|p2a: Dusglow
|-activate|p2a: Dusglow|move: Substitute|[damage]
|move|p2a: Dusglow|Shadow Ball|p1a: Acceptance
|-damage|p1a: Acceptance|3\/100
|
|-heal|p2a: Dusglow|88\/100|[from] item: Leftovers
|-fieldend|move: Psychic Terrain
|upkeep
|turn|27
|
|t:|1658356249
|move|p1a: Acceptance|Knock Off|p2a: Dusglow
|-end|p2a: Dusglow|Substitute
|move|p2a: Dusglow|Shadow Ball|p1a: Acceptance
|-damage|p1a: Acceptance|0 fnt
|faint|p1a: Acceptance
|
|-heal|p2a: Dusglow|94\/100|[from] item: Leftovers
|upkeep
|
|t:|1658356251
|switch|p1a: Volto|Aleon, M|72\/100
|-start|p1a: Volto|typechange|Normal|[silent]
|turn|28
|
|t:|1658356254
|move|p1a: Volto|Volt Switch|p2a: Dusglow
|-immune|p2a: Dusglow
|move|p2a: Dusglow|Substitute|p2a: Dusglow
|-start|p2a: Dusglow|Substitute
|-damage|p2a: Dusglow|69\/100
|
|-heal|p2a: Dusglow|75\/100|[from] item: Leftovers
|upkeep
|turn|29
|
|t:|1658356255
|move|p1a: Volto|Volt Switch|p2a: Dusglow
|-immune|p2a: Dusglow
|move|p2a: Dusglow|Calm Mind|p2a: Dusglow
|-boost|p2a: Dusglow|spa|1
|-boost|p2a: Dusglow|spd|1
|
|-heal|p2a: Dusglow|81\/100|[from] item: Leftovers
|upkeep
|turn|30
|
|t:|1658356257
|move|p1a: Volto|Volt Switch|p2a: Dusglow
|-immune|p2a: Dusglow
|move|p2a: Dusglow|Calm Mind|p2a: Dusglow
|-boost|p2a: Dusglow|spa|1
|-boost|p2a: Dusglow|spd|1
|
|-heal|p2a: Dusglow|88\/100|[from] item: Leftovers
|upkeep
|turn|31
|-message|Violettes forfeited.
|
|win|god of joe
|l|☆Violettes</script>
</div>
<div class="battle-log battle-log-inline"><div class="inner"><div class="battle-options"><div style="padding-top: 3px; padding-right: 3px; text-align: right"><button class="icon button" name="openBattleOptions" title="Options">Battle Options</button></div></div><div class="inner message-log"><div class="chat"><small>☆Violettes and ☆god of joe joined</small></div><div class=""><small>Format:</small> <br><strong>[Gen 8] Evolution Project</strong></div><div class=""><small><em>HP Percentage Mod:</em> HP is shown in percentages</small></div><div class=""><small><em>Endless Battle Clause:</em> Forcing endless battles is banned</small></div><div class=""><small><em>OHKO Clause:</em> OHKO moves are banned</small></div><div class=""><small><em>Evasion Moves Clause:</em> Evasion moves are banned</small></div><div class=""><small><em>Species Clause:</em> Limit one of each Pokémon</small></div><div class=""><small><em>Dynamax Clause:</em> You cannot dynamax</small></div><div class=""><small><em>Sleep Clause Mod:</em> Limit one foe put to sleep</small></div><div class=""><small><em>Z-Move Clause:</em> Type-based Z-Moves are banned</small></div><div class="chat battle-history"><strong>Violettes's team:</strong> <em style="color:#445566;display:block;">Aleon / Arcanine / Carnivenom / Bafflack / Resurrectric / Mienshao-Yaoguai</em></div><div class="chat battle-history"><strong>god of joe's team:</strong> <em style="color:#445566;display:block;">Skiversnow / Sandslash-Alola / Falinks-Terracotta / Rotom-Wash / Nown / Dusglow</em></div><div class="chat"><small> Codename Magnum joined</small></div><div class="chat chatmessage-codenamemagnum"><strong style="color:#b547bb"><small> </small><span class="username" data-name="Codename Magnum">Codename Magnum</span>:</strong> <em>REGIONAL MIENSHAO??</em></div><div class="chat chatmessage-codenamemagnum"><strong style="color:#b547bb"><small> </small><span class="username" data-name="Codename Magnum">Codename Magnum</span>:</strong> <em>thats awesome</em></div><div class="spacer battle-history"><br></div><div class="battle-history">Battle started between Violettes and god of joe!<br></div><div class="spacer battle-history"><br></div><div class="battle-history">Go! Volto (<strong>Aleon</strong>)!<br></div><div class="spacer battle-history"><br></div><div class="battle-history">god of joe sent out <strong>Skiversnow</strong>!<br></div><div class="chat"><ul class="utilichart"><li class="result"><span class="col pokemonnamecol" style="white-space: nowrap">Aleon</span> <span class="col typecol"><img src="https://dragonheaven.herokuapp.com/sprites/types/Normal.png" alt="Normal" height="14" width="32"></span> <span style="float: left ; min-height: 26px"><span class="col abilitycol">Adaptability / Normalize / Beast Boost</span><span class="col abilitycol"></span></span></li><li style="clear: both"></li></ul></div><div class="chat"><ul class="utilichart"><li class="result"><span style="float: left ; min-height: 26px"><span class="col statcol"><em>HP</em><br>103</span> <span class="col statcol"><em>Atk</em><br>79</span> <span class="col statcol"><em>Def</em><br>53</span> <span class="col statcol"><em>SpA</em><br>89</span> <span class="col statcol"><em>SpD</em><br>67</span> <span class="col statcol"><em>Spe</em><br>134</span> </span></li><li style="clear: both"></li></ul></div><div class="battle-history"><small>(Aleon was created by inkbug!)</small><br></div><div class="chat"><ul class="utilichart"><li class="result"><span class="col pokemonnamecol" style="white-space: nowrap">Skiversnow</span> <span class="col typecol"><img src="https://dragonheaven.herokuapp.com/sprites/types/Grass.png" alt="Grass" height="14" width="32"><img src="https://dragonheaven.herokuapp.com/sprites/types/Ice.png" alt="Ice" height="14" width="32"></span> <span style="float: left ; min-height: 26px"><span class="col abilitycol">Snow Warning / Pressure</span><span class="col abilitycol"></span></span></li><li style="clear: both"></li></ul></div><div class="chat"><ul class="utilichart"><li class="result"><span style="float: left ; min-height: 26px"><span class="col statcol"><em>HP</em><br>90</span> <span class="col statcol"><em>Atk</em><br>92</span> <span class="col statcol"><em>Def</em><br>55</span> <span class="col statcol"><em>SpA</em><br>92</span> <span class="col statcol"><em>SpD</em><br>65</span> <span class="col statcol"><em>Spe</em><br>100</span> </span></li><li style="clear: both"></li></ul></div><div class="battle-history"><small>(Skiversnow was created by ausma!)</small><br></div><div class="battle-history">[The opposing Skiversnow's Snow Warning]<br><small>It started to hail!</small><br></div><div class="spacer battle-history"><br></div><h2 class="battle-history">Turn 1</h2><div class="chat chatmessage-codenamemagnum"><strong style="color:#b547bb"><small> </small><span class="username" data-name="Codename Magnum">Codename Magnum</span>:</strong> <em>i must see</em></div><div class="spacer battle-history"><br></div><div class="battle-history">god of joe withdrew Skiversnow!<br></div><div class="battle-history">god of joe sent out Falinks (<strong>Falinks-Terracotta</strong>)!<br></div><div class="chat"><ul class="utilichart"><li class="result"><span class="col pokemonnamecol" style="white-space: nowrap">Falinks-Terracotta</span> <span class="col typecol"><img src="https://dragonheaven.herokuapp.com/sprites/types/Fighting.png" alt="Fighting" height="14" width="32"><img src="https://dragonheaven.herokuapp.com/sprites/types/Rock.png" alt="Rock" height="14" width="32"></span> <span style="float: left ; min-height: 26px"><span class="col abilitycol">Solid Rock / Skill Link / Defiant</span><span class="col abilitycol"></span></span></li><li style="clear: both"></li></ul></div><div class="chat"><ul class="utilichart"><li class="result"><span style="float: left ; min-height: 26px"><span class="col statcol"><em>HP</em><br>65</span> <span class="col statcol"><em>Atk</em><br>100</span> <span class="col statcol"><em>Def</em><br>100</span> <span class="col statcol"><em>SpA</em><br>60</span> <span class="col statcol"><em>SpD</em><br>60</span> <span class="col statcol"><em>Spe</em><br>85</span> </span></li><li style="clear: both"></li></ul></div><div class="battle-history"><small>(Falinks-Terracotta was created by Hematite!)</small><br></div><div class="spacer battle-history"><br></div><div class="battle-history">Volto used <strong>Volt Switch</strong>!<br></div><div class="battle-history"><small>It's not very effective...</small><br></div><div class="battle-history"><small>(The opposing Falinks lost 35% of its health!)</small><br></div><div class="chat"><small>~inkbug1 joined</small></div><div class="spacer battle-history"><br></div><div class="battle-history">Volto went back to Violettes!<br></div><div class="battle-history">Go! Brainstorm (<strong>Bafflack</strong>)!<br></div><div class="chat"><ul class="utilichart"><li class="result"><span class="col pokemonnamecol" style="white-space: nowrap">Bafflack</span> <span class="col typecol"><img src="https://dragonheaven.herokuapp.com/sprites/types/Water.png" alt="Water" height="14" width="32"></span> <span style="float: left ; min-height: 26px"><span class="col abilitycol">Psychic Surge / Cloud Nine / Pure Power</span><span class="col abilitycol"></span></span></li><li style="clear: both"></li></ul></div><div class="chat"><ul class="utilichart"><li class="result"><span style="float: left ; min-height: 26px"><span class="col statcol"><em>HP</em><br>80</span> <span class="col statcol"><em>Atk</em><br>69</span> <span class="col statcol"><em>Def</em><br>18</span> <span class="col statcol"><em>SpA</em><br>135</span> <span class="col statcol"><em>SpD</em><br>110</span> <span class="col statcol"><em>Spe</em><br>105</span> </span></li><li style="clear: both"></li></ul></div><div class="battle-history"><small>(Bafflack was created by KeroseneZanchu!)</small><br></div><div class="battle-history">[Brainstorm's Psychic Surge]<br><small>The battlefield got weird!</small><br></div><div class="spacer battle-history"><br></div><div class="battle-history"><small>(The hail is crashing down.)</small><br></div><div class="battle-history"><small>Brainstorm is buffeted by the hail!</small><br></div><div class="battle-history"><small>The opposing Falinks is buffeted by the hail!</small><br></div><div class="battle-history"><small>The opposing Falinks restored a little HP using its Leftovers!</small><br></div><div class="spacer battle-history"><br></div><h2 class="battle-history">Turn 2</h2><div class="spacer battle-history"><br></div><div class="battle-history">god of joe withdrew Falinks!<br></div><div class="battle-history">god of joe sent out Rotom (<strong>Rotom-Wash</strong>)!<br></div><div class="spacer battle-history"><br></div><div class="battle-history">Brainstorm used <strong>Expanding Force</strong>!<br></div><div class="battle-history"><small>(The opposing Rotom lost 63% of its health!)</small><br></div><div class="spacer battle-history"><br></div><div class="battle-history"><small>(The hail is crashing down.)</small><br></div><div class="battle-history"><small>Brainstorm is buffeted by the hail!</small><br></div><div class="battle-history"><small>The opposing Rotom is buffeted by the hail!</small><br></div><div class="battle-history"><small>The opposing Rotom restored a little HP using its Leftovers!</small><br></div><div class="spacer battle-history"><br></div><h2 class="battle-history">Turn 3</h2><div class="spacer battle-history"><br></div><div class="battle-history">god of joe withdrew Rotom!<br></div><div class="battle-history">god of joe sent out Sandslash (<strong>Sandslash-Alola</strong>)!<br></div><div class="spacer battle-history"><br></div><div class="battle-history">Brainstorm used <strong>Expanding Force</strong>!<br></div><div class="battle-history"><small>It's not very effective...</small><br></div><div class="battle-history"><small>(The opposing Sandslash lost 48% of its health!)</small><br></div><div class="spacer battle-history"><br></div><div class="battle-history"><small>(The hail is crashing down.)</small><br></div><div class="battle-history"><small>Brainstorm is buffeted by the hail!</small><br></div><div class="battle-history"><small>The opposing Sandslash restored a little HP using its Leftovers!</small><br></div><div class="spacer battle-history"><br></div><h2 class="battle-history">Turn 4</h2><div class="spacer battle-history"><br></div><div class="battle-history">Brainstorm, come back!<br></div><div class="battle-history">Go! Fenrir (<strong>Arcanine</strong>)!<br></div><div class="battle-history">[Fenrir's Intimidate]<br></div><div class="battle-history"><small>The opposing Sandslash's Attack fell!</small><br></div><div class="spacer battle-history"><br></div><div class="battle-history">The opposing Sandslash used <strong>Swords Dance</strong>!<br></div><div class="battle-history"><small>The opposing Sandslash's Attack rose sharply!</small><br></div><div class="spacer battle-history"><br></div><div class="battle-history"><small>(The hail is crashing down.)</small><br></div><div class="battle-history"><small>Fenrir is buffeted by the hail!</small><br></div><div class="battle-history"><small>The opposing Sandslash restored a little HP using its Leftovers!</small><br></div><div class="spacer battle-history"><br></div><h2 class="battle-history">Turn 5</h2><div class="spacer battle-history"><br></div><div class="battle-history">The opposing Sandslash used <strong>Earthquake</strong>!<br></div><div class="battle-history"><small>It's super effective!</small><br></div><div class="battle-history"><small>(Fenrir lost 94% of its health!)</small><br></div><div class="spacer battle-history"><br></div><div class="battle-history">Fenrir fainted!<br></div><div class="spacer battle-history"><br></div><div class="battle-history"><small>The hail stopped.</small><br></div><div class="battle-history"><small>The opposing Sandslash restored a little HP using its Leftovers!</small><br></div><div class="battle-history"><small>The weirdness disappeared from the battlefield!</small><br></div><div class="spacer battle-history"><br></div><div class="battle-history">Go! Blue Spirit (<strong>Mienshao-Yaoguai</strong>)!<br></div><div class="chat"><ul class="utilichart"><li class="result"><span class="col pokemonnamecol" style="white-space: nowrap">Mienshao-Yaoguai</span> <span class="col typecol"><img src="https://dragonheaven.herokuapp.com/sprites/types/Fighting.png" alt="Fighting" height="14" width="32"><img src="https://dragonheaven.herokuapp.com/sprites/types/Ghost.png" alt="Ghost" height="14" width="32"></span> <span style="float: left ; min-height: 26px"><span class="col abilitycol">Inner Focus / Prankster / Berserk</span><span class="col abilitycol"></span></span></li><li style="clear: both"></li></ul></div><div class="chat"><ul class="utilichart"><li class="result"><span style="float: left ; min-height: 26px"><span class="col statcol"><em>HP</em><br>65</span> <span class="col statcol"><em>Atk</em><br>125</span> <span class="col statcol"><em>Def</em><br>60</span> <span class="col statcol"><em>SpA</em><br>105</span> <span class="col statcol"><em>SpD</em><br>60</span> <span class="col statcol"><em>Spe</em><br>95</span> </span></li><li style="clear: both"></li></ul></div><div class="battle-history"><small>(Mienshao-Yaoguai was created by Hematite!)</small><br></div><div class="spacer battle-history"><br></div><h2 class="battle-history">Turn 6</h2><div class="spacer battle-history"><br></div><div class="battle-history">god of joe withdrew Sandslash!<br></div><div class="battle-history">god of joe sent out Rotom (<strong>Rotom-Wash</strong>)!<br></div><div class="spacer battle-history"><br></div><div class="battle-history">Blue Spirit used <strong>Close Combat</strong>!<br></div><div class="battle-history"><small>(The opposing Rotom lost 37% of its health!)</small><br></div><div class="battle-history"><small>Blue Spirit's Defense fell!</small><br></div><div class="battle-history"><small>Blue Spirit's Sp. Def fell!</small><br></div><div class="spacer battle-history"><br></div><div class="battle-history">The opposing Rotom fainted!<br></div><div class="spacer battle-history"><br></div><div class="battle-history">god of joe sent out <strong>Skiversnow</strong>!<br></div><div class="battle-history">[The opposing Skiversnow's Snow Warning]<br><small>It started to hail!</small><br></div><div class="spacer battle-history"><br></div><h2 class="battle-history">Turn 7</h2><div class="spacer battle-history"><br></div><div class="battle-history">Blue Spirit, come back!<br></div><div class="battle-history">Go! Biting Nettle (<strong>Carnivenom</strong>)!<br></div><div class="chat"><ul class="utilichart"><li class="result"><span class="col pokemonnamecol" style="white-space: nowrap">Carnivenom</span> <span class="col typecol"><img src="https://dragonheaven.herokuapp.com/sprites/types/Grass.png" alt="Grass" height="14" width="32"><img src="https://dragonheaven.herokuapp.com/sprites/types/Poison.png" alt="Poison" height="14" width="32"></span> <span style="float: left ; min-height: 26px"><span class="col abilitycol">Levitate</span><span class="col abilitycol"></span></span></li><li style="clear: both"></li></ul></div><div class="chat"><ul class="utilichart"><li class="result"><span style="float: left ; min-height: 26px"><span class="col statcol"><em>HP</em><br>94</span> <span class="col statcol"><em>Atk</em><br>105</span> <span class="col statcol"><em>Def</em><br>82</span> <span class="col statcol"><em>SpA</em><br>100</span> <span class="col statcol"><em>SpD</em><br>102</span> <span class="col statcol"><em>Spe</em><br>51</span> </span></li><li style="clear: both"></li></ul></div><div class="battle-history"><small>(Carnivenom was created by inkbug!)</small><br></div><div class="spacer battle-history"><br></div><div class="battle-history">The opposing Skiversnow used <strong>Substitute</strong>!<br></div><div class="battle-history"><small>The opposing Skiversnow put in a substitute!</small><br></div><div class="battle-history"><small>(The opposing Skiversnow lost 25% of its health!)</small><br></div><div class="spacer battle-history"><br></div><div class="battle-history"><small>(The hail is crashing down.)</small><br></div><div class="battle-history"><small>Biting Nettle is buffeted by the hail!</small><br></div><div class="battle-history"><small>Biting Nettle restored a little HP using its Black Sludge!</small><br></div><div class="spacer battle-history"><br></div><h2 class="battle-history">Turn 8</h2><div class="spacer battle-history"><br></div><div class="battle-history">The opposing Skiversnow used <strong>Blizzard</strong>!<br></div><div class="battle-history"><small>It's super effective!</small><br></div><div class="battle-history"><small>(Biting Nettle lost 57% of its health!)</small><br></div><div class="spacer battle-history"><br></div><div class="battle-history">Biting Nettle used <strong>Knock Off</strong>!<br></div><div class="battle-history"><small>The opposing Skiversnow's substitute faded!</small><br></div><div class="spacer battle-history"><br></div><div class="battle-history"><small>(The hail is crashing down.)</small><br></div><div class="battle-history"><small>Biting Nettle is buffeted by the hail!</small><br></div><div class="battle-history"><small>Biting Nettle restored a little HP using its Black Sludge!</small><br></div><div class="spacer battle-history"><br></div><h2 class="battle-history">Turn 9</h2><div class="spacer battle-history"><br></div><div class="battle-history">The opposing Skiversnow used <strong>Leech Seed</strong>!<br></div><div class="battle-history"><small>It doesn't affect Biting Nettle...</small><br></div><div class="spacer battle-history"><br></div><div class="battle-history">Biting Nettle used <strong>Knock Off</strong>!<br></div><div class="battle-history"><small>(The opposing Skiversnow lost 35% of its health!)</small><br></div><div class="battle-history"><small>Biting Nettle knocked off the opposing Skiversnow's Heavy-Duty Boots!</small><br></div><div class="spacer battle-history"><br></div><div class="battle-history"><small>(The hail is crashing down.)</small><br></div><div class="battle-history"><small>Biting Nettle is buffeted by the hail!</small><br></div><div class="battle-history"><small>Biting Nettle restored a little HP using its Black Sludge!</small><br></div><div class="spacer battle-history"><br></div><h2 class="battle-history">Turn 10</h2><div class="spacer battle-history"><br></div><div class="battle-history">Biting Nettle, come back!<br></div><div class="battle-history">Go! Brainstorm (<strong>Bafflack</strong>)!<br></div><div class="battle-history">[Brainstorm's Psychic Surge]<br><small>The battlefield got weird!</small><br></div><div class="spacer battle-history"><br></div><div class="battle-history">The opposing Skiversnow used <strong>Blizzard</strong>!<br></div><div class="battle-history"><small>It's not very effective...</small><br></div><div class="battle-history"><small>(Brainstorm lost 20% of its health!)</small><br></div><div class="spacer battle-history"><br></div><div class="battle-history"><small>(The hail is crashing down.)</small><br></div><div class="battle-history"><small>Brainstorm is buffeted by the hail!</small><br></div><div class="spacer battle-history"><br></div><h2 class="battle-history">Turn 11</h2><div class="spacer battle-history"><br></div><div class="battle-history">god of joe withdrew Skiversnow!<br></div><div class="battle-history">god of joe sent out <strong>Nown</strong>!<br></div><div class="chat"><ul class="utilichart"><li class="result"><span class="col pokemonnamecol" style="white-space: nowrap">Nown</span> <span class="col typecol"><img src="https://dragonheaven.herokuapp.com/sprites/types/Psychic.png" alt="Psychic" height="14" width="32"></span> <span style="float: left ; min-height: 26px"><span class="col abilitycol">Protean</span><span class="col abilitycol"></span></span></li><li style="clear: both"></li></ul></div><div class="chat"><ul class="utilichart"><li class="result"><span style="float: left ; min-height: 26px"><span class="col statcol"><em>HP</em><br>108</span> <span class="col statcol"><em>Atk</em><br>91</span> <span class="col statcol"><em>Def</em><br>28</span> <span class="col statcol"><em>SpA</em><br>132</span> <span class="col statcol"><em>SpD</em><br>23</span> <span class="col statcol"><em>Spe</em><br>98</span> </span></li><li style="clear: both"></li></ul></div><div class="battle-history"><small>(Nown was created by abismal!)</small><br></div><div class="spacer battle-history"><br></div><div class="battle-history">Brainstorm used <strong>Flip Turn</strong>!<br></div><div class="battle-history"><small>(The opposing Nown lost 51% of its health!)</small><br></div><div class="spacer battle-history"><br></div><div class="battle-history">Brainstorm, come back!<br></div><div class="battle-history">Go! Volto (<strong>Aleon</strong>)!<br></div><div class="spacer battle-history"><br></div><div class="battle-history"><small>The hail stopped.</small><br></div><div class="spacer battle-history"><br></div><h2 class="battle-history">Turn 12</h2><div class="spacer battle-history"><br></div><div class="battle-history">Volto used <strong>Expanding Force</strong>!<br></div><div class="battle-history"><small>(The opposing Nown lost 49% of its health!)</small><br></div><div class="spacer battle-history"><br></div><div class="battle-history">The opposing Nown fainted!<br></div><div class="chat chatmessage-codenamemagnum"><strong style="color:#b547bb"><small> </small><span class="username" data-name="Codename Magnum">Codename Magnum</span>:</strong> <em>NOWN??</em></div><div class="spacer battle-history"><br></div><div class="battle-history">god of joe sent out <strong>Dusglow</strong>!<br></div><div class="chat"><ul class="utilichart"><li class="result"><span class="col pokemonnamecol" style="white-space: nowrap">Dusglow</span> <span class="col typecol"><img src="https://dragonheaven.herokuapp.com/sprites/types/Ghost.png" alt="Ghost" height="14" width="32"><img src="https://dragonheaven.herokuapp.com/sprites/types/Fairy.png" alt="Fairy" height="14" width="32"></span> <span style="float: left ; min-height: 26px"><span class="col abilitycol">Pressure / Wandering Spirit</span><span class="col abilitycol"></span></span></li><li style="clear: both"></li></ul></div><div class="chat"><ul class="utilichart"><li class="result"><span style="float: left ; min-height: 26px"><span class="col statcol"><em>HP</em><br>45</span> <span class="col statcol"><em>Atk</em><br>85</span> <span class="col statcol"><em>Def</em><br>105</span> <span class="col statcol"><em>SpA</em><br>115</span> <span class="col statcol"><em>SpD</em><br>105</span> <span class="col statcol"><em>Spe</em><br>70</span> </span></li><li style="clear: both"></li></ul></div><div class="battle-history"><small>(Dusglow was created by Violet!)</small><br></div><div class="spacer battle-history"><br></div><h2 class="battle-history">Turn 13</h2><div class="chat chatmessage-codenamemagnum"><strong style="color:#b547bb"><small> </small><span class="username" data-name="Codename Magnum">Codename Magnum</span>:</strong> <em>oh my god</em></div><div class="chat chatmessage-violettes"><strong style="color:#728b27"><small>☆</small><span class="username" data-name="Violettes">Violettes</span>:</strong> <em>!dt nown</em></div><div class="chat"><div class="message"><ul class="utilichart"><li class="result"><span class="col numcol">Evo!</span> <span class="col iconcol"><span class="picon" style="background: transparent url(&quot;https://play.pokemonshowdown.com/sprites/pokemonicons-sheet.png?v4&quot;) no-repeat scroll -0px -0px"></span></span> <span class="col pokemonnamecol" style="white-space: nowrap"><a href="https://dex.pokemonshowdown.com/pokemon/nown" target="_blank" rel="noopener">Nown</a></span> <span class="col typecol"><img src="https://dragonheaven.herokuapp.com/sprites/types/Psychic.png" alt="Psychic" height="14" width="32"></span> <span style="float: left ; min-height: 26px"><span class="col abilitycol">Protean</span><span class="col abilitycol"></span></span><span style="float: left ; min-height: 26px"><span class="col statcol"><em>HP</em><br>108</span> <span class="col statcol"><em>Atk</em><br>91</span> <span class="col statcol"><em>Def</em><br>28</span> <span class="col statcol"><em>SpA</em><br>132</span> <span class="col statcol"><em>SpD</em><br>23</span> <span class="col statcol"><em>Spe</em><br>98</span> <span class="col bstcol"><em>BST<br>480</em></span> </span></li><li style="clear: both"></li></ul></div></div><div class="chat"><font size="1"><font color="#686868">Dex#:</font> -201&nbsp;|  <font color="#686868">Gen:</font> 0&nbsp;|  <font color="#686868">Height:</font> 0.5 m&nbsp;|  <font color="#686868">Weight:</font> 5 kg <em>(20 BP)</em>&nbsp;|  <font color="#686868">Dex Colour:</font> Black&nbsp;|  <font color="#686868">Egg Group(s):</font> Undiscovered&nbsp;|  <font color="#686868">Does Not Evolve</font></font></div><div class="chat chatmessage-codenamemagnum"><strong style="color:#b547bb"><small> </small><span class="username" data-name="Codename Magnum">Codename Magnum</span>:</strong> <em>they are now nown</em></div><div class="spacer battle-history"><br></div><div class="battle-history">Volto used <strong>Terrain Pulse</strong>!<br></div><div class="battle-history"><small>(The opposing Dusglow lost 38% of its health!)</small><br></div><div class="spacer battle-history"><br></div><div class="battle-history">The opposing Dusglow used <strong>Substitute</strong>!<br></div><div class="battle-history"><small>The opposing Dusglow put in a substitute!</small><br></div><div class="battle-history"><small>(The opposing Dusglow lost 24% of its health!)</small><br></div><div class="spacer battle-history"><br></div><div class="battle-history"><small>The opposing Dusglow restored a little HP using its Leftovers!</small><br></div><div class="spacer battle-history"><br></div><h2 class="battle-history">Turn 14</h2><div class="chat chatmessage-codenamemagnum"><strong style="color:#b547bb"><small> </small><span class="username" data-name="Codename Magnum">Codename Magnum</span>:</strong> <em>holy shit</em></div><div class="chat chatmessage-inkbug1 mine"><strong style="color:#e46e0f"><small>~</small><span class="username" data-name="inkbug1">inkbug1</span>:</strong> <em>it learns 4 moves now but all of them are weird</em></div><div class="spacer battle-history"><br></div><div class="battle-history">Volto used <strong>Terrain Pulse</strong>!<br></div><div class="battle-history"><small>The opposing Dusglow's substitute faded!</small><br></div><div class="spacer battle-history"><br></div><div class="battle-history">The opposing Dusglow used <strong>Draining Kiss</strong>!<br></div><div class="battle-history"><small>(Volto lost 28% of its health!)</small><br></div><div class="battle-history"><small>Volto had its energy drained!</small><br></div><div class="spacer battle-history"><br></div><div class="battle-history"><small>The opposing Dusglow restored a little HP using its Leftovers!</small><br></div><div class="battle-history"><small>The weirdness disappeared from the battlefield!</small><br></div><div class="spacer battle-history"><br></div><h2 class="battle-history">Turn 15</h2><div class="spacer battle-history"><br></div><div class="battle-history">Volto used <strong>Psyshock</strong>!<br></div><div class="battle-history"><small>It doesn't affect the opposing Dusglow...</small><br></div><div class="spacer battle-history"><br></div><div class="battle-history">The opposing Dusglow used <strong>Substitute</strong>!<br></div><div class="battle-history"><small>The opposing Dusglow put in a substitute!</small><br></div><div class="battle-history"><small>(The opposing Dusglow lost 25% of its health!)</small><br></div><div class="spacer battle-history"><br></div><div class="battle-history"><small>The opposing Dusglow restored a little HP using its Leftovers!</small><br></div><div class="spacer battle-history"><br></div><h2 class="battle-history">Turn 16</h2><div class="spacer battle-history"><br></div><div class="battle-history">Volto, come back!<br></div><div class="battle-history">Go! Biting Nettle (<strong>Carnivenom</strong>)!<br></div><div class="spacer battle-history"><br></div><div class="battle-history">The opposing Dusglow used <strong>Calm Mind</strong>!<br></div><div class="battle-history"><small>The opposing Dusglow's Sp. Atk rose!</small><br></div><div class="battle-history"><small>The opposing Dusglow's Sp. Def rose!</small><br></div><div class="spacer battle-history"><br></div><div class="battle-history"><small>The opposing Dusglow restored a little HP using its Leftovers!</small><br></div><div class="battle-history"><small>Biting Nettle restored a little HP using its Black Sludge!</small><br></div><div class="spacer battle-history"><br></div><h2 class="battle-history">Turn 17</h2><div class="spacer battle-history"><br></div><div class="battle-history">The opposing Dusglow used <strong>Shadow Ball</strong>!<br></div><div class="battle-history"><small>(Biting Nettle lost 41% of its health!)</small><br></div><div class="spacer battle-history"><br></div><div class="battle-history">Biting Nettle used <strong>Synthesis</strong>!<br></div><div class="battle-history"><small>Biting Nettle had its HP restored.</small><br></div><div class="spacer battle-history"><br></div><div class="battle-history"><small>The opposing Dusglow restored a little HP using its Leftovers!</small><br></div><div class="battle-history"><small>Biting Nettle restored a little HP using its Black Sludge!</small><br></div><div class="spacer battle-history"><br></div><h2 class="battle-history">Turn 18</h2><div class="spacer battle-history"><br></div><div class="battle-history">The opposing Dusglow used <strong>Calm Mind</strong>!<br></div><div class="battle-history"><small>The opposing Dusglow's Sp. Atk rose!</small><br></div><div class="battle-history"><small>The opposing Dusglow's Sp. Def rose!</small><br></div><div class="spacer battle-history"><br></div><div class="battle-history">Biting Nettle used <strong>Power Whip</strong>!<br></div><div class="battle-history"><small>The opposing Dusglow's substitute faded!</small><br></div><div class="spacer battle-history"><br></div><div class="battle-history"><small>The opposing Dusglow restored a little HP using its Leftovers!</small><br></div><div class="battle-history"><small>Biting Nettle restored a little HP using its Black Sludge!</small><br></div><div class="spacer battle-history"><br></div><h2 class="battle-history">Turn 19</h2><div class="spacer battle-history"><br></div><div class="battle-history">The opposing Dusglow used <strong>Shadow Ball</strong>!<br></div><div class="battle-history"><small>(Biting Nettle lost 54% of its health!)</small><br></div><div class="spacer battle-history"><br></div><div class="battle-history">Biting Nettle used <strong>Power Whip</strong>!<br></div><div class="battle-history"><small>(The opposing Dusglow lost 36% of its health!)</small><br></div><div class="battle-history">[The opposing Dusglow's Wandering Spirit]<br>[The opposing Dusglow's Levitate]<br>[Biting Nettle's Wandering Spirit]<br><small>The opposing Dusglow swapped Abilities with its target!</small><br></div><div class="spacer battle-history"><br></div><div class="battle-history"><small>The opposing Dusglow restored a little HP using its Leftovers!</small><br></div><div class="battle-history"><small>Biting Nettle restored a little HP using its Black Sludge!</small><br></div><div class="spacer battle-history"><br></div><h2 class="battle-history">Turn 20</h2><div class="spacer battle-history"><br></div><div class="battle-history">The opposing Dusglow used <strong>Substitute</strong>!<br></div><div class="battle-history"><small>The opposing Dusglow put in a substitute!</small><br></div><div class="battle-history"><small>(The opposing Dusglow lost 25% of its health!)</small><br></div><div class="spacer battle-history"><br></div><div class="battle-history">Biting Nettle used <strong>Power Whip</strong>!<br></div><div class="battle-history"><small>The opposing Dusglow avoided the attack!</small><br></div><div class="spacer battle-history"><br></div><div class="battle-history"><small>The opposing Dusglow restored a little HP using its Leftovers!</small><br></div><div class="battle-history"><small>Biting Nettle restored a little HP using its Black Sludge!</small><br></div><div class="spacer battle-history"><br></div><h2 class="battle-history">Turn 21</h2><div class="spacer battle-history"><br></div><div class="battle-history">The opposing Dusglow used <strong>Shadow Ball</strong>!<br></div><div class="battle-history"><small>(Biting Nettle lost 29% of its health!)</small><br></div><div class="spacer battle-history"><br></div><div class="battle-history">Biting Nettle fainted!<br></div><div class="spacer battle-history"><br></div><div class="battle-history"><small>The opposing Dusglow restored a little HP using its Leftovers!</small><br></div><div class="spacer battle-history"><br></div><div class="battle-history">Go! Brainstorm (<strong>Bafflack</strong>)!<br></div><div class="battle-history">[Brainstorm's Psychic Surge]<br><small>The battlefield got weird!</small><br></div><div class="spacer battle-history"><br></div><h2 class="battle-history">Turn 22</h2><div class="spacer battle-history"><br></div><div class="battle-history">Brainstorm used <strong>Expanding Force</strong>!<br></div><div class="battle-history"><small>The opposing Dusglow's substitute faded!</small><br></div><div class="spacer battle-history"><br></div><div class="battle-history">The opposing Dusglow used <strong>Draining Kiss</strong>!<br></div><div class="battle-history"><small>(Brainstorm lost 37% of its health!)</small><br></div><div class="battle-history"><small>Brainstorm had its energy drained!</small><br></div><div class="spacer battle-history"><br></div><div class="battle-history"><small>The opposing Dusglow restored a little HP using its Leftovers!</small><br></div><div class="spacer battle-history"><br></div><h2 class="battle-history">Turn 23</h2><div class="spacer battle-history"><br></div><div class="battle-history">Brainstorm used <strong>Expanding Force</strong>!<br></div><div class="battle-history"><small>(The opposing Dusglow lost 33% of its health!)</small><br></div><div class="spacer battle-history"><br></div><div class="battle-history">The opposing Dusglow used <strong>Draining Kiss</strong>!<br></div><div class="battle-history"><small>(Brainstorm lost 20% of its health!)</small><br></div><div class="battle-history"><small>Brainstorm had its energy drained!</small><br></div><div class="spacer battle-history"><br></div><div class="battle-history">Brainstorm fainted!<br></div><div class="spacer battle-history"><br></div><div class="battle-history"><small>The opposing Dusglow restored a little HP using its Leftovers!</small><br></div><div class="spacer battle-history"><br></div><div class="battle-history">Go! Blue Spirit (<strong>Mienshao-Yaoguai</strong>)!<br></div><div class="spacer battle-history"><br></div><h2 class="battle-history">Turn 24</h2><div class="spacer battle-history"><br></div><div class="battle-history">Blue Spirit used <strong>Me First</strong>!<br></div><div class="spacer battle-history"><br></div><div class="battle-history">Blue Spirit used <strong>Draining Kiss</strong>!<br></div><div class="battle-history"><small>(The opposing Dusglow lost 10% of its health!)</small><br></div><div class="spacer battle-history"><br></div><div class="battle-history">The opposing Dusglow used <strong>Draining Kiss</strong>!<br></div><div class="battle-history"><small>It's super effective!</small><br></div><div class="battle-history"><small>(Blue Spirit lost 100% of its health!)</small><br></div><div class="battle-history"><small>Blue Spirit had its energy drained!</small><br></div><div class="spacer battle-history"><br></div><div class="battle-history">Blue Spirit fainted!<br></div><div class="spacer battle-history"><br></div><div class="battle-history">Go! Acceptance (<strong>Resurrectric</strong>)!<br></div><div class="chat"><ul class="utilichart"><li class="result"><span class="col pokemonnamecol" style="white-space: nowrap">Resurrectric</span> <span class="col typecol"><img src="https://dragonheaven.herokuapp.com/sprites/types/Ground.png" alt="Ground" height="14" width="32"><img src="https://dragonheaven.herokuapp.com/sprites/types/Electric.png" alt="Electric" height="14" width="32"></span> <span style="float: left ; min-height: 26px"><span class="col abilitycol">Inner Focus / Lightning Rod / Battle Armor</span><span class="col abilitycol"></span></span></li><li style="clear: both"></li></ul></div><div class="chat"><ul class="utilichart"><li class="result"><span style="float: left ; min-height: 26px"><span class="col statcol"><em>HP</em><br>80</span> <span class="col statcol"><em>Atk</em><br>60</span> <span class="col statcol"><em>Def</em><br>130</span> <span class="col statcol"><em>SpA</em><br>90</span> <span class="col statcol"><em>SpD</em><br>80</span> <span class="col statcol"><em>Spe</em><br>45</span> </span></li><li style="clear: both"></li></ul></div><div class="battle-history"><small>(Resurrectric was created by Hematite!)</small><br></div><div class="spacer battle-history"><br></div><h2 class="battle-history">Turn 25</h2><div class="spacer battle-history"><br></div><div class="battle-history">Acceptance used <strong>Earthquake</strong>!<br></div><div class="battle-history">[The opposing Dusglow's Levitate]<br><small>It doesn't affect the opposing Dusglow...</small><br></div><div class="spacer battle-history"><br></div><div class="battle-history">The opposing Dusglow used <strong>Substitute</strong>!<br></div><div class="battle-history"><small>The opposing Dusglow put in a substitute!</small><br></div><div class="battle-history"><small>(The opposing Dusglow lost 24% of its health!)</small><br></div><div class="spacer battle-history"><br></div><div class="battle-history"><small>The opposing Dusglow restored a little HP using its Leftovers!</small><br></div><div class="spacer battle-history"><br></div><h2 class="battle-history">Turn 26</h2><div class="spacer battle-history"><br></div><div class="battle-history">Acceptance used <strong>Knock Off</strong>!<br></div><div class="battle-history"><small>The substitute took damage for the opposing Dusglow!</small><br></div><div class="spacer battle-history"><br></div><div class="battle-history">The opposing Dusglow used <strong>Shadow Ball</strong>!<br></div><div class="battle-history"><small>(Acceptance lost 97% of its health!)</small><br></div><div class="spacer battle-history"><br></div><div class="battle-history"><small>The opposing Dusglow restored a little HP using its Leftovers!</small><br></div><div class="battle-history"><small>The weirdness disappeared from the battlefield!</small><br></div><div class="spacer battle-history"><br></div><h2 class="battle-history">Turn 27</h2><div class="spacer battle-history"><br></div><div class="battle-history">Acceptance used <strong>Knock Off</strong>!<br></div><div class="battle-history"><small>The opposing Dusglow's substitute faded!</small><br></div><div class="spacer battle-history"><br></div><div class="battle-history">The opposing Dusglow used <strong>Shadow Ball</strong>!<br></div><div class="battle-history"><small>(Acceptance lost 3% of its health!)</small><br></div><div class="spacer battle-history"><br></div><div class="battle-history">Acceptance fainted!<br></div><div class="spacer battle-history"><br></div><div class="battle-history"><small>The opposing Dusglow restored a little HP using its Leftovers!</small><br></div><div class="spacer battle-history"><br></div><div class="battle-history">Go! Volto (<strong>Aleon</strong>)!<br></div><div class="spacer battle-history"><br></div><h2 class="battle-history">Turn 28</h2><div class="spacer battle-history"><br></div><div class="battle-history">Volto used <strong>Volt Switch</strong>!<br></div><div class="battle-history"><small>It doesn't affect the opposing Dusglow...</small><br></div><div class="spacer battle-history"><br></div><div class="battle-history">The opposing Dusglow used <strong>Substitute</strong>!<br></div><div class="battle-history"><small>The opposing Dusglow put in a substitute!</small><br></div><div class="battle-history"><small>(The opposing Dusglow lost 25% of its health!)</small><br></div><div class="spacer battle-history"><br></div><div class="battle-history"><small>The opposing Dusglow restored a little HP using its Leftovers!</small><br></div><div class="spacer battle-history"><br></div><h2 class="battle-history">Turn 29</h2><div class="spacer battle-history"><br></div><div class="battle-history">Volto used <strong>Volt Switch</strong>!<br></div><div class="battle-history"><small>It doesn't affect the opposing Dusglow...</small><br></div><div class="spacer battle-history"><br></div><div class="battle-history">The opposing Dusglow used <strong>Calm Mind</strong>!<br></div><div class="battle-history"><small>The opposing Dusglow's Sp. Atk rose!</small><br></div><div class="battle-history"><small>The opposing Dusglow's Sp. Def rose!</small><br></div><div class="spacer battle-history"><br></div><div class="battle-history"><small>The opposing Dusglow restored a little HP using its Leftovers!</small><br></div><div class="spacer battle-history"><br></div><h2 class="battle-history">Turn 30</h2><div class="spacer battle-history"><br></div><div class="battle-history">Volto used <strong>Volt Switch</strong>!<br></div><div class="battle-history"><small>It doesn't affect the opposing Dusglow...</small><br></div><div class="spacer battle-history"><br></div><div class="battle-history">The opposing Dusglow used <strong>Calm Mind</strong>!<br></div><div class="battle-history"><small>The opposing Dusglow's Sp. Atk rose!</small><br></div><div class="battle-history"><small>The opposing Dusglow's Sp. Def rose!</small><br></div><div class="spacer battle-history"><br></div><div class="battle-history"><small>The opposing Dusglow restored a little HP using its Leftovers!</small><br></div><div class="spacer battle-history"><br></div><h2 class="battle-history">Turn 31</h2><div class="spacer battle-history"><br></div><div class="battle-history"><small>Violettes forfeited.</small><br></div><div class="spacer battle-history"><br></div><div class="battle-history"><strong>god of joe</strong> won the battle!<br></div><div class="chat"><small>☆Violettes left</small></div></div><div class="inner-preempt message-log"></div></div></div>
</div>
<script>
let daily = Math.floor(Date.now()/1000/60/60/24);document.write('<script src="https://dragonheaven.herokuapp.com/js/replay-embed.js?version'+daily+'"></'+'script>');
</script>
