<!DOCTYPE html>
<meta charset="utf-8" />
<!-- version 1 -->
<title>[Gen 8] Evolution Project replay: inkbug1 vs. H2OPulse</title>
<style>
html,body {font-family:Verdana, sans-serif;font-size:10pt;margin:0;padding:0;}body{padding:12px 0;} .battle-log {font-family:Verdana, sans-serif;font-size:10pt;} .battle-log-inline {border:1px solid #AAAAAA;background:#EEF2F5;color:black;max-width:640px;margin:0 auto 80px;padding-bottom:5px;} .battle-log .inner {padding:4px 8px 0px 8px;} .battle-log .inner-preempt {padding:0 8px 4px 8px;} .battle-log .inner-after {margin-top:0.5em;} .battle-log h2 {margin:0.5em -8px;padding:4px 8px;border:1px solid #AAAAAA;background:#E0E7EA;border-left:0;border-right:0;font-family:Verdana, sans-serif;font-size:13pt;} .battle-log .chat {vertical-align:middle;padding:3px 0 3px 0;font-size:8pt;} .battle-log .chat strong {color:#40576A;} .battle-log .chat em {padding:1px 4px 1px 3px;color:#000000;font-style:normal;} .chat.mine {background:rgba(0,0,0,0.05);margin-left:-8px;margin-right:-8px;padding-left:8px;padding-right:8px;} .spoiler {color:#BBBBBB;background:#BBBBBB;padding:0px 3px;} .spoiler:hover, .spoiler:active, .spoiler-shown {color:#000000;background:#E2E2E2;padding:0px 3px;} .spoiler a {color:#BBBBBB;} .spoiler:hover a, .spoiler:active a, .spoiler-shown a {color:#2288CC;} .chat code, .chat .spoiler:hover code, .chat .spoiler:active code, .chat .spoiler-shown code {border:1px solid #C0C0C0;background:#EEEEEE;color:black;padding:0 2px;} .chat .spoiler code {border:1px solid #CCCCCC;background:#CCCCCC;color:#CCCCCC;} .battle-log .rated {padding:3px 4px;} .battle-log .rated strong {color:white;background:#89A;padding:1px 4px;border-radius:4px;} .spacer {margin-top:0.5em;} .message-announce {background:#6688AA;color:white;padding:1px 4px 2px;} .message-announce a, .broadcast-green a, .broadcast-blue a, .broadcast-red a {color:#DDEEFF;} .broadcast-green {background-color:#559955;color:white;padding:2px 4px;} .broadcast-blue {background-color:#6688AA;color:white;padding:2px 4px;} .infobox {border:1px solid #6688AA;padding:2px 4px;} .infobox-limited {max-height:200px;overflow:auto;overflow-x:hidden;} .broadcast-red {background-color:#AA5544;color:white;padding:2px 4px;} .message-learn-canlearn {font-weight:bold;color:#228822;text-decoration:underline;} .message-learn-cannotlearn {font-weight:bold;color:#CC2222;text-decoration:underline;} .message-effect-weak {font-weight:bold;color:#CC2222;} .message-effect-resist {font-weight:bold;color:#6688AA;} .message-effect-immune {font-weight:bold;color:#666666;} .message-learn-list {margin-top:0;margin-bottom:0;} .message-throttle-notice, .message-error {color:#992222;} .message-overflow, .chat small.message-overflow {font-size:0pt;} .message-overflow::before {font-size:9pt;content:'...';} .subtle {color:#3A4A66;}
</style>
<div class="wrapper replay-wrapper" style="max-width:1180px;margin:0 auto">
<input type="hidden" name="replayid" value="dragonheaven-gen8evolutionproject-97" />
<div class="battle"></div><div class="battle-log"></div><div class="replay-controls"></div><div class="replay-controls-2"></div>
<h1 style="font-weight:normal;text-align:center"><strong>[Gen 8] Evolution Project</strong><br /><a href="http://pokemonshowdown.com/users/inkbug1" class="subtle" target="_blank">inkbug1</a> vs. <a href="http://pokemonshowdown.com/users/h2opulse" class="subtle" target="_blank">H2OPulse</a></h1>
<script type="text/plain" class="battle-log-data">|j|☆inkbug1

|j|☆H2OPulse
|t:|1657774404
|player|p1|inkbug1|emmet|
|player|p2|H2OPulse|aetherfoundation|
|teamsize|p1|6
|teamsize|p2|6
|gametype|singles
|gen|8
|tier|[Gen 8] Evolution Project
|clearpoke
|poke|p1|Hoobarn, M|
|poke|p1|Rotom|
|poke|p1|Voltangent, F|
|poke|p1|Aleon, M|
|poke|p1|Dewgong-Variant, M|
|poke|p1|Starly-Crown, F|
|poke|p2|Orbeetle-Variant, M|
|poke|p2|Shiinotic-Kalos, F|
|poke|p2|Klefki-Galar, F|
|poke|p2|Vaporeon, F|
|poke|p2|Noivern-Variant, M|
|poke|p2|Resurrectric, M|
|rule|HP Percentage Mod: HP is shown in percentages
|rule|Endless Battle Clause: Forcing endless battles is banned
|rule|OHKO Clause: OHKO moves are banned
|rule|Evasion Moves Clause: Evasion moves are banned
|rule|Species Clause: Limit one of each Pokémon
|rule|Dynamax Clause: You cannot dynamax
|rule|Sleep Clause Mod: Limit one foe put to sleep
|rule|Z-Move Clause: Type-based Z-Moves are banned
|teampreview
|j|+Gekokeso
|c|☆inkbug1|i actually need to step away real quick bfore i start so let me do that
|c|☆inkbug1|right quick
|c|☆H2OPulse|Right okay
|c|☆H2OPulse|Well!! Good luck and have fun adhdjfkf
|c|+Gekokeso|question, why do people just keep stacking types on this mod?
|c|☆inkbug1|for stab on echoed voice 
|c|☆H2OPulse|Depends on the type I guess! A lot of types just have more viable Pokémon that go surprisingly well together
|c|☆H2OPulse|In this case, ink is using a very aggressive team of Normal spam (and many of the Steel-types around aren't very specially bulky and don't have recovery),
|c|☆H2OPulse|so it's sort of the hyper offensive kind of type spam that relies on overwhelming checks to the same type
|c|☆inkbug1|sorry, hold on, something came u p im gonna be another minute
|c|☆H2OPulse|For a more defensive team I would probably be more worried about synergy, but I think type spam is a thing in a lot of tiers and Normal just happens to be a good type for it here
|c|☆H2OPulse|It helps that Aleon is one of the fastest things in the mod O:
|c|☆H2OPulse|Electric is another type that's seeing a bit more type spam lately because we just freed Electric Surge, but I think that's felt more supportively relevant in VGC so far \/ I tried making an Electric Terrain team in singles but it feels like only the setter ever really uses it
|c|☆H2OPulse|(Also helps that Electric only has one weakness that's easily covered, though! like, Resurrectric and Orbeetle here straight-up do not share weaknesses and function nothing alike, so it's not really a concern)
|j|+god of joe
|c|☆H2OPulse|(Also, almost all of our popular field effect setters so far are off-type ones except the hail setter! which makes it a bit easier to run multiple abusers of the same type, because they can still synergize with the setter
|c|☆H2OPulse|Like, if you were running Psychic Terrain, you wouldn't have to worry about running too many Psychic-types because the one Psychic Surge setter isn't Psychic itself
|c|☆H2OPulse|Same goes for sun and Electric Terrain!)
|c|+god of joe|pretty much exactly what hema said
|c|+god of joe|i think it's rly rly interesting because 
|c|☆H2OPulse|Hi ausma!!!
|l|+Gekokeso
|c|+god of joe|the mons in this mod have a kind of design that you dont rly see anywhere else in pet mods or pokemon as a whole
|c|+god of joe|also hi :>
|c|+god of joe|oh he left right as i said that.
|c|☆H2OPulse|Aw :c
|c|☆H2OPulse|but also please continue I would love to see what you have to say OO:
|c|+god of joe|but yea it's so cool how the metagame climate is as different as it is compared to ones we're familiar with 
|c|☆H2OPulse|Yessss
|c|+god of joe|obviously with viability ceilings of specific moves, items, and abilities being so radically shifted 
|c|☆inkbug1|god !!!!!! fucking !!!!!! damn it !!!!!!!!!!!!!!!!!!!!!! im sorry ! i usually try to avoid having to do Fucking Laundry when im in the middle of things but apparently I have WRONGED GOD.
|c|☆H2OPulse|It's really amazing nmskffj I love how many of the gimmicky things people have tried to make actually pan out perfectly
|c|+god of joe|but part of that i think is also because we're trying to deliberately explore unique interactions
|c|☆H2OPulse|__ashdjfkg don't worry--__
|c|☆H2OPulse|Yeah : D
|
|t:|1657774955
|start
|switch|p1a: Telephone Song|Dewgong-Variant, M|383\/383
|switch|p2a: Zantedeschia|Resurrectric, M|100\/100
|-start|p1a: Telephone Song|typechange|Normal|[silent]
|raw|<ul class="utilichart"><li class="result"><span class="col pokemonnamecol" style="white-space: nowrap">Dewgong-Variant<\/span> <span class="col typecol"><img src="https:\/\/dragonheaven.herokuapp.com\/sprites\/types\/Normal.png" alt="Normal" height="14" width="32"><\/span> <span style="float: left ; min-height: 26px"><span class="col abilitycol">Hydration \/ Adaptability \/ Thick Fat<\/span><span class="col abilitycol"><\/span><\/span><\/li><li style="clear: both"><\/li><\/ul>
|raw|<ul class="utilichart"><li class="result"><span style="float: left ; min-height: 26px"><span class="col statcol"><em>HP<\/em><br>90<\/span> <span class="col statcol"><em>Atk<\/em><br>50<\/span> <span class="col statcol"><em>Def<\/em><br>80<\/span> <span class="col statcol"><em>SpA<\/em><br>110<\/span> <span class="col statcol"><em>SpD<\/em><br>95<\/span> <span class="col statcol"><em>Spe<\/em><br>50<\/span> <\/span><\/li><li style="clear: both"><\/li><\/ul>
|-hint|Dewgong-Variant was created by Magmajudis!
|-start|p2a: Zantedeschia|typechange|Ground\/Electric|[silent]
|raw|<ul class="utilichart"><li class="result"><span class="col pokemonnamecol" style="white-space: nowrap">Resurrectric<\/span> <span class="col typecol"><img src="https:\/\/dragonheaven.herokuapp.com\/sprites\/types\/Ground.png" alt="Ground" height="14" width="32"><img src="https:\/\/dragonheaven.herokuapp.com\/sprites\/types\/Electric.png" alt="Electric" height="14" width="32"><\/span> <span style="float: left ; min-height: 26px"><span class="col abilitycol">Inner Focus \/ Lightning Rod \/ Battle Armor<\/span><span class="col abilitycol"><\/span><\/span><\/li><li style="clear: both"><\/li><\/ul>
|raw|<ul class="utilichart"><li class="result"><span style="float: left ; min-height: 26px"><span class="col statcol"><em>HP<\/em><br>80<\/span> <span class="col statcol"><em>Atk<\/em><br>60<\/span> <span class="col statcol"><em>Def<\/em><br>130<\/span> <span class="col statcol"><em>SpA<\/em><br>125<\/span> <span class="col statcol"><em>SpD<\/em><br>80<\/span> <span class="col statcol"><em>Spe<\/em><br>45<\/span> <\/span><\/li><li style="clear: both"><\/li><\/ul>
|-hint|Resurrectric was created by Hematite!
|turn|1
|c|+god of joe|it's so easy to just call it a day and make like. a perfect ground-type or perfect rocks setter but 
|c|☆H2OPulse|Oh hype!!! Good luck and have fun O:
|
|t:|1657774974
|move|p1a: Telephone Song|Stockpile|p1a: Telephone Song
|-start|p1a: Telephone Song|stockpile1
|-boost|p1a: Telephone Song|def|1
|-boost|p1a: Telephone Song|spd|1
|move|p2a: Zantedeschia|Earth Power|p1a: Telephone Song
|-damage|p1a: Telephone Song|301\/383
|
|upkeep
|turn|2
|c|+god of joe|at the end of the day it's about the nuances of how roles r fulfilled 
|c|☆H2OPulse|Oh you are bulky now
|c|☆inkbug1|i am 
|c|☆inkbug1|turns out thats actually the correct way to run it.. just like magma intended................. genius 
|c|+god of joe|and the mod explores that hardcore which makes for many unique strategies and rather fickle\/unique viability ceilings
|c|+god of joe|Alright I Will now halt and spectate intently
|c|☆inkbug1|no u can kee p talking i love hearing things
|c|☆inkbug1|but i will add, this is a little bit like dual type spam 
|c|☆inkbug1|similar to having a lot of poisons and a lot of darks and then youre just Fine
|c|☆H2OPulse|I agree so much : D I love all of the subs here mmskfhk everyone just puts their best foot forward in such absurdly creative ways
|c|☆H2OPulse|Haha true--
|c|+god of joe|evo project is not only the best solomod but the best pet mod on the entire site
|c|+god of joe|change my mind
|
|t:|1657775075
|move|p1a: Telephone Song|Whirlpool|p2a: Zantedeschia
|-supereffective|p2a: Zantedeschia
|-damage|p2a: Zantedeschia|86\/100
|-activate|p2a: Zantedeschia|move: Whirlpool|[of] p1a: Telephone Song
|move|p2a: Zantedeschia|Volt Switch|p1a: Telephone Song
|-damage|p1a: Telephone Song|229\/383
|c|☆H2OPulse|;-;
|c|☆H2OPulse|I appreciate that
|c|☆H2OPulse|This project has meant so much to me and so does everyone here ;;
|
|t:|1657775112
|switch|p2a: Foxfire|Shiinotic-Kalos, F|100\/100|[from]move: Volt Switch
|-start|p2a: Foxfire|typechange|Poison\/Fairy|[silent]
|raw|<ul class="utilichart"><li class="result"><span class="col pokemonnamecol" style="white-space: nowrap">Shiinotic-Kalos<\/span> <span class="col typecol"><img src="https:\/\/dragonheaven.herokuapp.com\/sprites\/types\/Poison.png" alt="Poison" height="14" width="32"><img src="https:\/\/dragonheaven.herokuapp.com\/sprites\/types\/Fairy.png" alt="Fairy" height="14" width="32"><\/span> <span style="float: left ; min-height: 26px"><span class="col abilitycol">Illuminate \/ Effect Spore \/ Technician<\/span><span class="col abilitycol"><\/span><\/span><\/li><li style="clear: both"><\/li><\/ul>
|raw|<ul class="utilichart"><li class="result"><span style="float: left ; min-height: 26px"><span class="col statcol"><em>HP<\/em><br>60<\/span> <span class="col statcol"><em>Atk<\/em><br>45<\/span> <span class="col statcol"><em>Def<\/em><br>60<\/span> <span class="col statcol"><em>SpA<\/em><br>90<\/span> <span class="col statcol"><em>SpD<\/em><br>80<\/span> <span class="col statcol"><em>Spe<\/em><br>70<\/span> <\/span><\/li><li style="clear: both"><\/li><\/ul>
|-hint|Shiinotic-Kalos was created by Hematite!
|
|upkeep
|turn|3
|c|☆inkbug1|i like somehow pinched part of my finger in the door of the washing machine and its still stinging a little this is incredible
|c|☆H2OPulse|Oof I'm so sorry,,
|
|t:|1657775155
|switch|p1a: Semi Truck|Voltangent, F|341\/341
|-start|p1a: Semi Truck|typechange|Electric\/Dragon|[silent]
|raw|<ul class="utilichart"><li class="result"><span class="col pokemonnamecol" style="white-space: nowrap">Voltangent<\/span> <span class="col typecol"><img src="https:\/\/dragonheaven.herokuapp.com\/sprites\/types\/Electric.png" alt="Electric" height="14" width="32"><img src="https:\/\/dragonheaven.herokuapp.com\/sprites\/types\/Dragon.png" alt="Dragon" height="14" width="32"><\/span> <span style="float: left ; min-height: 26px"><span class="col abilitycol">Regenerator \/ Minus<\/span><span class="col abilitycol"><\/span><\/span><\/li><li style="clear: both"><\/li><\/ul>
|raw|<ul class="utilichart"><li class="result"><span style="float: left ; min-height: 26px"><span class="col statcol"><em>HP<\/em><br>100<\/span> <span class="col statcol"><em>Atk<\/em><br>115<\/span> <span class="col statcol"><em>Def<\/em><br>85<\/span> <span class="col statcol"><em>SpA<\/em><br>75<\/span> <span class="col statcol"><em>SpD<\/em><br>90<\/span> <span class="col statcol"><em>Spe<\/em><br>45<\/span> <\/span><\/li><li style="clear: both"><\/li><\/ul>
|-hint|Voltangent was created by Paulluxx!
|move|p2a: Foxfire|Spore|p1a: Semi Truck
|-status|p1a: Semi Truck|slp|[from] move: Spore
|
|upkeep
|turn|4
|
|t:|1657775163
|move|p2a: Foxfire|Acid Spray|p1a: Semi Truck
|-damage|p1a: Semi Truck|260\/341 slp
|-unboost|p1a: Semi Truck|spd|2
|-enditem|p1a: Semi Truck|Eject Button
|c|+god of joe|oh fuck are you ok??
|c|☆inkbug1|when you cant make your own emergency exit, store-bought is fine
|
|t:|1657775192
|switch|p1a: Starly-Davidson|Starly-Crown, F|283\/283
|-start|p1a: Starly-Davidson|typechange|Normal\/Flying|[silent]
|raw|<ul class="utilichart"><li class="result"><span class="col pokemonnamecol" style="white-space: nowrap">Starly-Crown<\/span> <span class="col typecol"><img src="https:\/\/dragonheaven.herokuapp.com\/sprites\/types\/Normal.png" alt="Normal" height="14" width="32"><img src="https:\/\/dragonheaven.herokuapp.com\/sprites\/types\/Flying.png" alt="Flying" height="14" width="32"><\/span> <span style="float: left ; min-height: 26px"><span class="col abilitycol">Murmuration<\/span><span class="col abilitycol"><\/span><\/span><\/li><li style="clear: both"><\/li><\/ul>
|raw|<ul class="utilichart"><li class="result"><span style="float: left ; min-height: 26px"><span class="col statcol"><em>HP<\/em><br>40<\/span> <span class="col statcol"><em>Atk<\/em><br>55<\/span> <span class="col statcol"><em>Def<\/em><br>30<\/span> <span class="col statcol"><em>SpA<\/em><br>30<\/span> <span class="col statcol"><em>SpD<\/em><br>30<\/span> <span class="col statcol"><em>Spe<\/em><br>60<\/span> <\/span><\/li><li style="clear: both"><\/li><\/ul>
|-hint|Starly-Crown was created by KeroseneZanchu!
|-formechange|p1a: Starly-Davidson|Starly-Crown-Cloud||[from] ability: Murmuration
|-message|Starly-Davidson changed to Cloud Form!
|-start|p1a: Starly-Davidson|typechange|Normal\/Flying|[silent]
|raw|<ul class="utilichart"><li class="result"><span class="col pokemonnamecol" style="white-space: nowrap">Starly-Crown-Cloud<\/span> <span class="col typecol"><img src="https:\/\/dragonheaven.herokuapp.com\/sprites\/types\/Normal.png" alt="Normal" height="14" width="32"><img src="https:\/\/dragonheaven.herokuapp.com\/sprites\/types\/Flying.png" alt="Flying" height="14" width="32"><\/span> <span style="float: left ; min-height: 26px"><span class="col abilitycol">Murmuration<\/span><span class="col abilitycol"><\/span><\/span><span style="float: left ; min-height: 26px"><span class="col statcol"><em>HP<\/em><br>40<\/span> <span class="col statcol"><em>Atk<\/em><br>120<\/span> <span class="col statcol"><em>Def<\/em><br>170<\/span> <span class="col statcol"><em>SpA<\/em><br>50<\/span> <span class="col statcol"><em>SpD<\/em><br>161<\/span> <span class="col statcol"><em>Spe<\/em><br>100<\/span> <\/span><\/li><li style="clear: both"><\/li><\/ul>
|
|-start|p1a: Starly-Davidson|typechange|Normal\/Flying|[silent]
|upkeep
|turn|5
|c|+god of joe|eject button is my favorite item ever
|c|+god of joe|i spam that thing so much
|c|☆inkbug1|a bit sad to use it up so early but
|c|☆inkbug1|youd love the set on this i think its not good-
|c|☆H2OPulse|Never have I better understood the need for sleep clause than in this format
|
|t:|1657775225
|move|p1a: Starly-Davidson|Flurry|p2a: Foxfire
|-message|Starly-Davidson called for help!
|move|p2a: Foxfire|Acid Spray|p1a: Starly-Davidson
|-damage|p1a: Starly-Davidson|226\/283
|-unboost|p1a: Starly-Davidson|spd|2
|
|-message|Foxfire is being swarmed by a flurry of Starly!
|-anim|p1a: Starly-Davidson|Sky Attack|p2a: Foxfire
|-damage|p2a: Foxfire|76\/100
|-heal|p2a: Foxfire|83\/100|[from] item: Black Sludge
|-start|p1a: Starly-Davidson|typechange|Normal\/Flying|[silent]
|upkeep
|turn|6
|c|☆inkbug1|AHSDKJHFSD
|c|☆inkbug1|THAT DOES SO MUCH MORE WHEN STARLYS ON THE FIELD-
|
|t:|1657775261
|move|p1a: Starly-Davidson|U-turn|p2a: Foxfire
|-resisted|p2a: Foxfire
|-damage|p2a: Foxfire|73\/100
|
|t:|1657775267
|switch|p1a: Cyd|Rotom|303\/303
|move|p2a: Foxfire|Draining Kiss|p1a: Cyd
|-damage|p1a: Cyd|174\/303
|-heal|p2a: Foxfire|100\/100|[from] drain|[of] p1a: Cyd
|
|-message|Foxfire is being swarmed by a flurry of Starly!
|-damage|p2a: Foxfire|88\/100
|-heal|p1a: Cyd|192\/303|[from] item: Leftovers
|-heal|p2a: Foxfire|94\/100|[from] item: Black Sludge
|upkeep
|turn|7
|c|☆inkbug1|and yeah i like 
|c|☆inkbug1|i do try to not 
|c|☆inkbug1|"abuse" the rule being there but on the otehr hand, what the fuck are u supposed to do 
|
|t:|1657775297
|move|p1a: Cyd|Light Screen|p1a: Cyd
|-sidestart|p1: inkbug1|move: Light Screen
|move|p2a: Foxfire|Acid Spray|p1a: Cyd
|-resisted|p1a: Cyd
|-damage|p1a: Cyd|167\/303
|-unboost|p1a: Cyd|spd|2
|
|-message|Foxfire is being swarmed by a flurry of Starly!
|-damage|p2a: Foxfire|83\/100
|-heal|p1a: Cyd|185\/303|[from] item: Leftovers
|-heal|p2a: Foxfire|89\/100|[from] item: Black Sludge
|upkeep
|turn|8
|c|☆H2OPulse|Yeah--
|c|☆H2OPulse|like whenever Foxfire is faster than everything you have left she would just win by default if the rule didn't exist
|c|☆H2OPulse|it is there for a reason
|
|t:|1657775336
|move|p1a: Cyd|Volt Switch|p2a: Foxfire
|-crit|p2a: Foxfire
|-damage|p2a: Foxfire|32\/100
|c|☆inkbug1|yeah 
|c|☆inkbug1|oh nice
|
|t:|1657775342
|switch|p1a: Starly-Davidson|Starly-Crown, F|226\/283
|-start|p1a: Starly-Davidson|typechange|Normal\/Flying|[silent]
|-formechange|p1a: Starly-Davidson|Starly-Crown-Cloud||[from] ability: Murmuration
|-message|Starly-Davidson changed to Cloud Form!
|-start|p1a: Starly-Davidson|typechange|Normal\/Flying|[silent]
|move|p2a: Foxfire|Draining Kiss|p1a: Starly-Davidson
|-damage|p1a: Starly-Davidson|193\/283
|-heal|p2a: Foxfire|42\/100|[from] drain|[of] p1a: Starly-Davidson
|
|-message|Foxfire is being swarmed by a flurry of Starly!
|-anim|p1a: Starly-Davidson|Sky Attack|p2a: Foxfire
|-damage|p2a: Foxfire|19\/100
|-heal|p2a: Foxfire|25\/100|[from] item: Black Sludge
|-start|p1a: Starly-Davidson|typechange|Normal\/Flying|[silent]
|upkeep
|turn|9
|c|☆H2OPulse|Kshdjf
|
|t:|1657775354
|switch|p2a: Zantedeschia|Resurrectric, M|86\/100
|-start|p2a: Zantedeschia|typechange|Ground\/Electric|[silent]
|move|p1a: Starly-Davidson|Rapid Spin|p2a: Zantedeschia
|-damage|p2a: Zantedeschia|68\/100
|-boost|p1a: Starly-Davidson|spe|1
|
|-message|Zantedeschia is being swarmed by a flurry of Starly!
|-anim|p1a: Starly-Davidson|Sky Attack|p2a: Zantedeschia
|-resisted|p2a: Zantedeschia
|-damage|p2a: Zantedeschia|64\/100
|-start|p1a: Starly-Davidson|typechange|Normal\/Flying|[silent]
|upkeep
|turn|10
|
|t:|1657775366
|move|p1a: Starly-Davidson|U-turn|p2a: Zantedeschia
|-damage|p2a: Zantedeschia|47\/100
|
|t:|1657775369
|switch|p1a: Semi Truck|Voltangent, F|341\/341 slp
|-start|p1a: Semi Truck|typechange|Electric\/Dragon|[silent]
|move|p2a: Zantedeschia|Volt Switch|p1a: Semi Truck
|-resisted|p1a: Semi Truck
|-damage|p1a: Semi Truck|327\/341 slp
|
|t:|1657775391
|switch|p2a: Foxfire|Shiinotic-Kalos, F|25\/100|[from]move: Volt Switch
|-start|p2a: Foxfire|typechange|Poison\/Fairy|[silent]
|
|-heal|p2a: Foxfire|31\/100|[from] item: Black Sludge
|upkeep
|turn|11
|
|t:|1657775402
|switch|p1a: Telephone Song|Dewgong-Variant, M|229\/383
|-start|p1a: Telephone Song|typechange|Normal|[silent]
|move|p2a: Foxfire|Acid Spray|p1a: Telephone Song
|-damage|p1a: Telephone Song|199\/383
|-unboost|p1a: Telephone Song|spd|2
|
|-heal|p2a: Foxfire|37\/100|[from] item: Black Sludge
|-sideend|p1: inkbug1|move: Light Screen
|upkeep
|turn|12
|
|t:|1657775413
|switch|p1a: Starly-Davidson|Starly-Crown, F|193\/283
|-start|p1a: Starly-Davidson|typechange|Normal\/Flying|[silent]
|-formechange|p1a: Starly-Davidson|Starly-Crown-Cloud||[from] ability: Murmuration
|-message|Starly-Davidson changed to Cloud Form!
|-start|p1a: Starly-Davidson|typechange|Normal\/Flying|[silent]
|move|p2a: Foxfire|Draining Kiss|p1a: Starly-Davidson
|-damage|p1a: Starly-Davidson|118\/283
|-heal|p2a: Foxfire|59\/100|[from] drain|[of] p1a: Starly-Davidson
|
|-heal|p2a: Foxfire|65\/100|[from] item: Black Sludge
|-start|p1a: Starly-Davidson|typechange|Normal\/Flying|[silent]
|upkeep
|turn|13
|
|t:|1657775425
|move|p1a: Starly-Davidson|Flurry|p2a: Foxfire
|-message|Starly-Davidson called for help!
|move|p2a: Foxfire|Draining Kiss|p1a: Starly-Davidson
|-damage|p1a: Starly-Davidson|49\/283
|-heal|p2a: Foxfire|84\/100|[from] drain|[of] p1a: Starly-Davidson
|
|-message|Foxfire is being swarmed by a flurry of Starly!
|-anim|p1a: Starly-Davidson|Sky Attack|p2a: Foxfire
|-damage|p2a: Foxfire|60\/100
|-heal|p2a: Foxfire|67\/100|[from] item: Black Sludge
|-formechange|p1a: Starly-Davidson|Starly-Crown||[from] ability: Murmuration
|-message|Starly-Davidson changed to Solo Form...
|-start|p1a: Starly-Davidson|typechange|Normal\/Flying|[silent]
|upkeep
|turn|14
|c|☆inkbug1|oh right
|c|☆H2OPulse|Oh right
|c|☆inkbug1|that iiiiiiiis i think my cue to leave-
|
|t:|1657775465
|switch|p1a: Cyd|Rotom|185\/303
|move|p2a: Foxfire|Acid Spray|p1a: Cyd
|-resisted|p1a: Cyd
|-damage|p1a: Cyd|134\/303
|-unboost|p1a: Cyd|spd|2
|
|-message|Foxfire is being swarmed by a flurry of Starly!
|-damage|p2a: Foxfire|55\/100
|-heal|p1a: Cyd|152\/303|[from] item: Leftovers
|-heal|p2a: Foxfire|61\/100|[from] item: Black Sludge
|upkeep
|turn|15
|
|t:|1657775478
|move|p1a: Cyd|Light Screen|p1a: Cyd
|-sidestart|p1: inkbug1|move: Light Screen
|move|p2a: Foxfire|Draining Kiss|p1a: Cyd
|-damage|p1a: Cyd|21\/303
|-heal|p2a: Foxfire|98\/100|[from] drain|[of] p1a: Cyd
|
|-message|Foxfire is being swarmed by a flurry of Starly!
|-damage|p2a: Foxfire|86\/100
|-heal|p1a: Cyd|39\/303|[from] item: Leftovers
|-heal|p2a: Foxfire|92\/100|[from] item: Black Sludge
|upkeep
|turn|16
|
|t:|1657775489
|switch|p1a: Telephone Song|Dewgong-Variant, M|199\/383
|-start|p1a: Telephone Song|typechange|Normal|[silent]
|move|p2a: Foxfire|Draining Kiss|p1a: Telephone Song
|-damage|p1a: Telephone Song|162\/383
|-heal|p2a: Foxfire|100\/100|[from] drain|[of] p1a: Telephone Song
|
|-message|Foxfire is being swarmed by a flurry of Starly!
|-damage|p2a: Foxfire|89\/100
|-heal|p2a: Foxfire|95\/100|[from] item: Black Sludge
|upkeep
|turn|17
|
|t:|1657775500
|move|p2a: Foxfire|Acid Spray|p1a: Telephone Song
|-damage|p1a: Telephone Song|132\/383
|-unboost|p1a: Telephone Song|spd|2
|move|p1a: Telephone Song|Recover|p1a: Telephone Song
|-heal|p1a: Telephone Song|324\/383
|
|-message|Foxfire is being swarmed by a flurry of Starly!
|-damage|p2a: Foxfire|83\/100
|-heal|p2a: Foxfire|89\/100|[from] item: Black Sludge
|upkeep
|turn|18
|
|t:|1657775509
|move|p2a: Foxfire|Draining Kiss|p1a: Telephone Song
|-damage|p1a: Telephone Song|248\/383
|-heal|p2a: Foxfire|100\/100|[from] drain|[of] p1a: Telephone Song
|move|p1a: Telephone Song|Echoed Voice|p2a: Foxfire
|-enditem|p1a: Telephone Song|Normal Gem|[from] gem
|-damage|p2a: Foxfire|60\/100
|
|-heal|p2a: Foxfire|66\/100|[from] item: Black Sludge
|upkeep
|turn|19
|
|t:|1657775519
|move|p2a: Foxfire|Draining Kiss|p1a: Telephone Song
|-damage|p1a: Telephone Song|164\/383
|-heal|p2a: Foxfire|90\/100|[from] drain|[of] p1a: Telephone Song
|move|p1a: Telephone Song|Echoed Voice|p2a: Foxfire
|-damage|p2a: Foxfire|22\/100
|
|-heal|p2a: Foxfire|28\/100|[from] item: Black Sludge
|-sideend|p1: inkbug1|move: Light Screen
|upkeep
|turn|20
|
|t:|1657775547
|move|p2a: Foxfire|Draining Kiss|p1a: Telephone Song
|-damage|p1a: Telephone Song|20\/383
|-heal|p2a: Foxfire|70\/100|[from] drain|[of] p1a: Telephone Song
|move|p1a: Telephone Song|Echoed Voice|p2a: Foxfire
|-damage|p2a: Foxfire|0 fnt
|faint|p2a: Foxfire
|
|upkeep
|c|☆inkbug1|WHY DID U LIVE THAT
|c|☆H2OPulse|AH,
|c|☆inkbug1|okay 
|c|☆inkbug1|i was 
|c|☆H2OPulse|okay that's
|c|☆H2OPulse|fair she was putting in a little too much work--
|c|☆inkbug1|debating whether to sac so someone else could hopefully keep screaming 
|
|t:|1657775579
|switch|p2a: Zantedeschia|Resurrectric, M|47\/100
|-start|p2a: Zantedeschia|typechange|Ground\/Electric|[silent]
|turn|21
|c|☆inkbug1|but that also works
|
|t:|1657775590
|switch|p1a: HOOCIFER|Hoobarn, M|404\/404
|-start|p1a: HOOCIFER|typechange|Normal\/Flying|[silent]
|raw|<ul class="utilichart"><li class="result"><span class="col pokemonnamecol" style="white-space: nowrap">Hoobarn<\/span> <span class="col typecol"><img src="https:\/\/dragonheaven.herokuapp.com\/sprites\/types\/Normal.png" alt="Normal" height="14" width="32"><img src="https:\/\/dragonheaven.herokuapp.com\/sprites\/types\/Flying.png" alt="Flying" height="14" width="32"><\/span> <span style="float: left ; min-height: 26px"><span class="col abilitycol">Insomnia \/ Keen Eye \/ Prankster<\/span><span class="col abilitycol"><\/span><\/span><\/li><li style="clear: both"><\/li><\/ul>
|raw|<ul class="utilichart"><li class="result"><span style="float: left ; min-height: 26px"><span class="col statcol"><em>HP<\/em><br>100<\/span> <span class="col statcol"><em>Atk<\/em><br>70<\/span> <span class="col statcol"><em>Def<\/em><br>90<\/span> <span class="col statcol"><em>SpA<\/em><br>86<\/span> <span class="col statcol"><em>SpD<\/em><br>96<\/span> <span class="col statcol"><em>Spe<\/em><br>70<\/span> <\/span><\/li><li style="clear: both"><\/li><\/ul>
|-hint|Hoobarn was created by Bolivia!
|move|p2a: Zantedeschia|Volt Switch|p1a: HOOCIFER
|-supereffective|p1a: HOOCIFER
|-damage|p1a: HOOCIFER|150\/404
|c|☆inkbug1|ow
|c|☆H2OPulse|I AM GLAD YOU SWITCHED BECAUSE I AM STUPID AND ZANTE WAS PROBABLY SLOWER--
|c|☆inkbug1|oh 
|c|☆inkbug1|i forgot 
|c|☆inkbug1|wait no
|
|t:|1657775629
|switch|p2a: Pandorea|Klefki-Galar, F|100\/100|[from]move: Volt Switch
|-start|p2a: Pandorea|typechange|Steel\/Dark|[silent]
|raw|<ul class="utilichart"><li class="result"><span class="col pokemonnamecol" style="white-space: nowrap">Klefki-Galar<\/span> <span class="col typecol"><img src="https:\/\/dragonheaven.herokuapp.com\/sprites\/types\/Steel.png" alt="Steel" height="14" width="32"><img src="https:\/\/dragonheaven.herokuapp.com\/sprites\/types\/Dark.png" alt="Dark" height="14" width="32"><\/span> <span style="float: left ; min-height: 26px"><span class="col abilitycol">Hunger Switch<\/span><span class="col abilitycol"><\/span><\/span><\/li><li style="clear: both"><\/li><\/ul>
|raw|<ul class="utilichart"><li class="result"><span style="float: left ; min-height: 26px"><span class="col statcol"><em>HP<\/em><br>57<\/span> <span class="col statcol"><em>Atk<\/em><br>60<\/span> <span class="col statcol"><em>Def<\/em><br>106<\/span> <span class="col statcol"><em>SpA<\/em><br>70<\/span> <span class="col statcol"><em>SpD<\/em><br>87<\/span> <span class="col statcol"><em>Spe<\/em><br>90<\/span> <\/span><\/li><li style="clear: both"><\/li><\/ul>
|-hint|Klefki-Galar was created by Albatross!
|
|-status|p1a: HOOCIFER|brn|[from] item: Flame Orb
|-formechange|p2a: Pandorea|Klefki-Galar-Revealed||[from] ability: Hunger Switch
|-start|p2a: Pandorea|typechange|Fairy\/Dark|[silent]
|-message|Pandorea changed to Revealed Mode!
|raw|<ul class="utilichart"><li class="result"><span class="col pokemonnamecol" style="white-space: nowrap">Klefki-Galar-Revealed<\/span> <span class="col typecol"><img src="https:\/\/dragonheaven.herokuapp.com\/sprites\/types\/Fairy.png" alt="Fairy" height="14" width="32"><img src="https:\/\/dragonheaven.herokuapp.com\/sprites\/types\/Dark.png" alt="Dark" height="14" width="32"><\/span> <span style="float: left ; min-height: 26px"><span class="col abilitycol">Hunger Switch<\/span><span class="col abilitycol"><\/span><\/span><span style="float: left ; min-height: 26px"><span class="col statcol"><em>HP<\/em><br>57<\/span> <span class="col statcol"><em>Atk<\/em><br>116<\/span> <span class="col statcol"><em>Def<\/em><br>50<\/span> <span class="col statcol"><em>SpA<\/em><br>70<\/span> <span class="col statcol"><em>SpD<\/em><br>87<\/span> <span class="col statcol"><em>Spe<\/em><br>90<\/span> <\/span><\/li><li style="clear: both"><\/li><\/ul>
|upkeep
|turn|22
|c|☆inkbug1|i think it was speed invested on the previous set but i dont thhhhhhhink 
|c|☆inkbug1|it is anymore
|c|☆inkbug1|you said ur speed last time what was it
|c|☆H2OPulse|126,,
|c|☆inkbug1|okay just barely over 
|c|☆H2OPulse|Oh phew okay
|c|☆inkbug1|or 
|c|☆inkbug1|i mean im 136 it was 
|c|☆H2OPulse|Oh--
|c|☆inkbug1|but i also didnt realize 
|c|☆H2OPulse|yeah okay kshdjfk
|c|☆H2OPulse|fai r
|
|t:|1657775706
|move|p1a: HOOCIFER|Roost|p1a: HOOCIFER
|-heal|p1a: HOOCIFER|352\/404 brn
|-singleturn|p1a: HOOCIFER|move: Roost
|move|p2a: Pandorea|Knock Off|p1a: HOOCIFER
|-damage|p1a: HOOCIFER|255\/404 brn
|-enditem|p1a: HOOCIFER|Flame Orb|[from] move: Knock Off|[of] p2a: Pandorea
|
|-damage|p1a: HOOCIFER|230\/404 brn|[from] brn
|-formechange|p2a: Pandorea|Klefki-Galar||[from] ability: Hunger Switch
|-start|p2a: Pandorea|typechange|Steel\/Dark|[silent]
|-message|Pandorea changed to Lure Mode!
|upkeep
|turn|23
|
|t:|1657775716
|move|p1a: HOOCIFER|Calm Mind|p1a: HOOCIFER
|-boost|p1a: HOOCIFER|spa|1
|-boost|p1a: HOOCIFER|spd|1
|move|p2a: Pandorea|Swords Dance|p2a: Pandorea
|-boost|p2a: Pandorea|atk|2
|
|-damage|p1a: HOOCIFER|205\/404 brn|[from] brn
|-formechange|p2a: Pandorea|Klefki-Galar-Revealed||[from] ability: Hunger Switch
|-start|p2a: Pandorea|typechange|Fairy\/Dark|[silent]
|-message|Pandorea changed to Revealed Mode!
|upkeep
|turn|24
|
|t:|1657775735
|move|p2a: Pandorea|Swords Dance|p2a: Pandorea
|-boost|p2a: Pandorea|atk|2
|move|p1a: HOOCIFER|Echoed Voice|p2a: Pandorea
|-damage|p2a: Pandorea|71\/100
|
|-damage|p1a: HOOCIFER|180\/404 brn|[from] brn
|-formechange|p2a: Pandorea|Klefki-Galar||[from] ability: Hunger Switch
|-start|p2a: Pandorea|typechange|Steel\/Dark|[silent]
|-message|Pandorea changed to Lure Mode!
|upkeep
|turn|25
|
|t:|1657775751
|move|p2a: Pandorea|Protect|p2a: Pandorea
|-singleturn|p2a: Pandorea|Protect
|move|p1a: HOOCIFER|Echoed Voice|p2a: Pandorea
|-activate|p2a: Pandorea|move: Protect
|
|-damage|p1a: HOOCIFER|155\/404 brn|[from] brn
|-formechange|p2a: Pandorea|Klefki-Galar-Revealed||[from] ability: Hunger Switch
|-start|p2a: Pandorea|typechange|Fairy\/Dark|[silent]
|-message|Pandorea changed to Revealed Mode!
|upkeep
|turn|26
|
|t:|1657775760
|move|p2a: Pandorea|Knock Off|p1a: HOOCIFER
|-damage|p1a: HOOCIFER|0 fnt
|faint|p1a: HOOCIFER
|
|-formechange|p2a: Pandorea|Klefki-Galar||[from] ability: Hunger Switch
|-start|p2a: Pandorea|typechange|Steel\/Dark|[silent]
|-message|Pandorea changed to Lure Mode!
|upkeep
|
|t:|1657775774
|switch|p1a: Semi Truck|Voltangent, F|341\/341 slp
|-start|p1a: Semi Truck|typechange|Electric\/Dragon|[silent]
|turn|27
|
|t:|1657775781
|-singleturn|p1a: Semi Truck|move: Focus Punch
|move|p2a: Pandorea|Play Rough|p1a: Semi Truck
|-supereffective|p1a: Semi Truck
|-damage|p1a: Semi Truck|0 fnt
|faint|p1a: Semi Truck
|
|-formechange|p2a: Pandorea|Klefki-Galar-Revealed||[from] ability: Hunger Switch
|-start|p2a: Pandorea|typechange|Fairy\/Dark|[silent]
|-message|Pandorea changed to Revealed Mode!
|upkeep
|c|☆inkbug1|why did u have to pick that turn to be the first time you ever landed that move
|c|☆H2OPulse|Gdhdjfjfjgk
|
|t:|1657775802
|switch|p1a: Telal|Aleon, M|410\/410
|-start|p1a: Telal|typechange|Normal|[silent]
|raw|<ul class="utilichart"><li class="result"><span class="col pokemonnamecol" style="white-space: nowrap">Aleon<\/span> <span class="col typecol"><img src="https:\/\/dragonheaven.herokuapp.com\/sprites\/types\/Normal.png" alt="Normal" height="14" width="32"><\/span> <span style="float: left ; min-height: 26px"><span class="col abilitycol">Adaptability \/ Normalize \/ Beast Boost<\/span><span class="col abilitycol"><\/span><\/span><\/li><li style="clear: both"><\/li><\/ul>
|raw|<ul class="utilichart"><li class="result"><span style="float: left ; min-height: 26px"><span class="col statcol"><em>HP<\/em><br>103<\/span> <span class="col statcol"><em>Atk<\/em><br>79<\/span> <span class="col statcol"><em>Def<\/em><br>53<\/span> <span class="col statcol"><em>SpA<\/em><br>89<\/span> <span class="col statcol"><em>SpD<\/em><br>67<\/span> <span class="col statcol"><em>Spe<\/em><br>134<\/span> <\/span><\/li><li style="clear: both"><\/li><\/ul>
|-hint|Aleon was created by inkbug!
|turn|28
|c|☆inkbug1|anyway i lose now lol
|c|☆H2OPulse|Oh I think that was a safe turn actually because you hadn't burned any sleep turns
|c|☆H2OPulse|there's always at least 1 but you were Eject Buttoned out before you could take it
|c|☆inkbug1|i do not rest my case 
|c|☆H2OPulse|Fair--
|c|☆inkbug1|i figured youd do something else cuz of the sleep
|
|t:|1657775865
|move|p1a: Telal|Volt Switch|p2a: Pandorea
|-damage|p2a: Pandorea|46\/100
|
|t:|1657775871
|switch|p1a: Cyd|Rotom|39\/303
|move|p2a: Pandorea|Knock Off|p1a: Cyd
|-supereffective|p1a: Cyd
|-damage|p1a: Cyd|0 fnt
|-enditem|p1a: Cyd|Leftovers|[from] move: Knock Off|[of] p2a: Pandorea
|faint|p1a: Cyd
|
|-formechange|p2a: Pandorea|Klefki-Galar||[from] ability: Hunger Switch
|-start|p2a: Pandorea|typechange|Steel\/Dark|[silent]
|-message|Pandorea changed to Lure Mode!
|upkeep
|
|t:|1657775885
|switch|p1a: Telephone Song|Dewgong-Variant, M|20\/383
|-start|p1a: Telephone Song|typechange|Normal|[silent]
|turn|29
|
|t:|1657775888
|move|p2a: Pandorea|Knock Off|p1a: Telephone Song
|-damage|p1a: Telephone Song|0 fnt
|faint|p1a: Telephone Song
|
|-formechange|p2a: Pandorea|Klefki-Galar-Revealed||[from] ability: Hunger Switch
|-start|p2a: Pandorea|typechange|Fairy\/Dark|[silent]
|-message|Pandorea changed to Revealed Mode!
|upkeep
|
|t:|1657775895
|switch|p1a: Telal|Aleon, M|410\/410
|-start|p1a: Telal|typechange|Normal|[silent]
|turn|30
|
|t:|1657775898
|move|p2a: Pandorea|Protect|p2a: Pandorea
|-singleturn|p2a: Pandorea|Protect
|move|p1a: Telal|Volt Switch|p2a: Pandorea
|-activate|p2a: Pandorea|move: Protect
|
|-formechange|p2a: Pandorea|Klefki-Galar||[from] ability: Hunger Switch
|-start|p2a: Pandorea|typechange|Steel\/Dark|[silent]
|-message|Pandorea changed to Lure Mode!
|upkeep
|turn|31
|
|t:|1657775905
|move|p1a: Telal|Volt Switch|p2a: Pandorea
|-damage|p2a: Pandorea|21\/100
|
|t:|1657775908
|switch|p1a: Starly-Davidson|Starly-Crown, F|49\/283
|-start|p1a: Starly-Davidson|typechange|Normal\/Flying|[silent]
|-start|p1a: Starly-Davidson|typechange|Normal\/Flying|[silent]
|move|p2a: Pandorea|Knock Off|p1a: Starly-Davidson
|-damage|p1a: Starly-Davidson|0 fnt
|-enditem|p1a: Starly-Davidson|Heavy-Duty Boots|[from] move: Knock Off|[of] p2a: Pandorea
|faint|p1a: Starly-Davidson
|
|-formechange|p2a: Pandorea|Klefki-Galar-Revealed||[from] ability: Hunger Switch
|-start|p2a: Pandorea|typechange|Fairy\/Dark|[silent]
|-message|Pandorea changed to Revealed Mode!
|upkeep
|
|t:|1657775916
|switch|p1a: Telal|Aleon, M|410\/410
|-start|p1a: Telal|typechange|Normal|[silent]
|turn|32
|
|t:|1657775922
|move|p2a: Pandorea|Protect|p2a: Pandorea
|-singleturn|p2a: Pandorea|Protect
|move|p1a: Telal|Volt Switch|p2a: Pandorea
|-activate|p2a: Pandorea|move: Protect
|
|-formechange|p2a: Pandorea|Klefki-Galar||[from] ability: Hunger Switch
|-start|p2a: Pandorea|typechange|Steel\/Dark|[silent]
|-message|Pandorea changed to Lure Mode!
|upkeep
|turn|33
|
|t:|1657775930
|move|p1a: Telal|Volt Switch|p2a: Pandorea
|-damage|p2a: Pandorea|0 fnt
|faint|p2a: Pandorea
|
|upkeep
|c|☆H2OPulse|Oh yeah I don't live anyway whoops
|c|☆inkbug1|so in case you hadnt noticed
|c|☆H2OPulse|Oh you're not
|c|☆H2OPulse|Normalize
|c|☆H2OPulse|you're Adapt
|c|☆H2OPulse|Protect did nothing then sorry--
|c|☆inkbug1|adaptability magnet :sunglasses: 
|c|☆H2OPulse|kshdjf
|c|☆H2OPulse|__Magnet__
|
|t:|1657775982
|switch|p2a: Cattail|Vaporeon, F|100\/100
|turn|34
|
|t:|1657775985
|move|p1a: Telal|Wish|p1a: Telal
|move|p2a: Cattail|Wish|p2a: Cattail
|
|upkeep
|turn|35
|
|t:|1657775995
|switch|p2a: Zantedeschia|Resurrectric, M|47\/100
|-start|p2a: Zantedeschia|typechange|Ground\/Electric|[silent]
|move|p1a: Telal|Shadow Ball|p2a: Zantedeschia
|-damage|p2a: Zantedeschia|35\/100
|
|-heal|p2a: Zantedeschia|98\/100|[from] move: Wish|[wisher] Cattail
|upkeep
|turn|36
|c|☆inkbug1|spdef drop
|c|☆inkbug1|nooo
|
|t:|1657776014
|move|p1a: Telal|Wish|p1a: Telal
|move|p2a: Zantedeschia|Discharge|p1a: Telal
|-damage|p1a: Telal|188\/410
|
|upkeep
|turn|37
|
|t:|1657776029
|move|p1a: Telal|Echoed Voice|p2a: Zantedeschia
|-damage|p2a: Zantedeschia|84\/100
|move|p2a: Zantedeschia|Earth Power|p1a: Telal
|-damage|p1a: Telal|0 fnt
|faint|p1a: Telal
|
|win|H2OPulse
|c|☆inkbug1|lord 
|c|☆inkbug1|i played a lot of things wrong there
|c|☆H2OPulse|Fair,,
|c|☆H2OPulse|Been there cx ~~(such as one game ago)~~</script>
</div>
<div class="battle-log battle-log-inline"><div class="inner"><div class="battle-options"><div style="padding-top: 3px; padding-right: 3px; text-align: right"><button class="icon button" name="openBattleOptions" title="Options">Battle Options</button></div></div><div class="inner message-log"><div class="chat"><small>☆inkbug1 and ☆H2OPulse joined</small></div><div class=""><small>Format:</small> <br><strong>[Gen 8] Evolution Project</strong></div><div class=""><small><em>HP Percentage Mod:</em> HP is shown in percentages</small></div><div class=""><small><em>Endless Battle Clause:</em> Forcing endless battles is banned</small></div><div class=""><small><em>OHKO Clause:</em> OHKO moves are banned</small></div><div class=""><small><em>Evasion Moves Clause:</em> Evasion moves are banned</small></div><div class=""><small><em>Species Clause:</em> Limit one of each Pokémon</small></div><div class=""><small><em>Dynamax Clause:</em> You cannot dynamax</small></div><div class=""><small><em>Sleep Clause Mod:</em> Limit one foe put to sleep</small></div><div class=""><small><em>Z-Move Clause:</em> Type-based Z-Moves are banned</small></div><div class="chat battle-history"><strong>inkbug1's team:</strong> <em style="color:#445566;display:block;">Hoobarn / Rotom / Voltangent / Aleon / Dewgong-Variant / Starly-Crown</em></div><div class="chat battle-history"><strong>H2OPulse's team:</strong> <em style="color:#445566;display:block;">Orbeetle-Variant / Shiinotic-Kalos / Klefki-Galar / Vaporeon / Noivern-Variant / Resurrectric</em></div><div class="chat"><small>+Gekokeso joined</small></div><div class="chat chatmessage-inkbug1 mine"><strong style="color:#e46e0f"><small>☆</small><span class="username" data-name="inkbug1">inkbug1</span>:</strong> <em>i actually need to step away real quick bfore i start so let me do that</em></div><div class="chat chatmessage-inkbug1 mine"><strong style="color:#e46e0f"><small>☆</small><span class="username" data-name="inkbug1">inkbug1</span>:</strong> <em>right quick</em></div><div class="chat chatmessage-h2opulse"><strong style="color:#6e8c2b"><small>☆</small><span class="username" data-name="H2OPulse">H2OPulse</span>:</strong> <em>Right okay</em></div><div class="chat chatmessage-h2opulse"><strong style="color:#6e8c2b"><small>☆</small><span class="username" data-name="H2OPulse">H2OPulse</span>:</strong> <em>Well!! Good luck and have fun adhdjfkf</em></div><div class="chat chatmessage-gekokeso"><strong style="color:#9b940e"><small>+</small><span class="username" data-name="Gekokeso">Gekokeso</span>:</strong> <em>question, why do people just keep stacking types on this mod?</em></div><div class="chat chatmessage-inkbug1 mine"><strong style="color:#e46e0f"><small>☆</small><span class="username" data-name="inkbug1">inkbug1</span>:</strong> <em>for stab on echoed voice </em></div><div class="chat chatmessage-h2opulse"><strong style="color:#6e8c2b"><small>☆</small><span class="username" data-name="H2OPulse">H2OPulse</span>:</strong> <em>Depends on the type I guess! A lot of types just have more viable Pokémon that go surprisingly well together</em></div><div class="chat chatmessage-h2opulse"><strong style="color:#6e8c2b"><small>☆</small><span class="username" data-name="H2OPulse">H2OPulse</span>:</strong> <em>In this case, ink is using a very aggressive team of Normal spam (and many of the Steel-types around aren't very specially bulky and don't have recovery),</em></div><div class="chat chatmessage-h2opulse"><strong style="color:#6e8c2b"><small>☆</small><span class="username" data-name="H2OPulse">H2OPulse</span>:</strong> <em>so it's sort of the hyper offensive kind of type spam that relies on overwhelming checks to the same type</em></div><div class="chat chatmessage-inkbug1 mine"><strong style="color:#e46e0f"><small>☆</small><span class="username" data-name="inkbug1">inkbug1</span>:</strong> <em>sorry, hold on, something came u p im gonna be another minute</em></div><div class="chat chatmessage-h2opulse"><strong style="color:#6e8c2b"><small>☆</small><span class="username" data-name="H2OPulse">H2OPulse</span>:</strong> <em>For a more defensive team I would probably be more worried about synergy, but I think type spam is a thing in a lot of tiers and Normal just happens to be a good type for it here</em></div><div class="chat chatmessage-h2opulse"><strong style="color:#6e8c2b"><small>☆</small><span class="username" data-name="H2OPulse">H2OPulse</span>:</strong> <em>It helps that Aleon is one of the fastest things in the mod O:</em></div><div class="chat chatmessage-h2opulse"><strong style="color:#6e8c2b"><small>☆</small><span class="username" data-name="H2OPulse">H2OPulse</span>:</strong> <em>Electric is another type that's seeing a bit more type spam lately because we just freed Electric Surge, but I think that's felt more supportively relevant in VGC so far / I tried making an Electric Terrain team in singles but it feels like only the setter ever really uses it</em></div><div class="chat chatmessage-h2opulse"><strong style="color:#6e8c2b"><small>☆</small><span class="username" data-name="H2OPulse">H2OPulse</span>:</strong> <em>(Also helps that Electric only has one weakness that's easily covered, though! like, Resurrectric and Orbeetle here straight-up do not share weaknesses and function nothing alike, so it's not really a concern)</em></div><div class="chat"><small>+god of joe joined</small></div><div class="chat chatmessage-h2opulse"><strong style="color:#6e8c2b"><small>☆</small><span class="username" data-name="H2OPulse">H2OPulse</span>:</strong> <em>(Also, almost all of our popular field effect setters so far are off-type ones except the hail setter! which makes it a bit easier to run multiple abusers of the same type, because they can still synergize with the setter</em></div><div class="chat chatmessage-h2opulse"><strong style="color:#6e8c2b"><small>☆</small><span class="username" data-name="H2OPulse">H2OPulse</span>:</strong> <em>Like, if you were running Psychic Terrain, you wouldn't have to worry about running too many Psychic-types because the one Psychic Surge setter isn't Psychic itself</em></div><div class="chat chatmessage-h2opulse"><strong style="color:#6e8c2b"><small>☆</small><span class="username" data-name="H2OPulse">H2OPulse</span>:</strong> <em>Same goes for sun and Electric Terrain!)</em></div><div class="chat chatmessage-godofjoe"><strong style="color:#a523c9"><small>+</small><span class="username" data-name="god of joe">god of joe</span>:</strong> <em>pretty much exactly what hema said</em></div><div class="chat chatmessage-godofjoe"><strong style="color:#a523c9"><small>+</small><span class="username" data-name="god of joe">god of joe</span>:</strong> <em>i think it's rly rly interesting because </em></div><div class="chat chatmessage-h2opulse"><strong style="color:#6e8c2b"><small>☆</small><span class="username" data-name="H2OPulse">H2OPulse</span>:</strong> <em>Hi ausma!!!</em></div><div class="chat"><small>+Gekokeso left</small></div><div class="chat chatmessage-godofjoe"><strong style="color:#a523c9"><small>+</small><span class="username" data-name="god of joe">god of joe</span>:</strong> <em>the mons in this mod have a kind of design that you dont rly see anywhere else in pet mods or pokemon as a whole</em></div><div class="chat chatmessage-godofjoe"><strong style="color:#a523c9"><small>+</small><span class="username" data-name="god of joe">god of joe</span>:</strong> <em>also hi :&gt;</em></div><div class="chat chatmessage-godofjoe"><strong style="color:#a523c9"><small>+</small><span class="username" data-name="god of joe">god of joe</span>:</strong> <em>oh he left right as i said that.</em></div><div class="chat chatmessage-h2opulse"><strong style="color:#6e8c2b"><small>☆</small><span class="username" data-name="H2OPulse">H2OPulse</span>:</strong> <em>Aw :c</em></div><div class="chat chatmessage-h2opulse"><strong style="color:#6e8c2b"><small>☆</small><span class="username" data-name="H2OPulse">H2OPulse</span>:</strong> <em>but also please continue I would love to see what you have to say OO:</em></div><div class="chat chatmessage-godofjoe"><strong style="color:#a523c9"><small>+</small><span class="username" data-name="god of joe">god of joe</span>:</strong> <em>but yea it's so cool how the metagame climate is as different as it is compared to ones we're familiar with </em></div><div class="chat chatmessage-h2opulse"><strong style="color:#6e8c2b"><small>☆</small><span class="username" data-name="H2OPulse">H2OPulse</span>:</strong> <em>Yessss</em></div><div class="chat chatmessage-godofjoe"><strong style="color:#a523c9"><small>+</small><span class="username" data-name="god of joe">god of joe</span>:</strong> <em>obviously with viability ceilings of specific moves, items, and abilities being so radically shifted </em></div><div class="chat chatmessage-inkbug1 mine"><strong style="color:#e46e0f"><small>☆</small><span class="username" data-name="inkbug1">inkbug1</span>:</strong> <em>god !!!!!! fucking !!!!!! damn it !!!!!!!!!!!!!!!!!!!!!! im sorry ! i usually try to avoid having to do Fucking Laundry when im in the middle of things but apparently I have WRONGED GOD.</em></div><div class="chat chatmessage-h2opulse"><strong style="color:#6e8c2b"><small>☆</small><span class="username" data-name="H2OPulse">H2OPulse</span>:</strong> <em>It's really amazing nmskffj I love how many of the gimmicky things people have tried to make actually pan out perfectly</em></div><div class="chat chatmessage-godofjoe"><strong style="color:#a523c9"><small>+</small><span class="username" data-name="god of joe">god of joe</span>:</strong> <em>but part of that i think is also because we're trying to deliberately explore unique interactions</em></div><div class="chat chatmessage-h2opulse"><strong style="color:#6e8c2b"><small>☆</small><span class="username" data-name="H2OPulse">H2OPulse</span>:</strong> <em><i>ashdjfkg don't worry--</i></em></div><div class="chat chatmessage-h2opulse"><strong style="color:#6e8c2b"><small>☆</small><span class="username" data-name="H2OPulse">H2OPulse</span>:</strong> <em>Yeah : D</em></div><div class="spacer battle-history"><br></div><div class="battle-history">Battle started between inkbug1 and H2OPulse!<br></div><div class="spacer battle-history"><br></div><div class="battle-history">Go! Telephone Song (<strong>Dewgong-Variant</strong>)!<br></div><div class="spacer battle-history"><br></div><div class="battle-history">H2OPulse sent out Zantedeschia (<strong>Resurrectric</strong>)!<br></div><div class="chat"><ul class="utilichart"><li class="result"><span class="col pokemonnamecol" style="white-space: nowrap">Dewgong-Variant</span> <span class="col typecol"><img src="https://dragonheaven.herokuapp.com/sprites/types/Normal.png" alt="Normal" height="14" width="32"></span> <span style="float: left ; min-height: 26px"><span class="col abilitycol">Hydration / Adaptability / Thick Fat</span><span class="col abilitycol"></span></span></li><li style="clear: both"></li></ul></div><div class="chat"><ul class="utilichart"><li class="result"><span style="float: left ; min-height: 26px"><span class="col statcol"><em>HP</em><br>90</span> <span class="col statcol"><em>Atk</em><br>50</span> <span class="col statcol"><em>Def</em><br>80</span> <span class="col statcol"><em>SpA</em><br>110</span> <span class="col statcol"><em>SpD</em><br>95</span> <span class="col statcol"><em>Spe</em><br>50</span> </span></li><li style="clear: both"></li></ul></div><div class="battle-history"><small>(Dewgong-Variant was created by Magmajudis!)</small><br></div><div class="chat"><ul class="utilichart"><li class="result"><span class="col pokemonnamecol" style="white-space: nowrap">Resurrectric</span> <span class="col typecol"><img src="https://dragonheaven.herokuapp.com/sprites/types/Ground.png" alt="Ground" height="14" width="32"><img src="https://dragonheaven.herokuapp.com/sprites/types/Electric.png" alt="Electric" height="14" width="32"></span> <span style="float: left ; min-height: 26px"><span class="col abilitycol">Inner Focus / Lightning Rod / Battle Armor</span><span class="col abilitycol"></span></span></li><li style="clear: both"></li></ul></div><div class="chat"><ul class="utilichart"><li class="result"><span style="float: left ; min-height: 26px"><span class="col statcol"><em>HP</em><br>80</span> <span class="col statcol"><em>Atk</em><br>60</span> <span class="col statcol"><em>Def</em><br>130</span> <span class="col statcol"><em>SpA</em><br>125</span> <span class="col statcol"><em>SpD</em><br>80</span> <span class="col statcol"><em>Spe</em><br>45</span> </span></li><li style="clear: both"></li></ul></div><div class="battle-history"><small>(Resurrectric was created by Hematite!)</small><br></div><div class="spacer battle-history"><br></div><h2 class="battle-history">Turn 1</h2><div class="chat chatmessage-godofjoe"><strong style="color:#a523c9"><small>+</small><span class="username" data-name="god of joe">god of joe</span>:</strong> <em>it's so easy to just call it a day and make like. a perfect ground-type or perfect rocks setter but </em></div><div class="chat chatmessage-h2opulse"><strong style="color:#6e8c2b"><small>☆</small><span class="username" data-name="H2OPulse">H2OPulse</span>:</strong> <em>Oh hype!!! Good luck and have fun O:</em></div><div class="spacer battle-history"><br></div><div class="battle-history">Telephone Song used <strong>Stockpile</strong>!<br></div><div class="battle-history"><small>Telephone Song stockpiled 1!</small><br></div><div class="battle-history"><small>Telephone Song's Defense rose!</small><br></div><div class="battle-history"><small>Telephone Song's Sp. Def rose!</small><br></div><div class="spacer battle-history"><br></div><div class="battle-history">The opposing Zantedeschia used <strong>Earth Power</strong>!<br></div><div class="battle-history"><small>(Telephone Song lost <abbr title="−82/383">21.4%</abbr> of its health!)</small><br></div><div class="spacer battle-history"><br></div><h2 class="battle-history">Turn 2</h2><div class="chat chatmessage-godofjoe"><strong style="color:#a523c9"><small>+</small><span class="username" data-name="god of joe">god of joe</span>:</strong> <em>at the end of the day it's about the nuances of how roles r fulfilled </em></div><div class="chat chatmessage-h2opulse"><strong style="color:#6e8c2b"><small>☆</small><span class="username" data-name="H2OPulse">H2OPulse</span>:</strong> <em>Oh you are bulky now</em></div><div class="chat chatmessage-inkbug1 mine"><strong style="color:#e46e0f"><small>☆</small><span class="username" data-name="inkbug1">inkbug1</span>:</strong> <em>i am </em></div><div class="chat chatmessage-inkbug1 mine"><strong style="color:#e46e0f"><small>☆</small><span class="username" data-name="inkbug1">inkbug1</span>:</strong> <em>turns out thats actually the correct way to run it.. just like magma intended................. genius </em></div><div class="chat chatmessage-godofjoe"><strong style="color:#a523c9"><small>+</small><span class="username" data-name="god of joe">god of joe</span>:</strong> <em>and the mod explores that hardcore which makes for many unique strategies and rather fickle/unique viability ceilings</em></div><div class="chat chatmessage-godofjoe"><strong style="color:#a523c9"><small>+</small><span class="username" data-name="god of joe">god of joe</span>:</strong> <em>Alright I Will now halt and spectate intently</em></div><div class="chat chatmessage-inkbug1 mine"><strong style="color:#e46e0f"><small>☆</small><span class="username" data-name="inkbug1">inkbug1</span>:</strong> <em>no u can kee p talking i love hearing things</em></div><div class="chat chatmessage-inkbug1 mine"><strong style="color:#e46e0f"><small>☆</small><span class="username" data-name="inkbug1">inkbug1</span>:</strong> <em>but i will add, this is a little bit like dual type spam </em></div><div class="chat chatmessage-inkbug1 mine"><strong style="color:#e46e0f"><small>☆</small><span class="username" data-name="inkbug1">inkbug1</span>:</strong> <em>similar to having a lot of poisons and a lot of darks and then youre just Fine</em></div><div class="chat chatmessage-h2opulse"><strong style="color:#6e8c2b"><small>☆</small><span class="username" data-name="H2OPulse">H2OPulse</span>:</strong> <em>I agree so much : D I love all of the subs here mmskfhk everyone just puts their best foot forward in such absurdly creative ways</em></div><div class="chat chatmessage-h2opulse"><strong style="color:#6e8c2b"><small>☆</small><span class="username" data-name="H2OPulse">H2OPulse</span>:</strong> <em>Haha true--</em></div><div class="chat chatmessage-godofjoe"><strong style="color:#a523c9"><small>+</small><span class="username" data-name="god of joe">god of joe</span>:</strong> <em>evo project is not only the best solomod but the best pet mod on the entire site</em></div><div class="chat chatmessage-godofjoe"><strong style="color:#a523c9"><small>+</small><span class="username" data-name="god of joe">god of joe</span>:</strong> <em>change my mind</em></div><div class="spacer battle-history"><br></div><div class="battle-history">Telephone Song used <strong>Whirlpool</strong>!<br></div><div class="battle-history"><small>It's super effective!</small><br></div><div class="battle-history"><small>(The opposing Zantedeschia lost 14% of its health!)</small><br></div><div class="battle-history"><small>The opposing Zantedeschia became trapped in the vortex!</small><br></div><div class="spacer battle-history"><br></div><div class="battle-history">The opposing Zantedeschia used <strong>Volt Switch</strong>!<br></div><div class="battle-history"><small>(Telephone Song lost <abbr title="−72/383">18.8%</abbr> of its health!)</small><br></div><div class="chat chatmessage-h2opulse"><strong style="color:#6e8c2b"><small>☆</small><span class="username" data-name="H2OPulse">H2OPulse</span>:</strong> <em>;-;</em></div><div class="chat chatmessage-h2opulse"><strong style="color:#6e8c2b"><small>☆</small><span class="username" data-name="H2OPulse">H2OPulse</span>:</strong> <em>I appreciate that</em></div><div class="chat chatmessage-h2opulse"><strong style="color:#6e8c2b"><small>☆</small><span class="username" data-name="H2OPulse">H2OPulse</span>:</strong> <em>This project has meant so much to me and so does everyone here ;;</em></div><div class="spacer battle-history"><br></div><div class="battle-history">The opposing Zantedeschia went back to H2OPulse!<br></div><div class="battle-history">H2OPulse sent out Foxfire (<strong>Shiinotic-Kalos</strong>)!<br></div><div class="chat"><ul class="utilichart"><li class="result"><span class="col pokemonnamecol" style="white-space: nowrap">Shiinotic-Kalos</span> <span class="col typecol"><img src="https://dragonheaven.herokuapp.com/sprites/types/Poison.png" alt="Poison" height="14" width="32"><img src="https://dragonheaven.herokuapp.com/sprites/types/Fairy.png" alt="Fairy" height="14" width="32"></span> <span style="float: left ; min-height: 26px"><span class="col abilitycol">Illuminate / Effect Spore / Technician</span><span class="col abilitycol"></span></span></li><li style="clear: both"></li></ul></div><div class="chat"><ul class="utilichart"><li class="result"><span style="float: left ; min-height: 26px"><span class="col statcol"><em>HP</em><br>60</span> <span class="col statcol"><em>Atk</em><br>45</span> <span class="col statcol"><em>Def</em><br>60</span> <span class="col statcol"><em>SpA</em><br>90</span> <span class="col statcol"><em>SpD</em><br>80</span> <span class="col statcol"><em>Spe</em><br>70</span> </span></li><li style="clear: both"></li></ul></div><div class="battle-history"><small>(Shiinotic-Kalos was created by Hematite!)</small><br></div><div class="spacer battle-history"><br></div><h2 class="battle-history">Turn 3</h2><div class="chat chatmessage-inkbug1 mine"><strong style="color:#e46e0f"><small>☆</small><span class="username" data-name="inkbug1">inkbug1</span>:</strong> <em>i like somehow pinched part of my finger in the door of the washing machine and its still stinging a little this is incredible</em></div><div class="chat chatmessage-h2opulse"><strong style="color:#6e8c2b"><small>☆</small><span class="username" data-name="H2OPulse">H2OPulse</span>:</strong> <em>Oof I'm so sorry,,</em></div><div class="spacer battle-history"><br></div><div class="battle-history">Telephone Song, come back!<br></div><div class="battle-history">Go! Semi Truck (<strong>Voltangent</strong>)!<br></div><div class="chat"><ul class="utilichart"><li class="result"><span class="col pokemonnamecol" style="white-space: nowrap">Voltangent</span> <span class="col typecol"><img src="https://dragonheaven.herokuapp.com/sprites/types/Electric.png" alt="Electric" height="14" width="32"><img src="https://dragonheaven.herokuapp.com/sprites/types/Dragon.png" alt="Dragon" height="14" width="32"></span> <span style="float: left ; min-height: 26px"><span class="col abilitycol">Regenerator / Minus</span><span class="col abilitycol"></span></span></li><li style="clear: both"></li></ul></div><div class="chat"><ul class="utilichart"><li class="result"><span style="float: left ; min-height: 26px"><span class="col statcol"><em>HP</em><br>100</span> <span class="col statcol"><em>Atk</em><br>115</span> <span class="col statcol"><em>Def</em><br>85</span> <span class="col statcol"><em>SpA</em><br>75</span> <span class="col statcol"><em>SpD</em><br>90</span> <span class="col statcol"><em>Spe</em><br>45</span> </span></li><li style="clear: both"></li></ul></div><div class="battle-history"><small>(Voltangent was created by Paulluxx!)</small><br></div><div class="spacer battle-history"><br></div><div class="battle-history">The opposing Foxfire used <strong>Spore</strong>!<br></div><div class="battle-history"><small>Semi Truck fell asleep!</small><br></div><div class="spacer battle-history"><br></div><h2 class="battle-history">Turn 4</h2><div class="spacer battle-history"><br></div><div class="battle-history">The opposing Foxfire used <strong>Acid Spray</strong>!<br></div><div class="battle-history"><small>(Semi Truck lost <abbr title="−81/341">23.8%</abbr> of its health!)</small><br></div><div class="battle-history"><small>Semi Truck's Sp. Def fell harshly!</small><br></div><div class="battle-history"><small>Semi Truck is switched out with the Eject Button!</small><br></div><div class="chat chatmessage-godofjoe"><strong style="color:#a523c9"><small>+</small><span class="username" data-name="god of joe">god of joe</span>:</strong> <em>oh fuck are you ok??</em></div><div class="chat chatmessage-inkbug1 mine"><strong style="color:#e46e0f"><small>☆</small><span class="username" data-name="inkbug1">inkbug1</span>:</strong> <em>when you cant make your own emergency exit, store-bought is fine</em></div><div class="spacer battle-history"><br></div><div class="battle-history">Semi Truck, come back!<br></div><div class="battle-history">Go! Starly-Davidson (<strong>Starly-Crown</strong>)!<br></div><div class="chat"><ul class="utilichart"><li class="result"><span class="col pokemonnamecol" style="white-space: nowrap">Starly-Crown</span> <span class="col typecol"><img src="https://dragonheaven.herokuapp.com/sprites/types/Normal.png" alt="Normal" height="14" width="32"><img src="https://dragonheaven.herokuapp.com/sprites/types/Flying.png" alt="Flying" height="14" width="32"></span> <span style="float: left ; min-height: 26px"><span class="col abilitycol">Murmuration</span><span class="col abilitycol"></span></span></li><li style="clear: both"></li></ul></div><div class="chat"><ul class="utilichart"><li class="result"><span style="float: left ; min-height: 26px"><span class="col statcol"><em>HP</em><br>40</span> <span class="col statcol"><em>Atk</em><br>55</span> <span class="col statcol"><em>Def</em><br>30</span> <span class="col statcol"><em>SpA</em><br>30</span> <span class="col statcol"><em>SpD</em><br>30</span> <span class="col statcol"><em>Spe</em><br>60</span> </span></li><li style="clear: both"></li></ul></div><div class="battle-history"><small>(Starly-Crown was created by KeroseneZanchu!)</small><br></div><div class="battle-history">[Starly-Davidson's Murmuration]<br></div><div class="battle-history"><small>Starly-Davidson changed to Cloud Form!</small><br></div><div class="chat"><ul class="utilichart"><li class="result"><span class="col pokemonnamecol" style="white-space: nowrap">Starly-Crown-Cloud</span> <span class="col typecol"><img src="https://dragonheaven.herokuapp.com/sprites/types/Normal.png" alt="Normal" height="14" width="32"><img src="https://dragonheaven.herokuapp.com/sprites/types/Flying.png" alt="Flying" height="14" width="32"></span> <span style="float: left ; min-height: 26px"><span class="col abilitycol">Murmuration</span><span class="col abilitycol"></span></span><span style="float: left ; min-height: 26px"><span class="col statcol"><em>HP</em><br>40</span> <span class="col statcol"><em>Atk</em><br>120</span> <span class="col statcol"><em>Def</em><br>170</span> <span class="col statcol"><em>SpA</em><br>50</span> <span class="col statcol"><em>SpD</em><br>161</span> <span class="col statcol"><em>Spe</em><br>100</span> </span></li><li style="clear: both"></li></ul></div><div class="spacer battle-history"><br></div><h2 class="battle-history">Turn 5</h2><div class="chat chatmessage-godofjoe"><strong style="color:#a523c9"><small>+</small><span class="username" data-name="god of joe">god of joe</span>:</strong> <em>eject button is my favorite item ever</em></div><div class="chat chatmessage-godofjoe"><strong style="color:#a523c9"><small>+</small><span class="username" data-name="god of joe">god of joe</span>:</strong> <em>i spam that thing so much</em></div><div class="chat chatmessage-inkbug1 mine"><strong style="color:#e46e0f"><small>☆</small><span class="username" data-name="inkbug1">inkbug1</span>:</strong> <em>a bit sad to use it up so early but</em></div><div class="chat chatmessage-inkbug1 mine"><strong style="color:#e46e0f"><small>☆</small><span class="username" data-name="inkbug1">inkbug1</span>:</strong> <em>youd love the set on this i think its not good-</em></div><div class="chat chatmessage-h2opulse"><strong style="color:#6e8c2b"><small>☆</small><span class="username" data-name="H2OPulse">H2OPulse</span>:</strong> <em>Never have I better understood the need for sleep clause than in this format</em></div><div class="spacer battle-history"><br></div><div class="battle-history">Starly-Davidson used <strong>Flurry</strong>!<br></div><div class="battle-history"><small>Starly-Davidson called for help!</small><br></div><div class="spacer battle-history"><br></div><div class="battle-history">The opposing Foxfire used <strong>Acid Spray</strong>!<br></div><div class="battle-history"><small>(Starly-Davidson lost <abbr title="−57/283">20.1%</abbr> of its health!)</small><br></div><div class="battle-history"><small>Starly-Davidson's Sp. Def fell harshly!</small><br></div><div class="spacer battle-history"><br></div><div class="battle-history"><small>Foxfire is being swarmed by a flurry of Starly!</small><br></div><div class="battle-history"><small>(The opposing Foxfire lost 24% of its health!)</small><br></div><div class="battle-history"><small>The opposing Foxfire restored a little HP using its Black Sludge!</small><br></div><div class="spacer battle-history"><br></div><h2 class="battle-history">Turn 6</h2><div class="chat chatmessage-inkbug1 mine"><strong style="color:#e46e0f"><small>☆</small><span class="username" data-name="inkbug1">inkbug1</span>:</strong> <em>AHSDKJHFSD</em></div><div class="chat chatmessage-inkbug1 mine"><strong style="color:#e46e0f"><small>☆</small><span class="username" data-name="inkbug1">inkbug1</span>:</strong> <em>THAT DOES SO MUCH MORE WHEN STARLYS ON THE FIELD-</em></div><div class="spacer battle-history"><br></div><div class="battle-history">Starly-Davidson used <strong>U-turn</strong>!<br></div><div class="battle-history"><small>It's not very effective...</small><br></div><div class="battle-history"><small>(The opposing Foxfire lost 10% of its health!)</small><br></div><div class="spacer battle-history"><br></div><div class="battle-history">Starly-Davidson went back to inkbug1!<br></div><div class="battle-history">Go! Cyd (<strong>Rotom</strong>)!<br></div><div class="spacer battle-history"><br></div><div class="battle-history">The opposing Foxfire used <strong>Draining Kiss</strong>!<br></div><div class="battle-history"><small>(Cyd lost <abbr title="−129/303">42.6%</abbr> of its health!)</small><br></div><div class="battle-history"><small>Cyd had its energy drained!</small><br></div><div class="spacer battle-history"><br></div><div class="battle-history"><small>Foxfire is being swarmed by a flurry of Starly!</small><br></div><div class="battle-history"><small>(The opposing Foxfire lost 12% of its health!)</small><br></div><div class="battle-history"><small>Cyd restored a little HP using its Leftovers!</small><br></div><div class="battle-history"><small>The opposing Foxfire restored a little HP using its Black Sludge!</small><br></div><div class="spacer battle-history"><br></div><h2 class="battle-history">Turn 7</h2><div class="chat chatmessage-inkbug1 mine"><strong style="color:#e46e0f"><small>☆</small><span class="username" data-name="inkbug1">inkbug1</span>:</strong> <em>and yeah i like </em></div><div class="chat chatmessage-inkbug1 mine"><strong style="color:#e46e0f"><small>☆</small><span class="username" data-name="inkbug1">inkbug1</span>:</strong> <em>i do try to not </em></div><div class="chat chatmessage-inkbug1 mine"><strong style="color:#e46e0f"><small>☆</small><span class="username" data-name="inkbug1">inkbug1</span>:</strong> <em>"abuse" the rule being there but on the otehr hand, what the fuck are u supposed to do </em></div><div class="spacer battle-history"><br></div><div class="battle-history">Cyd used <strong>Light Screen</strong>!<br></div><div class="battle-history"><small>Light Screen made your team stronger against special moves!</small><br></div><div class="spacer battle-history"><br></div><div class="battle-history">The opposing Foxfire used <strong>Acid Spray</strong>!<br></div><div class="battle-history"><small>It's not very effective...</small><br></div><div class="battle-history"><small>(Cyd lost <abbr title="−25/303">8.3%</abbr> of its health!)</small><br></div><div class="battle-history"><small>Cyd's Sp. Def fell harshly!</small><br></div><div class="spacer battle-history"><br></div><div class="battle-history"><small>Foxfire is being swarmed by a flurry of Starly!</small><br></div><div class="battle-history"><small>(The opposing Foxfire lost 11% of its health!)</small><br></div><div class="battle-history"><small>Cyd restored a little HP using its Leftovers!</small><br></div><div class="battle-history"><small>The opposing Foxfire restored a little HP using its Black Sludge!</small><br></div><div class="spacer battle-history"><br></div><h2 class="battle-history">Turn 8</h2><div class="chat chatmessage-h2opulse"><strong style="color:#6e8c2b"><small>☆</small><span class="username" data-name="H2OPulse">H2OPulse</span>:</strong> <em>Yeah--</em></div><div class="chat chatmessage-h2opulse"><strong style="color:#6e8c2b"><small>☆</small><span class="username" data-name="H2OPulse">H2OPulse</span>:</strong> <em>like whenever Foxfire is faster than everything you have left she would just win by default if the rule didn't exist</em></div><div class="chat chatmessage-h2opulse"><strong style="color:#6e8c2b"><small>☆</small><span class="username" data-name="H2OPulse">H2OPulse</span>:</strong> <em>it is there for a reason</em></div><div class="spacer battle-history"><br></div><div class="battle-history">Cyd used <strong>Volt Switch</strong>!<br></div><div class="battle-history"><small>A critical hit!</small><br></div><div class="battle-history"><small>(The opposing Foxfire lost 57% of its health!)</small><br></div><div class="chat chatmessage-inkbug1 mine"><strong style="color:#e46e0f"><small>☆</small><span class="username" data-name="inkbug1">inkbug1</span>:</strong> <em>yeah </em></div><div class="chat chatmessage-inkbug1 mine"><strong style="color:#e46e0f"><small>☆</small><span class="username" data-name="inkbug1">inkbug1</span>:</strong> <em>oh nice</em></div><div class="spacer battle-history"><br></div><div class="battle-history">Cyd went back to inkbug1!<br></div><div class="battle-history">Go! Starly-Davidson (<strong>Starly-Crown</strong>)!<br></div><div class="battle-history">[Starly-Davidson's Murmuration]<br></div><div class="battle-history"><small>Starly-Davidson changed to Cloud Form!</small><br></div><div class="spacer battle-history"><br></div><div class="battle-history">The opposing Foxfire used <strong>Draining Kiss</strong>!<br></div><div class="battle-history"><small>(Starly-Davidson lost <abbr title="−33/283">11.7%</abbr> of its health!)</small><br></div><div class="battle-history"><small>Starly-Davidson had its energy drained!</small><br></div><div class="spacer battle-history"><br></div><div class="battle-history"><small>Foxfire is being swarmed by a flurry of Starly!</small><br></div><div class="battle-history"><small>(The opposing Foxfire lost 23% of its health!)</small><br></div><div class="battle-history"><small>The opposing Foxfire restored a little HP using its Black Sludge!</small><br></div><div class="spacer battle-history"><br></div><h2 class="battle-history">Turn 9</h2><div class="chat chatmessage-h2opulse"><strong style="color:#6e8c2b"><small>☆</small><span class="username" data-name="H2OPulse">H2OPulse</span>:</strong> <em>Kshdjf</em></div><div class="spacer battle-history"><br></div><div class="battle-history">H2OPulse withdrew Foxfire!<br></div><div class="battle-history">H2OPulse sent out Zantedeschia (<strong>Resurrectric</strong>)!<br></div><div class="spacer battle-history"><br></div><div class="battle-history">Starly-Davidson used <strong>Rapid Spin</strong>!<br></div><div class="battle-history"><small>(The opposing Zantedeschia lost 18% of its health!)</small><br></div><div class="battle-history"><small>Starly-Davidson's Speed rose!</small><br></div><div class="spacer battle-history"><br></div><div class="battle-history"><small>Zantedeschia is being swarmed by a flurry of Starly!</small><br></div><div class="battle-history"><small>It's not very effective...</small><br></div><div class="battle-history"><small>(The opposing Zantedeschia lost 4% of its health!)</small><br></div><div class="spacer battle-history"><br></div><h2 class="battle-history">Turn 10</h2><div class="spacer battle-history"><br></div><div class="battle-history">Starly-Davidson used <strong>U-turn</strong>!<br></div><div class="battle-history"><small>(The opposing Zantedeschia lost 17% of its health!)</small><br></div><div class="spacer battle-history"><br></div><div class="battle-history">Starly-Davidson went back to inkbug1!<br></div><div class="battle-history">Go! Semi Truck (<strong>Voltangent</strong>)!<br></div><div class="spacer battle-history"><br></div><div class="battle-history">The opposing Zantedeschia used <strong>Volt Switch</strong>!<br></div><div class="battle-history"><small>It's not very effective...</small><br></div><div class="battle-history"><small>(Semi Truck lost <abbr title="−14/341">4.1%</abbr> of its health!)</small><br></div><div class="spacer battle-history"><br></div><div class="battle-history">The opposing Zantedeschia went back to H2OPulse!<br></div><div class="battle-history">H2OPulse sent out Foxfire (<strong>Shiinotic-Kalos</strong>)!<br></div><div class="spacer battle-history"><br></div><div class="battle-history"><small>The opposing Foxfire restored a little HP using its Black Sludge!</small><br></div><div class="spacer battle-history"><br></div><h2 class="battle-history">Turn 11</h2><div class="spacer battle-history"><br></div><div class="battle-history">Semi Truck, come back!<br></div><div class="battle-history">Go! Telephone Song (<strong>Dewgong-Variant</strong>)!<br></div><div class="spacer battle-history"><br></div><div class="battle-history">The opposing Foxfire used <strong>Acid Spray</strong>!<br></div><div class="battle-history"><small>(Telephone Song lost <abbr title="−30/383">7.8%</abbr> of its health!)</small><br></div><div class="battle-history"><small>Telephone Song's Sp. Def fell harshly!</small><br></div><div class="spacer battle-history"><br></div><div class="battle-history"><small>The opposing Foxfire restored a little HP using its Black Sludge!</small><br></div><div class="battle-history"><small>Your team's Light Screen wore off!</small><br></div><div class="spacer battle-history"><br></div><h2 class="battle-history">Turn 12</h2><div class="spacer battle-history"><br></div><div class="battle-history">Telephone Song, come back!<br></div><div class="battle-history">Go! Starly-Davidson (<strong>Starly-Crown</strong>)!<br></div><div class="battle-history">[Starly-Davidson's Murmuration]<br></div><div class="battle-history"><small>Starly-Davidson changed to Cloud Form!</small><br></div><div class="spacer battle-history"><br></div><div class="battle-history">The opposing Foxfire used <strong>Draining Kiss</strong>!<br></div><div class="battle-history"><small>(Starly-Davidson lost <abbr title="−75/283">26.5%</abbr> of its health!)</small><br></div><div class="battle-history"><small>Starly-Davidson had its energy drained!</small><br></div><div class="spacer battle-history"><br></div><div class="battle-history"><small>The opposing Foxfire restored a little HP using its Black Sludge!</small><br></div><div class="spacer battle-history"><br></div><h2 class="battle-history">Turn 13</h2><div class="spacer battle-history"><br></div><div class="battle-history">Starly-Davidson used <strong>Flurry</strong>!<br></div><div class="battle-history"><small>Starly-Davidson called for help!</small><br></div><div class="spacer battle-history"><br></div><div class="battle-history">The opposing Foxfire used <strong>Draining Kiss</strong>!<br></div><div class="battle-history"><small>(Starly-Davidson lost <abbr title="−69/283">24.4%</abbr> of its health!)</small><br></div><div class="battle-history"><small>Starly-Davidson had its energy drained!</small><br></div><div class="spacer battle-history"><br></div><div class="battle-history"><small>Foxfire is being swarmed by a flurry of Starly!</small><br></div><div class="battle-history"><small>(The opposing Foxfire lost 24% of its health!)</small><br></div><div class="battle-history"><small>The opposing Foxfire restored a little HP using its Black Sludge!</small><br></div><div class="battle-history">[Starly-Davidson's Murmuration]<br></div><div class="battle-history"><small>Starly-Davidson changed to Solo Form...</small><br></div><div class="spacer battle-history"><br></div><h2 class="battle-history">Turn 14</h2><div class="chat chatmessage-inkbug1 mine"><strong style="color:#e46e0f"><small>☆</small><span class="username" data-name="inkbug1">inkbug1</span>:</strong> <em>oh right</em></div><div class="chat chatmessage-h2opulse"><strong style="color:#6e8c2b"><small>☆</small><span class="username" data-name="H2OPulse">H2OPulse</span>:</strong> <em>Oh right</em></div><div class="chat chatmessage-inkbug1 mine"><strong style="color:#e46e0f"><small>☆</small><span class="username" data-name="inkbug1">inkbug1</span>:</strong> <em>that iiiiiiiis i think my cue to leave-</em></div><div class="spacer battle-history"><br></div><div class="battle-history">Starly-Davidson, come back!<br></div><div class="battle-history">Go! Cyd (<strong>Rotom</strong>)!<br></div><div class="spacer battle-history"><br></div><div class="battle-history">The opposing Foxfire used <strong>Acid Spray</strong>!<br></div><div class="battle-history"><small>It's not very effective...</small><br></div><div class="battle-history"><small>(Cyd lost <abbr title="−51/303">16.8%</abbr> of its health!)</small><br></div><div class="battle-history"><small>Cyd's Sp. Def fell harshly!</small><br></div><div class="spacer battle-history"><br></div><div class="battle-history"><small>Foxfire is being swarmed by a flurry of Starly!</small><br></div><div class="battle-history"><small>(The opposing Foxfire lost 12% of its health!)</small><br></div><div class="battle-history"><small>Cyd restored a little HP using its Leftovers!</small><br></div><div class="battle-history"><small>The opposing Foxfire restored a little HP using its Black Sludge!</small><br></div><div class="spacer battle-history"><br></div><h2 class="battle-history">Turn 15</h2><div class="spacer battle-history"><br></div><div class="battle-history">Cyd used <strong>Light Screen</strong>!<br></div><div class="battle-history"><small>Light Screen made your team stronger against special moves!</small><br></div><div class="spacer battle-history"><br></div><div class="battle-history">The opposing Foxfire used <strong>Draining Kiss</strong>!<br></div><div class="battle-history"><small>(Cyd lost <abbr title="−131/303">43.2%</abbr> of its health!)</small><br></div><div class="battle-history"><small>Cyd had its energy drained!</small><br></div><div class="spacer battle-history"><br></div><div class="battle-history"><small>Foxfire is being swarmed by a flurry of Starly!</small><br></div><div class="battle-history"><small>(The opposing Foxfire lost 12% of its health!)</small><br></div><div class="battle-history"><small>Cyd restored a little HP using its Leftovers!</small><br></div><div class="battle-history"><small>The opposing Foxfire restored a little HP using its Black Sludge!</small><br></div><div class="spacer battle-history"><br></div><h2 class="battle-history">Turn 16</h2><div class="spacer battle-history"><br></div><div class="battle-history">Cyd, come back!<br></div><div class="battle-history">Go! Telephone Song (<strong>Dewgong-Variant</strong>)!<br></div><div class="spacer battle-history"><br></div><div class="battle-history">The opposing Foxfire used <strong>Draining Kiss</strong>!<br></div><div class="battle-history"><small>(Telephone Song lost <abbr title="−37/383">9.7%</abbr> of its health!)</small><br></div><div class="battle-history"><small>Telephone Song had its energy drained!</small><br></div><div class="spacer battle-history"><br></div><div class="battle-history"><small>Foxfire is being swarmed by a flurry of Starly!</small><br></div><div class="battle-history"><small>(The opposing Foxfire lost 11% of its health!)</small><br></div><div class="battle-history"><small>The opposing Foxfire restored a little HP using its Black Sludge!</small><br></div><div class="spacer battle-history"><br></div><h2 class="battle-history">Turn 17</h2><div class="spacer battle-history"><br></div><div class="battle-history">The opposing Foxfire used <strong>Acid Spray</strong>!<br></div><div class="battle-history"><small>(Telephone Song lost <abbr title="−30/383">7.8%</abbr> of its health!)</small><br></div><div class="battle-history"><small>Telephone Song's Sp. Def fell harshly!</small><br></div><div class="spacer battle-history"><br></div><div class="battle-history">Telephone Song used <strong>Recover</strong>!<br></div><div class="battle-history"><small>Telephone Song had its HP restored.</small><br></div><div class="spacer battle-history"><br></div><div class="battle-history"><small>Foxfire is being swarmed by a flurry of Starly!</small><br></div><div class="battle-history"><small>(The opposing Foxfire lost 12% of its health!)</small><br></div><div class="battle-history"><small>The opposing Foxfire restored a little HP using its Black Sludge!</small><br></div><div class="spacer battle-history"><br></div><h2 class="battle-history">Turn 18</h2><div class="spacer battle-history"><br></div><div class="battle-history">The opposing Foxfire used <strong>Draining Kiss</strong>!<br></div><div class="battle-history"><small>(Telephone Song lost <abbr title="−76/383">19.8%</abbr> of its health!)</small><br></div><div class="battle-history"><small>Telephone Song had its energy drained!</small><br></div><div class="spacer battle-history"><br></div><div class="battle-history">Telephone Song used <strong>Echoed Voice</strong>!<br></div><div class="battle-history"><small>The Normal Gem strengthened Telephone Song's power!</small><br></div><div class="battle-history"><small>(The opposing Foxfire lost 40% of its health!)</small><br></div><div class="spacer battle-history"><br></div><div class="battle-history"><small>The opposing Foxfire restored a little HP using its Black Sludge!</small><br></div><div class="spacer battle-history"><br></div><h2 class="battle-history">Turn 19</h2><div class="spacer battle-history"><br></div><div class="battle-history">The opposing Foxfire used <strong>Draining Kiss</strong>!<br></div><div class="battle-history"><small>(Telephone Song lost <abbr title="−84/383">21.9%</abbr> of its health!)</small><br></div><div class="battle-history"><small>Telephone Song had its energy drained!</small><br></div><div class="spacer battle-history"><br></div><div class="battle-history">Telephone Song used <strong>Echoed Voice</strong>!<br></div><div class="battle-history"><small>(The opposing Foxfire lost 68% of its health!)</small><br></div><div class="spacer battle-history"><br></div><div class="battle-history"><small>The opposing Foxfire restored a little HP using its Black Sludge!</small><br></div><div class="battle-history"><small>Your team's Light Screen wore off!</small><br></div><div class="spacer battle-history"><br></div><h2 class="battle-history">Turn 20</h2><div class="spacer battle-history"><br></div><div class="battle-history">The opposing Foxfire used <strong>Draining Kiss</strong>!<br></div><div class="battle-history"><small>(Telephone Song lost <abbr title="−144/383">37.6%</abbr> of its health!)</small><br></div><div class="battle-history"><small>Telephone Song had its energy drained!</small><br></div><div class="spacer battle-history"><br></div><div class="battle-history">Telephone Song used <strong>Echoed Voice</strong>!<br></div><div class="battle-history"><small>(The opposing Foxfire lost 70% of its health!)</small><br></div><div class="spacer battle-history"><br></div><div class="battle-history">The opposing Foxfire fainted!<br></div><div class="chat chatmessage-inkbug1 mine"><strong style="color:#e46e0f"><small>☆</small><span class="username" data-name="inkbug1">inkbug1</span>:</strong> <em>WHY DID U LIVE THAT</em></div><div class="chat chatmessage-h2opulse"><strong style="color:#6e8c2b"><small>☆</small><span class="username" data-name="H2OPulse">H2OPulse</span>:</strong> <em>AH,</em></div><div class="chat chatmessage-inkbug1 mine"><strong style="color:#e46e0f"><small>☆</small><span class="username" data-name="inkbug1">inkbug1</span>:</strong> <em>okay </em></div><div class="chat chatmessage-inkbug1 mine"><strong style="color:#e46e0f"><small>☆</small><span class="username" data-name="inkbug1">inkbug1</span>:</strong> <em>i was </em></div><div class="chat chatmessage-h2opulse"><strong style="color:#6e8c2b"><small>☆</small><span class="username" data-name="H2OPulse">H2OPulse</span>:</strong> <em>okay that's</em></div><div class="chat chatmessage-h2opulse"><strong style="color:#6e8c2b"><small>☆</small><span class="username" data-name="H2OPulse">H2OPulse</span>:</strong> <em>fair she was putting in a little too much work--</em></div><div class="chat chatmessage-inkbug1 mine"><strong style="color:#e46e0f"><small>☆</small><span class="username" data-name="inkbug1">inkbug1</span>:</strong> <em>debating whether to sac so someone else could hopefully keep screaming </em></div><div class="spacer battle-history"><br></div><div class="battle-history">H2OPulse sent out Zantedeschia (<strong>Resurrectric</strong>)!<br></div><div class="spacer battle-history"><br></div><h2 class="battle-history">Turn 21</h2><div class="chat chatmessage-inkbug1 mine"><strong style="color:#e46e0f"><small>☆</small><span class="username" data-name="inkbug1">inkbug1</span>:</strong> <em>but that also works</em></div><div class="spacer battle-history"><br></div><div class="battle-history">Telephone Song, come back!<br></div><div class="battle-history">Go! HOOCIFER (<strong>Hoobarn</strong>)!<br></div><div class="chat"><ul class="utilichart"><li class="result"><span class="col pokemonnamecol" style="white-space: nowrap">Hoobarn</span> <span class="col typecol"><img src="https://dragonheaven.herokuapp.com/sprites/types/Normal.png" alt="Normal" height="14" width="32"><img src="https://dragonheaven.herokuapp.com/sprites/types/Flying.png" alt="Flying" height="14" width="32"></span> <span style="float: left ; min-height: 26px"><span class="col abilitycol">Insomnia / Keen Eye / Prankster</span><span class="col abilitycol"></span></span></li><li style="clear: both"></li></ul></div><div class="chat"><ul class="utilichart"><li class="result"><span style="float: left ; min-height: 26px"><span class="col statcol"><em>HP</em><br>100</span> <span class="col statcol"><em>Atk</em><br>70</span> <span class="col statcol"><em>Def</em><br>90</span> <span class="col statcol"><em>SpA</em><br>86</span> <span class="col statcol"><em>SpD</em><br>96</span> <span class="col statcol"><em>Spe</em><br>70</span> </span></li><li style="clear: both"></li></ul></div><div class="battle-history"><small>(Hoobarn was created by Bolivia!)</small><br></div><div class="spacer battle-history"><br></div><div class="battle-history">The opposing Zantedeschia used <strong>Volt Switch</strong>!<br></div><div class="battle-history"><small>It's super effective!</small><br></div><div class="battle-history"><small>(HOOCIFER lost <abbr title="−254/404">62.9%</abbr> of its health!)</small><br></div><div class="chat chatmessage-inkbug1 mine"><strong style="color:#e46e0f"><small>☆</small><span class="username" data-name="inkbug1">inkbug1</span>:</strong> <em>ow</em></div><div class="chat chatmessage-h2opulse"><strong style="color:#6e8c2b"><small>☆</small><span class="username" data-name="H2OPulse">H2OPulse</span>:</strong> <em>I AM GLAD YOU SWITCHED BECAUSE I AM STUPID AND ZANTE WAS PROBABLY SLOWER--</em></div><div class="chat chatmessage-inkbug1 mine"><strong style="color:#e46e0f"><small>☆</small><span class="username" data-name="inkbug1">inkbug1</span>:</strong> <em>oh </em></div><div class="chat chatmessage-inkbug1 mine"><strong style="color:#e46e0f"><small>☆</small><span class="username" data-name="inkbug1">inkbug1</span>:</strong> <em>i forgot </em></div><div class="chat chatmessage-inkbug1 mine"><strong style="color:#e46e0f"><small>☆</small><span class="username" data-name="inkbug1">inkbug1</span>:</strong> <em>wait no</em></div><div class="spacer battle-history"><br></div><div class="battle-history">The opposing Zantedeschia went back to H2OPulse!<br></div><div class="battle-history">H2OPulse sent out Pandorea (<strong>Klefki-Galar</strong>)!<br></div><div class="chat"><ul class="utilichart"><li class="result"><span class="col pokemonnamecol" style="white-space: nowrap">Klefki-Galar</span> <span class="col typecol"><img src="https://dragonheaven.herokuapp.com/sprites/types/Steel.png" alt="Steel" height="14" width="32"><img src="https://dragonheaven.herokuapp.com/sprites/types/Dark.png" alt="Dark" height="14" width="32"></span> <span style="float: left ; min-height: 26px"><span class="col abilitycol">Hunger Switch</span><span class="col abilitycol"></span></span></li><li style="clear: both"></li></ul></div><div class="chat"><ul class="utilichart"><li class="result"><span style="float: left ; min-height: 26px"><span class="col statcol"><em>HP</em><br>57</span> <span class="col statcol"><em>Atk</em><br>60</span> <span class="col statcol"><em>Def</em><br>106</span> <span class="col statcol"><em>SpA</em><br>70</span> <span class="col statcol"><em>SpD</em><br>87</span> <span class="col statcol"><em>Spe</em><br>90</span> </span></li><li style="clear: both"></li></ul></div><div class="battle-history"><small>(Klefki-Galar was created by Albatross!)</small><br></div><div class="spacer battle-history"><br></div><div class="battle-history"><small>HOOCIFER was burned!</small><br></div><div class="battle-history">[The opposing Pandorea's Hunger Switch]<br></div><div class="battle-history"><small>Pandorea changed to Revealed Mode!</small><br></div><div class="chat"><ul class="utilichart"><li class="result"><span class="col pokemonnamecol" style="white-space: nowrap">Klefki-Galar-Revealed</span> <span class="col typecol"><img src="https://dragonheaven.herokuapp.com/sprites/types/Fairy.png" alt="Fairy" height="14" width="32"><img src="https://dragonheaven.herokuapp.com/sprites/types/Dark.png" alt="Dark" height="14" width="32"></span> <span style="float: left ; min-height: 26px"><span class="col abilitycol">Hunger Switch</span><span class="col abilitycol"></span></span><span style="float: left ; min-height: 26px"><span class="col statcol"><em>HP</em><br>57</span> <span class="col statcol"><em>Atk</em><br>116</span> <span class="col statcol"><em>Def</em><br>50</span> <span class="col statcol"><em>SpA</em><br>70</span> <span class="col statcol"><em>SpD</em><br>87</span> <span class="col statcol"><em>Spe</em><br>90</span> </span></li><li style="clear: both"></li></ul></div><div class="spacer battle-history"><br></div><h2 class="battle-history">Turn 22</h2><div class="chat chatmessage-inkbug1 mine"><strong style="color:#e46e0f"><small>☆</small><span class="username" data-name="inkbug1">inkbug1</span>:</strong> <em>i think it was speed invested on the previous set but i dont thhhhhhhink </em></div><div class="chat chatmessage-inkbug1 mine"><strong style="color:#e46e0f"><small>☆</small><span class="username" data-name="inkbug1">inkbug1</span>:</strong> <em>it is anymore</em></div><div class="chat chatmessage-inkbug1 mine"><strong style="color:#e46e0f"><small>☆</small><span class="username" data-name="inkbug1">inkbug1</span>:</strong> <em>you said ur speed last time what was it</em></div><div class="chat chatmessage-h2opulse"><strong style="color:#6e8c2b"><small>☆</small><span class="username" data-name="H2OPulse">H2OPulse</span>:</strong> <em>126,,</em></div><div class="chat chatmessage-inkbug1 mine"><strong style="color:#e46e0f"><small>☆</small><span class="username" data-name="inkbug1">inkbug1</span>:</strong> <em>okay just barely over </em></div><div class="chat chatmessage-h2opulse"><strong style="color:#6e8c2b"><small>☆</small><span class="username" data-name="H2OPulse">H2OPulse</span>:</strong> <em>Oh phew okay</em></div><div class="chat chatmessage-inkbug1 mine"><strong style="color:#e46e0f"><small>☆</small><span class="username" data-name="inkbug1">inkbug1</span>:</strong> <em>or </em></div><div class="chat chatmessage-inkbug1 mine"><strong style="color:#e46e0f"><small>☆</small><span class="username" data-name="inkbug1">inkbug1</span>:</strong> <em>i mean im 136 it was </em></div><div class="chat chatmessage-h2opulse"><strong style="color:#6e8c2b"><small>☆</small><span class="username" data-name="H2OPulse">H2OPulse</span>:</strong> <em>Oh--</em></div><div class="chat chatmessage-inkbug1 mine"><strong style="color:#e46e0f"><small>☆</small><span class="username" data-name="inkbug1">inkbug1</span>:</strong> <em>but i also didnt realize </em></div><div class="chat chatmessage-h2opulse"><strong style="color:#6e8c2b"><small>☆</small><span class="username" data-name="H2OPulse">H2OPulse</span>:</strong> <em>yeah okay kshdjfk</em></div><div class="chat chatmessage-h2opulse"><strong style="color:#6e8c2b"><small>☆</small><span class="username" data-name="H2OPulse">H2OPulse</span>:</strong> <em>fai r</em></div><div class="spacer battle-history"><br></div><div class="battle-history">HOOCIFER used <strong>Roost</strong>!<br></div><div class="battle-history"><small>HOOCIFER had its HP restored.</small><br></div><div class="battle-history"><small>(HOOCIFER loses Flying type this turn.)</small><br></div><div class="spacer battle-history"><br></div><div class="battle-history">The opposing Pandorea used <strong>Knock Off</strong>!<br></div><div class="battle-history"><small>(HOOCIFER lost <abbr title="−97/404">24.0%</abbr> of its health!)</small><br></div><div class="battle-history"><small>The opposing Pandorea knocked off HOOCIFER's Flame Orb!</small><br></div><div class="spacer battle-history"><br></div><div class="battle-history"><small>HOOCIFER was hurt by its burn!</small><br></div><div class="battle-history">[The opposing Pandorea's Hunger Switch]<br></div><div class="battle-history"><small>Pandorea changed to Lure Mode!</small><br></div><div class="spacer battle-history"><br></div><h2 class="battle-history">Turn 23</h2><div class="spacer battle-history"><br></div><div class="battle-history">HOOCIFER used <strong>Calm Mind</strong>!<br></div><div class="battle-history"><small>HOOCIFER's Sp. Atk rose!</small><br></div><div class="battle-history"><small>HOOCIFER's Sp. Def rose!</small><br></div><div class="spacer battle-history"><br></div><div class="battle-history">The opposing Pandorea used <strong>Swords Dance</strong>!<br></div><div class="battle-history"><small>The opposing Pandorea's Attack rose sharply!</small><br></div><div class="spacer battle-history"><br></div><div class="battle-history"><small>HOOCIFER was hurt by its burn!</small><br></div><div class="battle-history">[The opposing Pandorea's Hunger Switch]<br></div><div class="battle-history"><small>Pandorea changed to Revealed Mode!</small><br></div><div class="spacer battle-history"><br></div><h2 class="battle-history">Turn 24</h2><div class="spacer battle-history"><br></div><div class="battle-history">The opposing Pandorea used <strong>Swords Dance</strong>!<br></div><div class="battle-history"><small>The opposing Pandorea's Attack rose sharply!</small><br></div><div class="spacer battle-history"><br></div><div class="battle-history">HOOCIFER used <strong>Echoed Voice</strong>!<br></div><div class="battle-history"><small>(The opposing Pandorea lost 29% of its health!)</small><br></div><div class="spacer battle-history"><br></div><div class="battle-history"><small>HOOCIFER was hurt by its burn!</small><br></div><div class="battle-history">[The opposing Pandorea's Hunger Switch]<br></div><div class="battle-history"><small>Pandorea changed to Lure Mode!</small><br></div><div class="spacer battle-history"><br></div><h2 class="battle-history">Turn 25</h2><div class="spacer battle-history"><br></div><div class="battle-history">The opposing Pandorea used <strong>Protect</strong>!<br></div><div class="battle-history"><small>The opposing Pandorea protected itself!</small><br></div><div class="spacer battle-history"><br></div><div class="battle-history">HOOCIFER used <strong>Echoed Voice</strong>!<br></div><div class="battle-history"><small>The opposing Pandorea protected itself!</small><br></div><div class="spacer battle-history"><br></div><div class="battle-history"><small>HOOCIFER was hurt by its burn!</small><br></div><div class="battle-history">[The opposing Pandorea's Hunger Switch]<br></div><div class="battle-history"><small>Pandorea changed to Revealed Mode!</small><br></div><div class="spacer battle-history"><br></div><h2 class="battle-history">Turn 26</h2><div class="spacer battle-history"><br></div><div class="battle-history">The opposing Pandorea used <strong>Knock Off</strong>!<br></div><div class="battle-history"><small>(HOOCIFER lost <abbr title="−155/404">38.4%</abbr> of its health!)</small><br></div><div class="spacer battle-history"><br></div><div class="battle-history">HOOCIFER fainted!<br></div><div class="spacer battle-history"><br></div><div class="battle-history">[The opposing Pandorea's Hunger Switch]<br></div><div class="battle-history"><small>Pandorea changed to Lure Mode!</small><br></div><div class="spacer battle-history"><br></div><div class="battle-history">Go! Semi Truck (<strong>Voltangent</strong>)!<br></div><div class="spacer battle-history"><br></div><h2 class="battle-history">Turn 27</h2><div class="spacer battle-history"><br></div><div class="battle-history"><small>Semi Truck is tightening its focus!</small><br></div><div class="spacer battle-history"><br></div><div class="battle-history">The opposing Pandorea used <strong>Play Rough</strong>!<br></div><div class="battle-history"><small>It's super effective!</small><br></div><div class="battle-history"><small>(Semi Truck lost <abbr title="−341/341">100%</abbr> of its health!)</small><br></div><div class="spacer battle-history"><br></div><div class="battle-history">Semi Truck fainted!<br></div><div class="spacer battle-history"><br></div><div class="battle-history">[The opposing Pandorea's Hunger Switch]<br></div><div class="battle-history"><small>Pandorea changed to Revealed Mode!</small><br></div><div class="chat chatmessage-inkbug1 mine"><strong style="color:#e46e0f"><small>☆</small><span class="username" data-name="inkbug1">inkbug1</span>:</strong> <em>why did u have to pick that turn to be the first time you ever landed that move</em></div><div class="chat chatmessage-h2opulse"><strong style="color:#6e8c2b"><small>☆</small><span class="username" data-name="H2OPulse">H2OPulse</span>:</strong> <em>Gdhdjfjfjgk</em></div><div class="spacer battle-history"><br></div><div class="battle-history">Go! Telal (<strong>Aleon</strong>)!<br></div><div class="chat"><ul class="utilichart"><li class="result"><span class="col pokemonnamecol" style="white-space: nowrap">Aleon</span> <span class="col typecol"><img src="https://dragonheaven.herokuapp.com/sprites/types/Normal.png" alt="Normal" height="14" width="32"></span> <span style="float: left ; min-height: 26px"><span class="col abilitycol">Adaptability / Normalize / Beast Boost</span><span class="col abilitycol"></span></span></li><li style="clear: both"></li></ul></div><div class="chat"><ul class="utilichart"><li class="result"><span style="float: left ; min-height: 26px"><span class="col statcol"><em>HP</em><br>103</span> <span class="col statcol"><em>Atk</em><br>79</span> <span class="col statcol"><em>Def</em><br>53</span> <span class="col statcol"><em>SpA</em><br>89</span> <span class="col statcol"><em>SpD</em><br>67</span> <span class="col statcol"><em>Spe</em><br>134</span> </span></li><li style="clear: both"></li></ul></div><div class="battle-history"><small>(Aleon was created by inkbug!)</small><br></div><div class="spacer battle-history"><br></div><h2 class="battle-history">Turn 28</h2><div class="chat chatmessage-inkbug1 mine"><strong style="color:#e46e0f"><small>☆</small><span class="username" data-name="inkbug1">inkbug1</span>:</strong> <em>anyway i lose now lol</em></div><div class="chat chatmessage-h2opulse"><strong style="color:#6e8c2b"><small>☆</small><span class="username" data-name="H2OPulse">H2OPulse</span>:</strong> <em>Oh I think that was a safe turn actually because you hadn't burned any sleep turns</em></div><div class="chat chatmessage-h2opulse"><strong style="color:#6e8c2b"><small>☆</small><span class="username" data-name="H2OPulse">H2OPulse</span>:</strong> <em>there's always at least 1 but you were Eject Buttoned out before you could take it</em></div><div class="chat chatmessage-inkbug1 mine"><strong style="color:#e46e0f"><small>☆</small><span class="username" data-name="inkbug1">inkbug1</span>:</strong> <em>i do not rest my case </em></div><div class="chat chatmessage-h2opulse"><strong style="color:#6e8c2b"><small>☆</small><span class="username" data-name="H2OPulse">H2OPulse</span>:</strong> <em>Fair--</em></div><div class="chat chatmessage-inkbug1 mine"><strong style="color:#e46e0f"><small>☆</small><span class="username" data-name="inkbug1">inkbug1</span>:</strong> <em>i figured youd do something else cuz of the sleep</em></div><div class="spacer battle-history"><br></div><div class="battle-history">Telal used <strong>Volt Switch</strong>!<br></div><div class="battle-history"><small>(The opposing Pandorea lost 25% of its health!)</small><br></div><div class="spacer battle-history"><br></div><div class="battle-history">Telal went back to inkbug1!<br></div><div class="battle-history">Go! Cyd (<strong>Rotom</strong>)!<br></div><div class="spacer battle-history"><br></div><div class="battle-history">The opposing Pandorea used <strong>Knock Off</strong>!<br></div><div class="battle-history"><small>It's super effective!</small><br></div><div class="battle-history"><small>(Cyd lost <abbr title="−39/303">12.9%</abbr> of its health!)</small><br></div><div class="battle-history"><small>The opposing Pandorea knocked off Cyd's Leftovers!</small><br></div><div class="spacer battle-history"><br></div><div class="battle-history">Cyd fainted!<br></div><div class="spacer battle-history"><br></div><div class="battle-history">[The opposing Pandorea's Hunger Switch]<br></div><div class="battle-history"><small>Pandorea changed to Lure Mode!</small><br></div><div class="spacer battle-history"><br></div><div class="battle-history">Go! Telephone Song (<strong>Dewgong-Variant</strong>)!<br></div><div class="spacer battle-history"><br></div><h2 class="battle-history">Turn 29</h2><div class="spacer battle-history"><br></div><div class="battle-history">The opposing Pandorea used <strong>Knock Off</strong>!<br></div><div class="battle-history"><small>(Telephone Song lost <abbr title="−20/383">5.2%</abbr> of its health!)</small><br></div><div class="spacer battle-history"><br></div><div class="battle-history">Telephone Song fainted!<br></div><div class="spacer battle-history"><br></div><div class="battle-history">[The opposing Pandorea's Hunger Switch]<br></div><div class="battle-history"><small>Pandorea changed to Revealed Mode!</small><br></div><div class="spacer battle-history"><br></div><div class="battle-history">Go! Telal (<strong>Aleon</strong>)!<br></div><div class="spacer battle-history"><br></div><h2 class="battle-history">Turn 30</h2><div class="spacer battle-history"><br></div><div class="battle-history">The opposing Pandorea used <strong>Protect</strong>!<br></div><div class="battle-history"><small>The opposing Pandorea protected itself!</small><br></div><div class="spacer battle-history"><br></div><div class="battle-history">Telal used <strong>Volt Switch</strong>!<br></div><div class="battle-history"><small>The opposing Pandorea protected itself!</small><br></div><div class="spacer battle-history"><br></div><div class="battle-history">[The opposing Pandorea's Hunger Switch]<br></div><div class="battle-history"><small>Pandorea changed to Lure Mode!</small><br></div><div class="spacer battle-history"><br></div><h2 class="battle-history">Turn 31</h2><div class="spacer battle-history"><br></div><div class="battle-history">Telal used <strong>Volt Switch</strong>!<br></div><div class="battle-history"><small>(The opposing Pandorea lost 25% of its health!)</small><br></div><div class="spacer battle-history"><br></div><div class="battle-history">Telal went back to inkbug1!<br></div><div class="battle-history">Go! Starly-Davidson (<strong>Starly-Crown</strong>)!<br></div><div class="spacer battle-history"><br></div><div class="battle-history">The opposing Pandorea used <strong>Knock Off</strong>!<br></div><div class="battle-history"><small>(Starly-Davidson lost <abbr title="−49/283">17.3%</abbr> of its health!)</small><br></div><div class="battle-history"><small>The opposing Pandorea knocked off Starly-Davidson's Heavy-Duty Boots!</small><br></div><div class="spacer battle-history"><br></div><div class="battle-history">Starly-Davidson fainted!<br></div><div class="spacer battle-history"><br></div><div class="battle-history">[The opposing Pandorea's Hunger Switch]<br></div><div class="battle-history"><small>Pandorea changed to Revealed Mode!</small><br></div><div class="spacer battle-history"><br></div><div class="battle-history">Go! Telal (<strong>Aleon</strong>)!<br></div><div class="spacer battle-history"><br></div><h2 class="battle-history">Turn 32</h2><div class="spacer battle-history"><br></div><div class="battle-history">The opposing Pandorea used <strong>Protect</strong>!<br></div><div class="battle-history"><small>The opposing Pandorea protected itself!</small><br></div><div class="spacer battle-history"><br></div><div class="battle-history">Telal used <strong>Volt Switch</strong>!<br></div><div class="battle-history"><small>The opposing Pandorea protected itself!</small><br></div><div class="spacer battle-history"><br></div><div class="battle-history">[The opposing Pandorea's Hunger Switch]<br></div><div class="battle-history"><small>Pandorea changed to Lure Mode!</small><br></div><div class="spacer battle-history"><br></div><h2 class="battle-history">Turn 33</h2><div class="spacer battle-history"><br></div><div class="battle-history">Telal used <strong>Volt Switch</strong>!<br></div><div class="battle-history"><small>(The opposing Pandorea lost 21% of its health!)</small><br></div><div class="spacer battle-history"><br></div><div class="battle-history">The opposing Pandorea fainted!<br></div><div class="chat chatmessage-h2opulse"><strong style="color:#6e8c2b"><small>☆</small><span class="username" data-name="H2OPulse">H2OPulse</span>:</strong> <em>Oh yeah I don't live anyway whoops</em></div><div class="chat chatmessage-inkbug1 mine"><strong style="color:#e46e0f"><small>☆</small><span class="username" data-name="inkbug1">inkbug1</span>:</strong> <em>so in case you hadnt noticed</em></div><div class="chat chatmessage-h2opulse"><strong style="color:#6e8c2b"><small>☆</small><span class="username" data-name="H2OPulse">H2OPulse</span>:</strong> <em>Oh you're not</em></div><div class="chat chatmessage-h2opulse"><strong style="color:#6e8c2b"><small>☆</small><span class="username" data-name="H2OPulse">H2OPulse</span>:</strong> <em>Normalize</em></div><div class="chat chatmessage-h2opulse"><strong style="color:#6e8c2b"><small>☆</small><span class="username" data-name="H2OPulse">H2OPulse</span>:</strong> <em>you're Adapt</em></div><div class="chat chatmessage-h2opulse"><strong style="color:#6e8c2b"><small>☆</small><span class="username" data-name="H2OPulse">H2OPulse</span>:</strong> <em>Protect did nothing then sorry--</em></div><div class="chat chatmessage-inkbug1 mine"><strong style="color:#e46e0f"><small>☆</small><span class="username" data-name="inkbug1">inkbug1</span>:</strong> <em>adaptability magnet :sunglasses: </em></div><div class="chat chatmessage-h2opulse"><strong style="color:#6e8c2b"><small>☆</small><span class="username" data-name="H2OPulse">H2OPulse</span>:</strong> <em>kshdjf</em></div><div class="chat chatmessage-h2opulse"><strong style="color:#6e8c2b"><small>☆</small><span class="username" data-name="H2OPulse">H2OPulse</span>:</strong> <em><i>Magnet</i></em></div><div class="spacer battle-history"><br></div><div class="battle-history">H2OPulse sent out Cattail (<strong>Vaporeon</strong>)!<br></div><div class="spacer battle-history"><br></div><h2 class="battle-history">Turn 34</h2><div class="spacer battle-history"><br></div><div class="battle-history">Telal used <strong>Wish</strong>!<br></div><div class="spacer battle-history"><br></div><div class="battle-history">The opposing Cattail used <strong>Wish</strong>!<br></div><div class="spacer battle-history"><br></div><h2 class="battle-history">Turn 35</h2><div class="spacer battle-history"><br></div><div class="battle-history">H2OPulse withdrew Cattail!<br></div><div class="battle-history">H2OPulse sent out Zantedeschia (<strong>Resurrectric</strong>)!<br></div><div class="spacer battle-history"><br></div><div class="battle-history">Telal used <strong>Shadow Ball</strong>!<br></div><div class="battle-history"><small>(The opposing Zantedeschia lost 12% of its health!)</small><br></div><div class="spacer battle-history"><br></div><div class="battle-history"><small>Cattail's wish came true!</small><br></div><div class="spacer battle-history"><br></div><h2 class="battle-history">Turn 36</h2><div class="chat chatmessage-inkbug1 mine"><strong style="color:#e46e0f"><small>☆</small><span class="username" data-name="inkbug1">inkbug1</span>:</strong> <em>spdef drop</em></div><div class="chat chatmessage-inkbug1 mine"><strong style="color:#e46e0f"><small>☆</small><span class="username" data-name="inkbug1">inkbug1</span>:</strong> <em>nooo</em></div><div class="spacer battle-history"><br></div><div class="battle-history">Telal used <strong>Wish</strong>!<br></div><div class="spacer battle-history"><br></div><div class="battle-history">The opposing Zantedeschia used <strong>Discharge</strong>!<br></div><div class="battle-history"><small>(Telal lost <abbr title="−222/410">54.1%</abbr> of its health!)</small><br></div><div class="spacer battle-history"><br></div><h2 class="battle-history">Turn 37</h2><div class="spacer battle-history"><br></div><div class="battle-history">Telal used <strong>Echoed Voice</strong>!<br></div><div class="battle-history"><small>(The opposing Zantedeschia lost 14% of its health!)</small><br></div><div class="spacer battle-history"><br></div><div class="battle-history">The opposing Zantedeschia used <strong>Earth Power</strong>!<br></div><div class="battle-history"><small>(Telal lost <abbr title="−188/410">45.9%</abbr> of its health!)</small><br></div><div class="spacer battle-history"><br></div><div class="battle-history">Telal fainted!<br></div><div class="spacer battle-history"><br></div><div class="battle-history"><strong>H2OPulse</strong> won the battle!<br></div><div class="chat chatmessage-inkbug1 mine"><strong style="color:#e46e0f"><small>☆</small><span class="username" data-name="inkbug1">inkbug1</span>:</strong> <em>lord </em></div><div class="chat chatmessage-inkbug1 mine"><strong style="color:#e46e0f"><small>☆</small><span class="username" data-name="inkbug1">inkbug1</span>:</strong> <em>i played a lot of things wrong there</em></div><div class="chat chatmessage-h2opulse"><strong style="color:#6e8c2b"><small>☆</small><span class="username" data-name="H2OPulse">H2OPulse</span>:</strong> <em>Fair,,</em></div><div class="chat chatmessage-h2opulse"><strong style="color:#6e8c2b"><small>☆</small><span class="username" data-name="H2OPulse">H2OPulse</span>:</strong> <em>Been there cx <s>(such as one game ago)</s></em></div></div><div class="inner-preempt message-log"></div></div></div>
</div>
<script>
let daily = Math.floor(Date.now()/1000/60/60/24);document.write('<script src="https://dragonheaven.herokuapp.com/js/replay-embed.js?version'+daily+'"></'+'script>');
</script>
