<!DOCTYPE html>
<meta charset="utf-8" />
<!-- version 1 -->
<title>[Gen 8] Evolution Project replay: H2OPulse vs. inkbug1</title>
<style>
html,body {font-family:Verdana, sans-serif;font-size:10pt;margin:0;padding:0;}body{padding:12px 0;} .battle-log {font-family:Verdana, sans-serif;font-size:10pt;} .battle-log-inline {border:1px solid #AAAAAA;background:#EEF2F5;color:black;max-width:640px;margin:0 auto 80px;padding-bottom:5px;} .battle-log .inner {padding:4px 8px 0px 8px;} .battle-log .inner-preempt {padding:0 8px 4px 8px;} .battle-log .inner-after {margin-top:0.5em;} .battle-log h2 {margin:0.5em -8px;padding:4px 8px;border:1px solid #AAAAAA;background:#E0E7EA;border-left:0;border-right:0;font-family:Verdana, sans-serif;font-size:13pt;} .battle-log .chat {vertical-align:middle;padding:3px 0 3px 0;font-size:8pt;} .battle-log .chat strong {color:#40576A;} .battle-log .chat em {padding:1px 4px 1px 3px;color:#000000;font-style:normal;} .chat.mine {background:rgba(0,0,0,0.05);margin-left:-8px;margin-right:-8px;padding-left:8px;padding-right:8px;} .spoiler {color:#BBBBBB;background:#BBBBBB;padding:0px 3px;} .spoiler:hover, .spoiler:active, .spoiler-shown {color:#000000;background:#E2E2E2;padding:0px 3px;} .spoiler a {color:#BBBBBB;} .spoiler:hover a, .spoiler:active a, .spoiler-shown a {color:#2288CC;} .chat code, .chat .spoiler:hover code, .chat .spoiler:active code, .chat .spoiler-shown code {border:1px solid #C0C0C0;background:#EEEEEE;color:black;padding:0 2px;} .chat .spoiler code {border:1px solid #CCCCCC;background:#CCCCCC;color:#CCCCCC;} .battle-log .rated {padding:3px 4px;} .battle-log .rated strong {color:white;background:#89A;padding:1px 4px;border-radius:4px;} .spacer {margin-top:0.5em;} .message-announce {background:#6688AA;color:white;padding:1px 4px 2px;} .message-announce a, .broadcast-green a, .broadcast-blue a, .broadcast-red a {color:#DDEEFF;} .broadcast-green {background-color:#559955;color:white;padding:2px 4px;} .broadcast-blue {background-color:#6688AA;color:white;padding:2px 4px;} .infobox {border:1px solid #6688AA;padding:2px 4px;} .infobox-limited {max-height:200px;overflow:auto;overflow-x:hidden;} .broadcast-red {background-color:#AA5544;color:white;padding:2px 4px;} .message-learn-canlearn {font-weight:bold;color:#228822;text-decoration:underline;} .message-learn-cannotlearn {font-weight:bold;color:#CC2222;text-decoration:underline;} .message-effect-weak {font-weight:bold;color:#CC2222;} .message-effect-resist {font-weight:bold;color:#6688AA;} .message-effect-immune {font-weight:bold;color:#666666;} .message-learn-list {margin-top:0;margin-bottom:0;} .message-throttle-notice, .message-error {color:#992222;} .message-overflow, .chat small.message-overflow {font-size:0pt;} .message-overflow::before {font-size:9pt;content:'...';} .subtle {color:#3A4A66;}
</style>
<div class="wrapper replay-wrapper" style="max-width:1180px;margin:0 auto">
<input type="hidden" name="replayid" value="dragonheaven-gen8evolutionproject-10" />
<div class="battle"></div><div class="battle-log"></div><div class="replay-controls"></div><div class="replay-controls-2"></div>
<h1 style="font-weight:normal;text-align:center"><strong>[Gen 8] Evolution Project</strong><br /><a href="http://pokemonshowdown.com/users/h2opulse" class="subtle" target="_blank">H2OPulse</a> vs. <a href="http://pokemonshowdown.com/users/inkbug1" class="subtle" target="_blank">inkbug1</a></h1>
<script type="text/plain" class="battle-log-data">|j|☆H2OPulse
|j|☆inkbug1

|t:|1651980597
|player|p1|H2OPulse|aetherfoundation|
|player|p2|inkbug1|emmet|
|teamsize|p1|6
|teamsize|p2|6
|gametype|singles
|gen|8
|tier|[Gen 8] Evolution Project
|clearpoke
|poke|p1|Galvantula, M|
|poke|p1|Shiinotic-Kalos, F|
|poke|p1|Gourmant, F|
|poke|p1|Noivern-Variant, M|
|poke|p1|Milotic, M|
|poke|p1|Bronzong|
|poke|p2|Carnelion, M|
|poke|p2|Polteageist-Cold-Brew, F|
|poke|p2|Constabull, F|
|poke|p2|Tentacruel, F|
|poke|p2|Endurow, M|
|poke|p2|Mezmir, M|
|rule|HP Percentage Mod: HP is shown in percentages
|rule|Endless Battle Clause: Forcing endless battles is banned
|rule|OHKO Clause: OHKO moves are banned
|rule|Evasion Moves Clause: Evasion moves are banned
|rule|Species Clause: Limit one of each Pokémon
|rule|Dynamax Clause: You cannot dynamax
|rule|Sleep Clause Mod: Limit one foe put to sleep
|rule|Z-Move Clause: Type-based Z-Moves are banned
|teampreview
|c|☆H2OPulse|Good luck and have fun (again)!!
|c|☆inkbug1|u too ! 
|
|t:|1651980641
|start
|switch|p1a: Mango|Noivern-Variant, M|100\/100
|switch|p2a: Risotto|Carnelion, M|311\/311
|-start|p2a: Risotto|typechange|Normal\/Rock|[silent]
|raw|<ul class="utilichart"><li class="result"><span class="col pokemonnamecol" style="white-space: nowrap">Carnelion<\/span> <span class="col typecol"><img src="https:\/\/dragonheaven.herokuapp.com\/sprites\/types\/Normal.png" alt="Normal" height="14" width="32"><img src="https:\/\/dragonheaven.herokuapp.com\/sprites\/types\/Rock.png" alt="Rock" height="14" width="32"><\/span> <span style="float: left ; min-height: 26px"><span class="col abilitycol">Limber \/ Technician \/ Unnerve<\/span><span class="col abilitycol"><\/span><\/span><\/li><li style="clear: both"><\/li><\/ul>
|raw|<ul class="utilichart"><li class="result"><span style="float: left ; min-height: 26px"><span class="col statcol"><em>HP<\/em><br>85<\/span> <span class="col statcol"><em>Atk<\/em><br>105<\/span> <span class="col statcol"><em>Def<\/em><br>70<\/span> <span class="col statcol"><em>SpA<\/em><br>95<\/span> <span class="col statcol"><em>SpD<\/em><br>70<\/span> <span class="col statcol"><em>Spe<\/em><br>120<\/span> <\/span><\/li><li style="clear: both"><\/li><\/ul>
|-hint|Carnelion was created by abismal!
|-start|p1a: Mango|typechange|Fighting\/Dragon|[silent]
|raw|<ul class="utilichart"><li class="result"><span class="col pokemonnamecol" style="white-space: nowrap">Noivern-Variant<\/span> <span class="col typecol"><img src="https:\/\/dragonheaven.herokuapp.com\/sprites\/types\/Fighting.png" alt="Fighting" height="14" width="32"><img src="https:\/\/dragonheaven.herokuapp.com\/sprites\/types\/Dragon.png" alt="Dragon" height="14" width="32"><\/span> <span style="float: left ; min-height: 26px"><span class="col abilitycol">Levitate<\/span><span class="col abilitycol"><\/span><\/span><\/li><li style="clear: both"><\/li><\/ul>
|raw|<ul class="utilichart"><li class="result"><span style="float: left ; min-height: 26px"><span class="col statcol"><em>HP<\/em><br>95<\/span> <span class="col statcol"><em>Atk<\/em><br>70<\/span> <span class="col statcol"><em>Def<\/em><br>80<\/span> <span class="col statcol"><em>SpA<\/em><br>97<\/span> <span class="col statcol"><em>SpD<\/em><br>80<\/span> <span class="col statcol"><em>Spe<\/em><br>113<\/span> <\/span><\/li><li style="clear: both"><\/li><\/ul>
|-hint|Noivern-Variant was created by Hematite!
|turn|1
|c|☆inkbug1|mmmhm
|
|t:|1651980652
|switch|p2a: Caesar|Endurow, M|368\/368
|-start|p2a: Caesar|typechange|Flying|[silent]
|raw|<ul class="utilichart"><li class="result"><span class="col pokemonnamecol" style="white-space: nowrap">Endurow<\/span> <span class="col typecol"><img src="https:\/\/dragonheaven.herokuapp.com\/sprites\/types\/Flying.png" alt="Flying" height="14" width="32"><\/span> <span style="float: left ; min-height: 26px"><span class="col abilitycol">Stamina \/ Sniper<\/span><span class="col abilitycol"><\/span><\/span><\/li><li style="clear: both"><\/li><\/ul>
|raw|<ul class="utilichart"><li class="result"><span style="float: left ; min-height: 26px"><span class="col statcol"><em>HP<\/em><br>82<\/span> <span class="col statcol"><em>Atk<\/em><br>110<\/span> <span class="col statcol"><em>Def<\/em><br>65<\/span> <span class="col statcol"><em>SpA<\/em><br>61<\/span> <span class="col statcol"><em>SpD<\/em><br>61<\/span> <span class="col statcol"><em>Spe<\/em><br>118<\/span> <\/span><\/li><li style="clear: both"><\/li><\/ul>
|-hint|Endurow was created by Violet!
|move|p1a: Mango|Vacuum Wave|p2a: Caesar
|-resisted|p2a: Caesar
|-damage|p2a: Caesar|324\/368
|-ability|p2a: Caesar|Stamina|boost
|-boost|p2a: Caesar|def|1
|
|upkeep
|turn|2
|
|t:|1651980661
|move|p2a: Caesar|Drill Peck|p1a: Mango
|-supereffective|p1a: Mango
|-damage|p1a: Mango|30\/100
|move|p1a: Mango|Draco Meteor|p2a: Caesar|[miss]
|-miss|p1a: Mango|p2a: Caesar
|
|upkeep
|turn|3
|c|☆inkbug1|oh i was 
|c|☆inkbug1|wondering if diff evs would be enough to live that but now i will not know
|c|☆H2OPulse|Pff fa i r--
|c|☆H2OPulse|I forgot you were so fast o.o'
|l|☆H2OPulse
|player|p1|
|j|+abismal
|j|☆H2OPulse
|player|p1|H2OPulse|aetherfoundation
|
|t:|1651980762
|switch|p1a: Flavonoid|Bronzong|100\/100
|move|p2a: Caesar|Focus Energy|p2a: Caesar
|-start|p2a: Caesar|move: Focus Energy
|
|upkeep
|turn|4
|c|☆inkbug1|theres like 
|c|☆inkbug1|a 0% chance you are heatproof right
|
|t:|1651980794
|move|p2a: Caesar|Drill Peck|p1a: Flavonoid
|-resisted|p1a: Flavonoid
|-damage|p1a: Flavonoid|87\/100
|move|p1a: Flavonoid|Trick Room|p1a: Flavonoid
|-fieldstart|move: Trick Room|[of] p1a: Flavonoid
|
|upkeep
|turn|5
|c|☆H2OPulse|Yeah sorry :'D
|c|☆inkbug1|i see 
|
|t:|1651980841
|switch|p2a: Hocus|Mezmir, M|384\/384
|-start|p2a: Hocus|typechange|Psychic\/Fighting|[silent]
|raw|<ul class="utilichart"><li class="result"><span class="col pokemonnamecol" style="white-space: nowrap">Mezmir<\/span> <span class="col typecol"><img src="https:\/\/dragonheaven.herokuapp.com\/sprites\/types\/Psychic.png" alt="Psychic" height="14" width="32"><img src="https:\/\/dragonheaven.herokuapp.com\/sprites\/types\/Fighting.png" alt="Fighting" height="14" width="32"><\/span> <span style="float: left ; min-height: 26px"><span class="col abilitycol">Comatose \/ Forewarn \/ Inner Focus<\/span><span class="col abilitycol"><\/span><\/span><\/li><li style="clear: both"><\/li><\/ul>
|raw|<ul class="utilichart"><li class="result"><span style="float: left ; min-height: 26px"><span class="col statcol"><em>HP<\/em><br>90<\/span> <span class="col statcol"><em>Atk<\/em><br>103<\/span> <span class="col statcol"><em>Def<\/em><br>70<\/span> <span class="col statcol"><em>SpA<\/em><br>73<\/span> <span class="col statcol"><em>SpD<\/em><br>115<\/span> <span class="col statcol"><em>Spe<\/em><br>77<\/span> <\/span><\/li><li style="clear: both"><\/li><\/ul>
|-hint|Mezmir was created by quagsi!
|-ability|p2a: Hocus|Comatose
|move|p1a: Flavonoid|Reflect|p1a: Flavonoid
|-sidestart|p1: H2OPulse|Reflect
|
|upkeep
|turn|6
|
|t:|1651980867
|switch|p1a: Yeast|Gourmant, F|100\/100
|-start|p1a: Yeast|typechange|Fire\/Dark|[silent]
|raw|<ul class="utilichart"><li class="result"><span class="col pokemonnamecol" style="white-space: nowrap">Gourmant<\/span> <span class="col typecol"><img src="https:\/\/dragonheaven.herokuapp.com\/sprites\/types\/Fire.png" alt="Fire" height="14" width="32"><img src="https:\/\/dragonheaven.herokuapp.com\/sprites\/types\/Dark.png" alt="Dark" height="14" width="32"><\/span> <span style="float: left ; min-height: 26px"><span class="col abilitycol">Gluttony \/ Flash Fire \/ White Smoke<\/span><span class="col abilitycol"><\/span><\/span><\/li><li style="clear: both"><\/li><\/ul>
|raw|<ul class="utilichart"><li class="result"><span style="float: left ; min-height: 26px"><span class="col statcol"><em>HP<\/em><br>85<\/span> <span class="col statcol"><em>Atk<\/em><br>137<\/span> <span class="col statcol"><em>Def<\/em><br>66<\/span> <span class="col statcol"><em>SpA<\/em><br>105<\/span> <span class="col statcol"><em>SpD<\/em><br>66<\/span> <span class="col statcol"><em>Spe<\/em><br>75<\/span> <\/span><\/li><li style="clear: both"><\/li><\/ul>
|-hint|Gourmant was created by quagsi!
|move|p2a: Hocus|Fire Punch|p1a: Yeast
|-resisted|p1a: Yeast
|-damage|p1a: Yeast|95\/100
|
|upkeep
|turn|7
|
|t:|1651980882
|move|p1a: Yeast|Knock Off|p2a: Hocus
|-damage|p2a: Hocus|114\/384
|-enditem|p2a: Hocus|Sitrus Berry|[from] move: Knock Off|[of] p1a: Yeast
|move|p2a: Hocus|Drain Punch|p1a: Yeast
|-supereffective|p1a: Yeast
|-damage|p1a: Yeast|63\/100
|-heal|p2a: Hocus|175\/384|[from] drain|[of] p1a: Yeast
|
|upkeep
|turn|8
|c|☆inkbug1|you are 
|c|☆inkbug1|i see 
|c|☆inkbug1|hm
|
|t:|1651980918
|switch|p2a: PB|Constabull, F|390\/390
|-start|p2a: PB|typechange|Fairy|[silent]
|raw|<ul class="utilichart"><li class="result"><span class="col pokemonnamecol" style="white-space: nowrap">Constabull<\/span> <span class="col typecol"><img src="https:\/\/dragonheaven.herokuapp.com\/sprites\/types\/Fairy.png" alt="Fairy" height="14" width="32"><\/span> <span style="float: left ; min-height: 26px"><span class="col abilitycol">Intimidate \/ Early Bird \/ Iron Barbs<\/span><span class="col abilitycol"><\/span><\/span><\/li><li style="clear: both"><\/li><\/ul>
|raw|<ul class="utilichart"><li class="result"><span style="float: left ; min-height: 26px"><span class="col statcol"><em>HP<\/em><br>93<\/span> <span class="col statcol"><em>Atk<\/em><br>130<\/span> <span class="col statcol"><em>Def<\/em><br>110<\/span> <span class="col statcol"><em>SpA<\/em><br>80<\/span> <span class="col statcol"><em>SpD<\/em><br>80<\/span> <span class="col statcol"><em>Spe<\/em><br>32<\/span> <\/span><\/li><li style="clear: both"><\/li><\/ul>
|-hint|Constabull was created by inkbug!
|move|p1a: Yeast|Fire Lash|p2a: PB
|-damage|p2a: PB|294\/390
|-unboost|p2a: PB|def|1
|-damage|p1a: Yeast|50\/100|[from] ability: Iron Barbs|[of] p2a: PB
|
|-heal|p2a: PB|318\/390|[from] item: Leftovers
|-fieldend|move: Trick Room
|upkeep
|turn|9
|c|+abismal|kill it with fire
|
|t:|1651980936
|switch|p1a: Flavonoid|Bronzong|87\/100
|move|p2a: PB|Earthquake|p1a: Flavonoid
|-immune|p1a: Flavonoid|[from] ability: Levitate
|
|-heal|p2a: PB|342\/390|[from] item: Leftovers
|upkeep
|turn|10
|
|t:|1651980958
|switch|p2a: Has Bean|Polteageist-Cold-Brew, F|301\/301
|-start|p2a: Has Bean|typechange|Dark\/Ice|[silent]
|raw|<ul class="utilichart"><li class="result"><span class="col pokemonnamecol" style="white-space: nowrap">Polteageist-Cold-Brew<\/span> <span class="col typecol"><img src="https:\/\/dragonheaven.herokuapp.com\/sprites\/types\/Dark.png" alt="Dark" height="14" width="32"><img src="https:\/\/dragonheaven.herokuapp.com\/sprites\/types\/Ice.png" alt="Ice" height="14" width="32"><\/span> <span style="float: left ; min-height: 26px"><span class="col abilitycol">Bulletproof \/ Insomnia<\/span><span class="col abilitycol"><\/span><\/span><\/li><li style="clear: both"><\/li><\/ul>
|raw|<ul class="utilichart"><li class="result"><span style="float: left ; min-height: 26px"><span class="col statcol"><em>HP<\/em><br>80<\/span> <span class="col statcol"><em>Atk<\/em><br>65<\/span> <span class="col statcol"><em>Def<\/em><br>45<\/span> <span class="col statcol"><em>SpA<\/em><br>114<\/span> <span class="col statcol"><em>SpD<\/em><br>134<\/span> <span class="col statcol"><em>Spe<\/em><br>70<\/span> <\/span><\/li><li style="clear: both"><\/li><\/ul>
|-hint|Polteageist-Cold-Brew was created by Hematite!
|move|p1a: Flavonoid|Heavy Slam|p2a: Has Bean
|-supereffective|p2a: Has Bean
|-damage|p2a: Has Bean|0 fnt
|faint|p2a: Has Bean
|
|upkeep
|c|☆inkbug1|that was 
|c|☆inkbug1|um 
|c|☆inkbug1|not what i thuogh was gonna happen 
|c|☆H2OPulse|Kshdjjgk fa i r
|c|☆H2OPulse|Sorry :'D
|
|t:|1651981003
|switch|p2a: Jelly|Tentacruel, F|364\/364
|turn|11
|
|t:|1651981033
|switch|p1a: Asparagus|Galvantula, M|100\/100
|move|p2a: Jelly|Scald|p1a: Asparagus
|-damage|p1a: Asparagus|42\/100
|
|upkeep
|turn|12
|c|☆H2OPulse|Ow fair
|c|☆inkbug1|looks over my team 
|c|☆inkbug1|oh, *thats* what i was forgetting. 
|c|☆H2OPulse|Skdhjfgjgk
|c|☆inkbug1|u m,, 
|
|t:|1651981087
|move|p1a: Asparagus|Volt Switch|p2a: Jelly
|-supereffective|p2a: Jelly
|-damage|p2a: Jelly|194\/364
|c|+abismal|__ __ 
|c|☆inkbug1|ok cool tentacruel is still stupid
|
|t:|1651981112
|switch|p1a: Senecio|Milotic, M|100\/100|[from]move: Volt Switch
|move|p2a: Jelly|Scald|p1a: Senecio
|-resisted|p1a: Senecio
|-damage|p1a: Senecio|88\/100
|
|-heal|p2a: Jelly|216\/364|[from] item: Black Sludge
|-heal|p1a: Senecio|94\/100|[from] item: Leftovers
|-sideend|p1: H2OPulse|Reflect
|upkeep
|turn|13
|
|t:|1651981123
|move|p2a: Jelly|Toxic Spikes|p1a: Senecio
|-sidestart|p1: H2OPulse|move: Toxic Spikes
|move|p1a: Senecio|Scald|p2a: Jelly
|-resisted|p2a: Jelly
|-crit|p2a: Jelly
|-damage|p2a: Jelly|157\/364
|
|-heal|p2a: Jelly|179\/364|[from] item: Black Sludge
|-heal|p1a: Senecio|99\/100|[from] item: Leftovers
|upkeep
|turn|14
|
|t:|1651981146
|switch|p2a: PB|Constabull, F|342\/390
|-start|p2a: PB|typechange|Fairy|[silent]
|move|p1a: Senecio|Scald|p2a: PB
|-damage|p2a: PB|224\/390
|
|-heal|p1a: Senecio|100\/100|[from] item: Leftovers
|-heal|p2a: PB|248\/390|[from] item: Leftovers
|upkeep
|turn|15
|c|☆inkbug1|wait im not sure what i 
|c|☆inkbug1|m 
|c|☆inkbug1|not thinking very well 
|
|t:|1651981169
|switch|p2a: Hocus|Mezmir, M|175\/384
|-start|p2a: Hocus|typechange|Psychic\/Fighting|[silent]
|-ability|p2a: Hocus|Comatose
|move|p1a: Senecio|Scald|p2a: Hocus
|-damage|p2a: Hocus|87\/384
|
|upkeep
|turn|16
|
|t:|1651981182
|move|p1a: Senecio|Scald|p2a: Hocus
|-damage|p2a: Hocus|6\/384
|move|p2a: Hocus|Drain Punch|p1a: Senecio
|-damage|p1a: Senecio|76\/100
|-heal|p2a: Hocus|54\/384|[from] drain|[of] p1a: Senecio
|
|-heal|p1a: Senecio|82\/100|[from] item: Leftovers
|upkeep
|turn|17
|c|☆inkbug1|yea thats fair
|l|+abismal
|
|t:|1651981198
|move|p1a: Senecio|Scald|p2a: Hocus
|-damage|p2a: Hocus|0 fnt
|faint|p2a: Hocus
|
|-heal|p1a: Senecio|88\/100|[from] item: Leftovers
|upkeep
|
|t:|1651981208
|switch|p2a: Risotto|Carnelion, M|311\/311
|-start|p2a: Risotto|typechange|Normal\/Rock|[silent]
|turn|18
|
|t:|1651981214
|move|p2a: Risotto|Fake Out|p1a: Senecio
|-enditem|p2a: Risotto|Normal Gem|[from] gem
|-damage|p1a: Senecio|62\/100
|cant|p1a: Senecio|flinch
|
|-heal|p1a: Senecio|68\/100|[from] item: Leftovers
|upkeep
|turn|19
|
|t:|1651981220
|move|p2a: Risotto|U-turn|p1a: Senecio
|-damage|p1a: Senecio|52\/100
|
|t:|1651981223
|switch|p2a: Caesar|Endurow, M|324\/368
|-start|p2a: Caesar|typechange|Flying|[silent]
|move|p1a: Senecio|Scald|p2a: Caesar
|-damage|p2a: Caesar|176\/368
|-ability|p2a: Caesar|Stamina|boost
|-boost|p2a: Caesar|def|1
|
|-heal|p1a: Senecio|58\/100|[from] item: Leftovers
|upkeep
|turn|20
|
|t:|1651981233
|move|p2a: Caesar|Roost|p2a: Caesar
|-heal|p2a: Caesar|360\/368
|-singleturn|p2a: Caesar|move: Roost
|move|p1a: Senecio|Ice Beam|p2a: Caesar
|-damage|p2a: Caesar|259\/368
|-ability|p2a: Caesar|Stamina|boost
|-boost|p2a: Caesar|def|1
|
|-heal|p1a: Senecio|64\/100|[from] item: Leftovers
|upkeep
|turn|21
|c|☆H2OPulse|Right, uh, right
|
|t:|1651981253
|move|p2a: Caesar|Focus Energy|p2a: Caesar
|-start|p2a: Caesar|move: Focus Energy
|move|p1a: Senecio|Scald|p2a: Caesar
|-damage|p2a: Caesar|123\/368
|-ability|p2a: Caesar|Stamina|boost
|-boost|p2a: Caesar|def|1
|
|-heal|p1a: Senecio|70\/100|[from] item: Leftovers
|upkeep
|turn|22
|
|t:|1651981261
|move|p2a: Caesar|Roost|p2a: Caesar
|-heal|p2a: Caesar|307\/368
|-singleturn|p2a: Caesar|move: Roost
|move|p1a: Senecio|Scald|p2a: Caesar
|-damage|p2a: Caesar|157\/368
|-ability|p2a: Caesar|Stamina|boost
|-boost|p2a: Caesar|def|1
|
|-heal|p1a: Senecio|76\/100|[from] item: Leftovers
|upkeep
|turn|23
|
|t:|1651981277
|move|p2a: Caesar|Drill Run|p1a: Senecio
|-crit|p1a: Senecio
|-damage|p1a: Senecio|54\/100
|move|p1a: Senecio|Scald|p2a: Caesar
|-damage|p2a: Caesar|13\/368
|-ability|p2a: Caesar|Stamina|boost
|-boost|p2a: Caesar|def|1
|
|-heal|p1a: Senecio|60\/100|[from] item: Leftovers
|upkeep
|turn|24
|c|☆inkbug1|i see 
|
|t:|1651981286
|move|p2a: Caesar|Roost|p2a: Caesar
|-heal|p2a: Caesar|197\/368
|-singleturn|p2a: Caesar|move: Roost
|move|p1a: Senecio|Scald|p2a: Caesar
|-damage|p2a: Caesar|68\/368
|-ability|p2a: Caesar|Stamina|boost
|-boost|p2a: Caesar|def|1
|
|-heal|p1a: Senecio|66\/100|[from] item: Leftovers
|upkeep
|turn|25
|
|t:|1651981295
|move|p2a: Caesar|Roost|p2a: Caesar
|-heal|p2a: Caesar|252\/368
|-singleturn|p2a: Caesar|move: Roost
|move|p1a: Senecio|Scald|p2a: Caesar
|-damage|p2a: Caesar|122\/368
|
|-heal|p1a: Senecio|73\/100|[from] item: Leftovers
|upkeep
|turn|26
|
|t:|1651981303
|move|p2a: Caesar|Roost|p2a: Caesar
|-heal|p2a: Caesar|306\/368
|-singleturn|p2a: Caesar|move: Roost
|move|p1a: Senecio|Scald|p2a: Caesar
|-damage|p2a: Caesar|159\/368
|-status|p2a: Caesar|brn
|
|-heal|p1a: Senecio|79\/100|[from] item: Leftovers
|-damage|p2a: Caesar|136\/368 brn|[from] brn
|upkeep
|turn|27
|
|t:|1651981313
|move|p2a: Caesar|Roost|p2a: Caesar
|-heal|p2a: Caesar|320\/368 brn
|-singleturn|p2a: Caesar|move: Roost
|move|p1a: Senecio|Scald|p2a: Caesar
|-damage|p2a: Caesar|176\/368 brn
|
|-heal|p1a: Senecio|85\/100|[from] item: Leftovers
|-damage|p2a: Caesar|153\/368 brn|[from] brn
|upkeep
|turn|28
|
|t:|1651981325
|move|p2a: Caesar|Drill Peck|p1a: Senecio
|-damage|p1a: Senecio|74\/100
|move|p1a: Senecio|Ice Beam|p2a: Caesar
|-supereffective|p2a: Caesar
|-damage|p2a: Caesar|0 fnt
|faint|p2a: Caesar
|
|-heal|p1a: Senecio|80\/100|[from] item: Leftovers
|upkeep
|
|t:|1651981341
|switch|p2a: Jelly|Tentacruel, F|179\/364
|turn|29
|
|t:|1651981347
|move|p2a: Jelly|Sludge Bomb|p1a: Senecio
|-damage|p1a: Senecio|55\/100
|-status|p1a: Senecio|psn
|move|p1a: Senecio|Scald|p2a: Jelly
|-resisted|p2a: Jelly
|-damage|p2a: Jelly|141\/364
|
|-heal|p2a: Jelly|163\/364|[from] item: Black Sludge
|-heal|p1a: Senecio|61\/100 psn|[from] item: Leftovers
|-damage|p1a: Senecio|48\/100 psn|[from] psn
|upkeep
|turn|30
|
|t:|1651981362
|move|p2a: Jelly|Sludge Bomb|p1a: Senecio
|-damage|p1a: Senecio|21\/100 psn
|move|p1a: Senecio|Mirror Coat|p2a: Jelly
|-damage|p2a: Jelly|0 fnt
|faint|p2a: Jelly
|
|-heal|p1a: Senecio|27\/100 psn|[from] item: Leftovers
|-damage|p1a: Senecio|14\/100 psn|[from] psn
|upkeep
|
|t:|1651981370
|switch|p2a: Risotto|Carnelion, M|311\/311
|-start|p2a: Risotto|typechange|Normal\/Rock|[silent]
|turn|31
|c|☆inkbug1|garbage performance. jesus
|
|t:|1651981381
|switch|p1a: Foxfire|Shiinotic-Kalos, F|100\/100
|-start|p1a: Foxfire|typechange|Poison\/Fairy|[silent]
|raw|<ul class="utilichart"><li class="result"><span class="col pokemonnamecol" style="white-space: nowrap">Shiinotic-Kalos<\/span> <span class="col typecol"><img src="https:\/\/dragonheaven.herokuapp.com\/sprites\/types\/Poison.png" alt="Poison" height="14" width="32"><img src="https:\/\/dragonheaven.herokuapp.com\/sprites\/types\/Fairy.png" alt="Fairy" height="14" width="32"><\/span> <span style="float: left ; min-height: 26px"><span class="col abilitycol">Illuminate \/ Effect Spore \/ Technician<\/span><span class="col abilitycol"><\/span><\/span><\/li><li style="clear: both"><\/li><\/ul>
|raw|<ul class="utilichart"><li class="result"><span style="float: left ; min-height: 26px"><span class="col statcol"><em>HP<\/em><br>60<\/span> <span class="col statcol"><em>Atk<\/em><br>45<\/span> <span class="col statcol"><em>Def<\/em><br>60<\/span> <span class="col statcol"><em>SpA<\/em><br>90<\/span> <span class="col statcol"><em>SpD<\/em><br>80<\/span> <span class="col statcol"><em>Spe<\/em><br>70<\/span> <\/span><\/li><li style="clear: both"><\/li><\/ul>
|-hint|Shiinotic-Kalos was created by Hematite!
|-sideend|p1: H2OPulse|move: Toxic Spikes|[of] p1a: Foxfire
|move|p2a: Risotto|Fake Out|p1a: Foxfire
|-damage|p1a: Foxfire|53\/100
|
|-heal|p1a: Foxfire|59\/100|[from] item: Black Sludge
|upkeep
|turn|32
|
|t:|1651981391
|move|p2a: Risotto|Rock Tomb|p1a: Foxfire
|-damage|p1a: Foxfire|0 fnt
|faint|p1a: Foxfire
|
|upkeep
|c|☆H2OPulse|Yeah fair
|
|t:|1651981404
|switch|p1a: Mango|Noivern-Variant, M|30\/100
|-start|p1a: Mango|typechange|Fighting\/Dragon|[silent]
|turn|33
|
|t:|1651981409
|switch|p2a: PB|Constabull, F|248\/390
|-start|p2a: PB|typechange|Fairy|[silent]
|move|p1a: Mango|Roost|p1a: Mango
|-heal|p1a: Mango|80\/100
|-singleturn|p1a: Mango|move: Roost
|
|-heal|p2a: PB|272\/390|[from] item: Leftovers
|upkeep
|turn|34
|
|t:|1651981419
|switch|p1a: Flavonoid|Bronzong|87\/100
|move|p2a: PB|Bulk Up|p2a: PB
|-boost|p2a: PB|atk|1
|-boost|p2a: PB|def|1
|
|-heal|p2a: PB|296\/390|[from] item: Leftovers
|upkeep
|turn|35
|
|t:|1651981426
|move|p2a: PB|Bulk Up|p2a: PB
|-boost|p2a: PB|atk|1
|-boost|p2a: PB|def|1
|move|p1a: Flavonoid|Reflect|p1a: Flavonoid
|-sidestart|p1: H2OPulse|Reflect
|
|-heal|p2a: PB|320\/390|[from] item: Leftovers
|upkeep
|turn|36
|
|t:|1651981432
|move|p2a: PB|Bulk Up|p2a: PB
|-boost|p2a: PB|atk|1
|-boost|p2a: PB|def|1
|move|p1a: Flavonoid|Heavy Slam|p2a: PB
|-supereffective|p2a: PB
|-damage|p2a: PB|246\/390
|-damage|p1a: Flavonoid|74\/100|[from] ability: Iron Barbs|[of] p2a: PB
|
|-heal|p2a: PB|270\/390|[from] item: Leftovers
|upkeep
|turn|37
|c|☆H2OPulse|Uh...huh,
|
|t:|1651981450
|move|p2a: PB|Play Rough|p1a: Flavonoid
|-resisted|p1a: Flavonoid
|-damage|p1a: Flavonoid|50\/100
|move|p1a: Flavonoid|Explosion|p2a: PB
|-damage|p2a: PB|197\/390
|faint|p1a: Flavonoid
|
|-heal|p2a: PB|221\/390|[from] item: Leftovers
|upkeep
|c|☆inkbug1|dfgsdfgasdfgsd
|c|☆H2OPulse|Yeahthatdidnothing
|
|t:|1651981466
|switch|p1a: Yeast|Gourmant, F|50\/100
|-start|p1a: Yeast|typechange|Fire\/Dark|[silent]
|turn|38
|
|t:|1651981474
|move|p1a: Yeast|Toxic|p2a: PB
|-status|p2a: PB|tox
|move|p2a: PB|Earthquake|p1a: Yeast
|-supereffective|p1a: Yeast
|-damage|p1a: Yeast|0 fnt
|faint|p1a: Yeast
|
|-heal|p2a: PB|245\/390 tox|[from] item: Leftovers
|-damage|p2a: PB|221\/390 tox|[from] psn
|upkeep
|
|t:|1651981478
|switch|p1a: Asparagus|Galvantula, M|42\/100
|turn|39
|
|t:|1651981487
|move|p1a: Asparagus|Thunder|p2a: PB
|-damage|p2a: PB|11\/390 tox
|move|p2a: PB|Heal Bell|p2a: PB
|-activate|p2a: PB|move: Heal Bell
|-curestatus|p2a: PB|tox|[msg]
|
|-heal|p2a: PB|35\/390|[from] item: Leftovers
|upkeep
|turn|40
|c|☆H2OPulse|I SEE,
|
|t:|1651981501
|move|p1a: Asparagus|Volt Switch|p2a: PB
|-damage|p2a: PB|0 fnt
|faint|p2a: PB
|
|t:|1651981511
|switch|p1a: Senecio|Milotic, M|14\/100 psn|[from]move: Volt Switch
|
|-heal|p1a: Senecio|21\/100 psn|[from] item: Leftovers
|-damage|p1a: Senecio|8\/100 psn|[from] psn
|upkeep
|
|t:|1651981517
|switch|p2a: Risotto|Carnelion, M|311\/311
|-start|p2a: Risotto|typechange|Normal\/Rock|[silent]
|turn|41
|
|t:|1651981519
|move|p2a: Risotto|Fake Out|p1a: Senecio
|-damage|p1a: Senecio|0 fnt
|faint|p1a: Senecio
|
|upkeep
|
|t:|1651981521
|switch|p1a: Mango|Noivern-Variant, M|80\/100
|-start|p1a: Mango|typechange|Fighting\/Dragon|[silent]
|turn|42
|
|t:|1651981527
|move|p1a: Mango|Vacuum Wave|p2a: Risotto
|-supereffective|p2a: Risotto
|-damage|p2a: Risotto|0 fnt
|faint|p2a: Risotto
|
|win|H2OPulse
|c|☆inkbug1|ok well those two did put up a hell of a fight
|c|☆H2OPulse|Man okay
|c|☆H2OPulse|That was
|c|☆H2OPulse|a battle
|c|☆H2OPulse|YEAH</script>
</div>
<div class="battle-log battle-log-inline"><div class="inner"><div class="battle-options"><div style="padding-top: 3px; padding-right: 3px; text-align: right"><button class="icon button" name="openBattleOptions" title="Options">Battle Options</button></div></div><div class="inner message-log"><div class="chat"><small>☆H2OPulse and ☆inkbug1 joined</small></div><div class=""><small>Format:</small> <br><strong>[Gen 8] Evolution Project</strong></div><div class=""><small><em>HP Percentage Mod:</em> HP is shown in percentages</small></div><div class=""><small><em>Endless Battle Clause:</em> Forcing endless battles is banned</small></div><div class=""><small><em>OHKO Clause:</em> OHKO moves are banned</small></div><div class=""><small><em>Evasion Moves Clause:</em> Evasion moves are banned</small></div><div class=""><small><em>Species Clause:</em> Limit one of each Pokémon</small></div><div class=""><small><em>Dynamax Clause:</em> You cannot dynamax</small></div><div class=""><small><em>Sleep Clause Mod:</em> Limit one foe put to sleep</small></div><div class=""><small><em>Z-Move Clause:</em> Type-based Z-Moves are banned</small></div><div class="chat battle-history"><strong>H2OPulse's team:</strong> <em style="color:#445566;display:block;">Galvantula / Shiinotic-Kalos / Gourmant / Noivern-Variant / Milotic / Bronzong</em></div><div class="chat battle-history"><strong>inkbug1's team:</strong> <em style="color:#445566;display:block;">Carnelion / Polteageist-Cold-Brew / Constabull / Tentacruel / Endurow / Mezmir</em></div><div class="chat chatmessage-h2opulse"><strong style="color:#6e8c2b"><small>☆</small><span class="username" data-name="H2OPulse">H2OPulse</span>:</strong> <em>Good luck and have fun (again)!!</em></div><div class="chat chatmessage-inkbug1 mine"><strong style="color:#e46e0f"><small>☆</small><span class="username" data-name="inkbug1">inkbug1</span>:</strong> <em>u too ! </em></div><div class="spacer battle-history"><br></div><div class="battle-history">Battle started between H2OPulse and inkbug1!<br></div><div class="spacer battle-history"><br></div><div class="battle-history">H2OPulse sent out Mango (<strong>Noivern-Variant</strong>)!<br></div><div class="spacer battle-history"><br></div><div class="battle-history">Go! Risotto (<strong>Carnelion</strong>)!<br></div><div class="chat"><ul class="utilichart"><li class="result"><span class="col pokemonnamecol" style="white-space: nowrap">Carnelion</span> <span class="col typecol"><img src="https://dragonheaven.herokuapp.com/sprites/types/Normal.png" alt="Normal" height="14" width="32"><img src="https://dragonheaven.herokuapp.com/sprites/types/Rock.png" alt="Rock" height="14" width="32"></span> <span style="float: left ; min-height: 26px"><span class="col abilitycol">Limber / Technician / Unnerve</span><span class="col abilitycol"></span></span></li><li style="clear: both"></li></ul></div><div class="chat"><ul class="utilichart"><li class="result"><span style="float: left ; min-height: 26px"><span class="col statcol"><em>HP</em><br>85</span> <span class="col statcol"><em>Atk</em><br>105</span> <span class="col statcol"><em>Def</em><br>70</span> <span class="col statcol"><em>SpA</em><br>95</span> <span class="col statcol"><em>SpD</em><br>70</span> <span class="col statcol"><em>Spe</em><br>120</span> </span></li><li style="clear: both"></li></ul></div><div class="battle-history"><small>(Carnelion was created by abismal!)</small><br></div><div class="chat"><ul class="utilichart"><li class="result"><span class="col pokemonnamecol" style="white-space: nowrap">Noivern-Variant</span> <span class="col typecol"><img src="https://dragonheaven.herokuapp.com/sprites/types/Fighting.png" alt="Fighting" height="14" width="32"><img src="https://dragonheaven.herokuapp.com/sprites/types/Dragon.png" alt="Dragon" height="14" width="32"></span> <span style="float: left ; min-height: 26px"><span class="col abilitycol">Levitate</span><span class="col abilitycol"></span></span></li><li style="clear: both"></li></ul></div><div class="chat"><ul class="utilichart"><li class="result"><span style="float: left ; min-height: 26px"><span class="col statcol"><em>HP</em><br>95</span> <span class="col statcol"><em>Atk</em><br>70</span> <span class="col statcol"><em>Def</em><br>80</span> <span class="col statcol"><em>SpA</em><br>97</span> <span class="col statcol"><em>SpD</em><br>80</span> <span class="col statcol"><em>Spe</em><br>113</span> </span></li><li style="clear: both"></li></ul></div><div class="battle-history"><small>(Noivern-Variant was created by Hematite!)</small><br></div><div class="spacer battle-history"><br></div><h2 class="battle-history">Turn 1</h2><div class="chat chatmessage-inkbug1 mine"><strong style="color:#e46e0f"><small>☆</small><span class="username" data-name="inkbug1">inkbug1</span>:</strong> <em>mmmhm</em></div><div class="spacer battle-history"><br></div><div class="battle-history">Risotto, come back!<br></div><div class="battle-history">Go! Caesar (<strong>Endurow</strong>)!<br></div><div class="chat"><ul class="utilichart"><li class="result"><span class="col pokemonnamecol" style="white-space: nowrap">Endurow</span> <span class="col typecol"><img src="https://dragonheaven.herokuapp.com/sprites/types/Flying.png" alt="Flying" height="14" width="32"></span> <span style="float: left ; min-height: 26px"><span class="col abilitycol">Stamina / Sniper</span><span class="col abilitycol"></span></span></li><li style="clear: both"></li></ul></div><div class="chat"><ul class="utilichart"><li class="result"><span style="float: left ; min-height: 26px"><span class="col statcol"><em>HP</em><br>82</span> <span class="col statcol"><em>Atk</em><br>110</span> <span class="col statcol"><em>Def</em><br>65</span> <span class="col statcol"><em>SpA</em><br>61</span> <span class="col statcol"><em>SpD</em><br>61</span> <span class="col statcol"><em>Spe</em><br>118</span> </span></li><li style="clear: both"></li></ul></div><div class="battle-history"><small>(Endurow was created by Violet!)</small><br></div><div class="spacer battle-history"><br></div><div class="battle-history">The opposing Mango used <strong>Vacuum Wave</strong>!<br></div><div class="battle-history"><small>It's not very effective...</small><br></div><div class="battle-history"><small>(Caesar lost <abbr title="−44/368">12.0%</abbr> of its health!)</small><br></div><div class="battle-history">[Caesar's Stamina]<br></div><div class="battle-history"><small>Caesar's Defense rose!</small><br></div><div class="spacer battle-history"><br></div><h2 class="battle-history">Turn 2</h2><div class="spacer battle-history"><br></div><div class="battle-history">Caesar used <strong>Drill Peck</strong>!<br></div><div class="battle-history"><small>It's super effective!</small><br></div><div class="battle-history"><small>(The opposing Mango lost 70% of its health!)</small><br></div><div class="spacer battle-history"><br></div><div class="battle-history">The opposing Mango used <strong>Draco Meteor</strong>!<br></div><div class="battle-history"><small>Caesar avoided the attack!</small><br></div><div class="spacer battle-history"><br></div><h2 class="battle-history">Turn 3</h2><div class="chat chatmessage-inkbug1 mine"><strong style="color:#e46e0f"><small>☆</small><span class="username" data-name="inkbug1">inkbug1</span>:</strong> <em>oh i was </em></div><div class="chat chatmessage-inkbug1 mine"><strong style="color:#e46e0f"><small>☆</small><span class="username" data-name="inkbug1">inkbug1</span>:</strong> <em>wondering if diff evs would be enough to live that but now i will not know</em></div><div class="chat chatmessage-h2opulse"><strong style="color:#6e8c2b"><small>☆</small><span class="username" data-name="H2OPulse">H2OPulse</span>:</strong> <em>Pff fa i r--</em></div><div class="chat chatmessage-h2opulse"><strong style="color:#6e8c2b"><small>☆</small><span class="username" data-name="H2OPulse">H2OPulse</span>:</strong> <em>I forgot you were so fast o.o'</em></div><div class="chat"><small>☆H2OPulse left</small></div><div class="chat"><small>+abismal and ☆H2OPulse joined</small></div><div class="spacer battle-history"><br></div><div class="battle-history">H2OPulse withdrew Mango!<br></div><div class="battle-history">H2OPulse sent out Flavonoid (<strong>Bronzong</strong>)!<br></div><div class="spacer battle-history"><br></div><div class="battle-history">Caesar used <strong>Focus Energy</strong>!<br></div><div class="battle-history"><small>Caesar is getting pumped!</small><br></div><div class="spacer battle-history"><br></div><h2 class="battle-history">Turn 4</h2><div class="chat chatmessage-inkbug1 mine"><strong style="color:#e46e0f"><small>☆</small><span class="username" data-name="inkbug1">inkbug1</span>:</strong> <em>theres like </em></div><div class="chat chatmessage-inkbug1 mine"><strong style="color:#e46e0f"><small>☆</small><span class="username" data-name="inkbug1">inkbug1</span>:</strong> <em>a 0% chance you are heatproof right</em></div><div class="spacer battle-history"><br></div><div class="battle-history">Caesar used <strong>Drill Peck</strong>!<br></div><div class="battle-history"><small>It's not very effective...</small><br></div><div class="battle-history"><small>(The opposing Flavonoid lost 13% of its health!)</small><br></div><div class="spacer battle-history"><br></div><div class="battle-history">The opposing Flavonoid used <strong>Trick Room</strong>!<br></div><div class="battle-history"><small>The opposing Flavonoid twisted the dimensions!</small><br></div><div class="spacer battle-history"><br></div><h2 class="battle-history">Turn 5</h2><div class="chat chatmessage-h2opulse"><strong style="color:#6e8c2b"><small>☆</small><span class="username" data-name="H2OPulse">H2OPulse</span>:</strong> <em>Yeah sorry :'D</em></div><div class="chat chatmessage-inkbug1 mine"><strong style="color:#e46e0f"><small>☆</small><span class="username" data-name="inkbug1">inkbug1</span>:</strong> <em>i see </em></div><div class="spacer battle-history"><br></div><div class="battle-history">Caesar, come back!<br></div><div class="battle-history">Go! Hocus (<strong>Mezmir</strong>)!<br></div><div class="chat"><ul class="utilichart"><li class="result"><span class="col pokemonnamecol" style="white-space: nowrap">Mezmir</span> <span class="col typecol"><img src="https://dragonheaven.herokuapp.com/sprites/types/Psychic.png" alt="Psychic" height="14" width="32"><img src="https://dragonheaven.herokuapp.com/sprites/types/Fighting.png" alt="Fighting" height="14" width="32"></span> <span style="float: left ; min-height: 26px"><span class="col abilitycol">Comatose / Forewarn / Inner Focus</span><span class="col abilitycol"></span></span></li><li style="clear: both"></li></ul></div><div class="chat"><ul class="utilichart"><li class="result"><span style="float: left ; min-height: 26px"><span class="col statcol"><em>HP</em><br>90</span> <span class="col statcol"><em>Atk</em><br>103</span> <span class="col statcol"><em>Def</em><br>70</span> <span class="col statcol"><em>SpA</em><br>73</span> <span class="col statcol"><em>SpD</em><br>115</span> <span class="col statcol"><em>Spe</em><br>77</span> </span></li><li style="clear: both"></li></ul></div><div class="battle-history"><small>(Mezmir was created by quagsi!)</small><br></div><div class="battle-history">[Hocus's Comatose]<br><small>Hocus is drowsing!</small><br></div><div class="spacer battle-history"><br></div><div class="battle-history">The opposing Flavonoid used <strong>Reflect</strong>!<br></div><div class="battle-history"><small>Reflect made the opposing team stronger against physical moves!</small><br></div><div class="spacer battle-history"><br></div><h2 class="battle-history">Turn 6</h2><div class="spacer battle-history"><br></div><div class="battle-history">H2OPulse withdrew Flavonoid!<br></div><div class="battle-history">H2OPulse sent out Yeast (<strong>Gourmant</strong>)!<br></div><div class="chat"><ul class="utilichart"><li class="result"><span class="col pokemonnamecol" style="white-space: nowrap">Gourmant</span> <span class="col typecol"><img src="https://dragonheaven.herokuapp.com/sprites/types/Fire.png" alt="Fire" height="14" width="32"><img src="https://dragonheaven.herokuapp.com/sprites/types/Dark.png" alt="Dark" height="14" width="32"></span> <span style="float: left ; min-height: 26px"><span class="col abilitycol">Gluttony / Flash Fire / White Smoke</span><span class="col abilitycol"></span></span></li><li style="clear: both"></li></ul></div><div class="chat"><ul class="utilichart"><li class="result"><span style="float: left ; min-height: 26px"><span class="col statcol"><em>HP</em><br>85</span> <span class="col statcol"><em>Atk</em><br>137</span> <span class="col statcol"><em>Def</em><br>66</span> <span class="col statcol"><em>SpA</em><br>105</span> <span class="col statcol"><em>SpD</em><br>66</span> <span class="col statcol"><em>Spe</em><br>75</span> </span></li><li style="clear: both"></li></ul></div><div class="battle-history"><small>(Gourmant was created by quagsi!)</small><br></div><div class="spacer battle-history"><br></div><div class="battle-history">Hocus used <strong>Fire Punch</strong>!<br></div><div class="battle-history"><small>It's not very effective...</small><br></div><div class="battle-history"><small>(The opposing Yeast lost 5% of its health!)</small><br></div><div class="spacer battle-history"><br></div><h2 class="battle-history">Turn 7</h2><div class="spacer battle-history"><br></div><div class="battle-history">The opposing Yeast used <strong>Knock Off</strong>!<br></div><div class="battle-history"><small>(Hocus lost <abbr title="−270/384">70.3%</abbr> of its health!)</small><br></div><div class="battle-history"><small>The opposing Yeast knocked off Hocus's Sitrus Berry!</small><br></div><div class="spacer battle-history"><br></div><div class="battle-history">Hocus used <strong>Drain Punch</strong>!<br></div><div class="battle-history"><small>It's super effective!</small><br></div><div class="battle-history"><small>(The opposing Yeast lost 32% of its health!)</small><br></div><div class="battle-history"><small>The opposing Yeast had its energy drained!</small><br></div><div class="spacer battle-history"><br></div><h2 class="battle-history">Turn 8</h2><div class="chat chatmessage-inkbug1 mine"><strong style="color:#e46e0f"><small>☆</small><span class="username" data-name="inkbug1">inkbug1</span>:</strong> <em>you are </em></div><div class="chat chatmessage-inkbug1 mine"><strong style="color:#e46e0f"><small>☆</small><span class="username" data-name="inkbug1">inkbug1</span>:</strong> <em>i see </em></div><div class="chat chatmessage-inkbug1 mine"><strong style="color:#e46e0f"><small>☆</small><span class="username" data-name="inkbug1">inkbug1</span>:</strong> <em>hm</em></div><div class="spacer battle-history"><br></div><div class="battle-history">Hocus, come back!<br></div><div class="battle-history">Go! PB (<strong>Constabull</strong>)!<br></div><div class="chat"><ul class="utilichart"><li class="result"><span class="col pokemonnamecol" style="white-space: nowrap">Constabull</span> <span class="col typecol"><img src="https://dragonheaven.herokuapp.com/sprites/types/Fairy.png" alt="Fairy" height="14" width="32"></span> <span style="float: left ; min-height: 26px"><span class="col abilitycol">Intimidate / Early Bird / Iron Barbs</span><span class="col abilitycol"></span></span></li><li style="clear: both"></li></ul></div><div class="chat"><ul class="utilichart"><li class="result"><span style="float: left ; min-height: 26px"><span class="col statcol"><em>HP</em><br>93</span> <span class="col statcol"><em>Atk</em><br>130</span> <span class="col statcol"><em>Def</em><br>110</span> <span class="col statcol"><em>SpA</em><br>80</span> <span class="col statcol"><em>SpD</em><br>80</span> <span class="col statcol"><em>Spe</em><br>32</span> </span></li><li style="clear: both"></li></ul></div><div class="battle-history"><small>(Constabull was created by inkbug!)</small><br></div><div class="spacer battle-history"><br></div><div class="battle-history">The opposing Yeast used <strong>Fire Lash</strong>!<br></div><div class="battle-history"><small>(PB lost <abbr title="−96/390">24.6%</abbr> of its health!)</small><br></div><div class="battle-history"><small>PB's Defense fell!</small><br></div><div class="battle-history">[PB's Iron Barbs]<br><small>The opposing Yeast was hurt!</small><br></div><div class="spacer battle-history"><br></div><div class="battle-history"><small>PB restored a little HP using its Leftovers!</small><br></div><div class="battle-history"><small>The twisted dimensions returned to normal!</small><br></div><div class="spacer battle-history"><br></div><h2 class="battle-history">Turn 9</h2><div class="chat chatmessage-abismal"><strong style="color:#68a730"><small>+</small><span class="username" data-name="abismal">abismal</span>:</strong> <em>kill it with fire</em></div><div class="spacer battle-history"><br></div><div class="battle-history">H2OPulse withdrew Yeast!<br></div><div class="battle-history">H2OPulse sent out Flavonoid (<strong>Bronzong</strong>)!<br></div><div class="spacer battle-history"><br></div><div class="battle-history">PB used <strong>Earthquake</strong>!<br></div><div class="battle-history">[The opposing Flavonoid's Levitate]<br><small>It doesn't affect the opposing Flavonoid...</small><br></div><div class="spacer battle-history"><br></div><div class="battle-history"><small>PB restored a little HP using its Leftovers!</small><br></div><div class="spacer battle-history"><br></div><h2 class="battle-history">Turn 10</h2><div class="spacer battle-history"><br></div><div class="battle-history">PB, come back!<br></div><div class="battle-history">Go! Has Bean (<strong>Polteageist-Cold-Brew</strong>)!<br></div><div class="chat"><ul class="utilichart"><li class="result"><span class="col pokemonnamecol" style="white-space: nowrap">Polteageist-Cold-Brew</span> <span class="col typecol"><img src="https://dragonheaven.herokuapp.com/sprites/types/Dark.png" alt="Dark" height="14" width="32"><img src="https://dragonheaven.herokuapp.com/sprites/types/Ice.png" alt="Ice" height="14" width="32"></span> <span style="float: left ; min-height: 26px"><span class="col abilitycol">Bulletproof / Insomnia</span><span class="col abilitycol"></span></span></li><li style="clear: both"></li></ul></div><div class="chat"><ul class="utilichart"><li class="result"><span style="float: left ; min-height: 26px"><span class="col statcol"><em>HP</em><br>80</span> <span class="col statcol"><em>Atk</em><br>65</span> <span class="col statcol"><em>Def</em><br>45</span> <span class="col statcol"><em>SpA</em><br>114</span> <span class="col statcol"><em>SpD</em><br>134</span> <span class="col statcol"><em>Spe</em><br>70</span> </span></li><li style="clear: both"></li></ul></div><div class="battle-history"><small>(Polteageist-Cold-Brew was created by Hematite!)</small><br></div><div class="spacer battle-history"><br></div><div class="battle-history">The opposing Flavonoid used <strong>Heavy Slam</strong>!<br></div><div class="battle-history"><small>It's super effective!</small><br></div><div class="battle-history"><small>(Has Bean lost <abbr title="−301/301">100%</abbr> of its health!)</small><br></div><div class="spacer battle-history"><br></div><div class="battle-history">Has Bean fainted!<br></div><div class="chat chatmessage-inkbug1 mine"><strong style="color:#e46e0f"><small>☆</small><span class="username" data-name="inkbug1">inkbug1</span>:</strong> <em>that was </em></div><div class="chat chatmessage-inkbug1 mine"><strong style="color:#e46e0f"><small>☆</small><span class="username" data-name="inkbug1">inkbug1</span>:</strong> <em>um </em></div><div class="chat chatmessage-inkbug1 mine"><strong style="color:#e46e0f"><small>☆</small><span class="username" data-name="inkbug1">inkbug1</span>:</strong> <em>not what i thuogh was gonna happen </em></div><div class="chat chatmessage-h2opulse"><strong style="color:#6e8c2b"><small>☆</small><span class="username" data-name="H2OPulse">H2OPulse</span>:</strong> <em>Kshdjjgk fa i r</em></div><div class="chat chatmessage-h2opulse"><strong style="color:#6e8c2b"><small>☆</small><span class="username" data-name="H2OPulse">H2OPulse</span>:</strong> <em>Sorry :'D</em></div><div class="spacer battle-history"><br></div><div class="battle-history">Go! Jelly (<strong>Tentacruel</strong>)!<br></div><div class="spacer battle-history"><br></div><h2 class="battle-history">Turn 11</h2><div class="spacer battle-history"><br></div><div class="battle-history">H2OPulse withdrew Flavonoid!<br></div><div class="battle-history">H2OPulse sent out Asparagus (<strong>Galvantula</strong>)!<br></div><div class="spacer battle-history"><br></div><div class="battle-history">Jelly used <strong>Scald</strong>!<br></div><div class="battle-history"><small>(The opposing Asparagus lost 58% of its health!)</small><br></div><div class="spacer battle-history"><br></div><h2 class="battle-history">Turn 12</h2><div class="chat chatmessage-h2opulse"><strong style="color:#6e8c2b"><small>☆</small><span class="username" data-name="H2OPulse">H2OPulse</span>:</strong> <em>Ow fair</em></div><div class="chat chatmessage-inkbug1 mine"><strong style="color:#e46e0f"><small>☆</small><span class="username" data-name="inkbug1">inkbug1</span>:</strong> <em>looks over my team </em></div><div class="chat chatmessage-inkbug1 mine"><strong style="color:#e46e0f"><small>☆</small><span class="username" data-name="inkbug1">inkbug1</span>:</strong> <em>oh, *thats* what i was forgetting. </em></div><div class="chat chatmessage-h2opulse"><strong style="color:#6e8c2b"><small>☆</small><span class="username" data-name="H2OPulse">H2OPulse</span>:</strong> <em>Skdhjfgjgk</em></div><div class="chat chatmessage-inkbug1 mine"><strong style="color:#e46e0f"><small>☆</small><span class="username" data-name="inkbug1">inkbug1</span>:</strong> <em>u m,, </em></div><div class="spacer battle-history"><br></div><div class="battle-history">The opposing Asparagus used <strong>Volt Switch</strong>!<br></div><div class="battle-history"><small>It's super effective!</small><br></div><div class="battle-history"><small>(Jelly lost <abbr title="−170/364">46.7%</abbr> of its health!)</small><br></div><div class="chat chatmessage-abismal"><strong style="color:#68a730"><small>+</small><span class="username" data-name="abismal">abismal</span>:</strong> <em>__ __ </em></div><div class="chat chatmessage-inkbug1 mine"><strong style="color:#e46e0f"><small>☆</small><span class="username" data-name="inkbug1">inkbug1</span>:</strong> <em>ok cool tentacruel is still stupid</em></div><div class="spacer battle-history"><br></div><div class="battle-history">The opposing Asparagus went back to H2OPulse!<br></div><div class="battle-history">H2OPulse sent out Senecio (<strong>Milotic</strong>)!<br></div><div class="spacer battle-history"><br></div><div class="battle-history">Jelly used <strong>Scald</strong>!<br></div><div class="battle-history"><small>It's not very effective...</small><br></div><div class="battle-history"><small>(The opposing Senecio lost 12% of its health!)</small><br></div><div class="spacer battle-history"><br></div><div class="battle-history"><small>Jelly restored a little HP using its Black Sludge!</small><br></div><div class="battle-history"><small>The opposing Senecio restored a little HP using its Leftovers!</small><br></div><div class="battle-history"><small>The opposing team's Reflect wore off!</small><br></div><div class="spacer battle-history"><br></div><h2 class="battle-history">Turn 13</h2><div class="spacer battle-history"><br></div><div class="battle-history">Jelly used <strong>Toxic Spikes</strong>!<br></div><div class="battle-history"><small>Poison spikes were scattered on the ground all around the opposing team!</small><br></div><div class="spacer battle-history"><br></div><div class="battle-history">The opposing Senecio used <strong>Scald</strong>!<br></div><div class="battle-history"><small>It's not very effective...</small><br></div><div class="battle-history"><small>A critical hit!</small><br></div><div class="battle-history"><small>(Jelly lost <abbr title="−59/364">16.2%</abbr> of its health!)</small><br></div><div class="spacer battle-history"><br></div><div class="battle-history"><small>Jelly restored a little HP using its Black Sludge!</small><br></div><div class="battle-history"><small>The opposing Senecio restored a little HP using its Leftovers!</small><br></div><div class="spacer battle-history"><br></div><h2 class="battle-history">Turn 14</h2><div class="spacer battle-history"><br></div><div class="battle-history">Jelly, come back!<br></div><div class="battle-history">Go! PB (<strong>Constabull</strong>)!<br></div><div class="spacer battle-history"><br></div><div class="battle-history">The opposing Senecio used <strong>Scald</strong>!<br></div><div class="battle-history"><small>(PB lost <abbr title="−118/390">30.3%</abbr> of its health!)</small><br></div><div class="spacer battle-history"><br></div><div class="battle-history"><small>The opposing Senecio restored a little HP using its Leftovers!</small><br></div><div class="battle-history"><small>PB restored a little HP using its Leftovers!</small><br></div><div class="spacer battle-history"><br></div><h2 class="battle-history">Turn 15</h2><div class="chat chatmessage-inkbug1 mine"><strong style="color:#e46e0f"><small>☆</small><span class="username" data-name="inkbug1">inkbug1</span>:</strong> <em>wait im not sure what i </em></div><div class="chat chatmessage-inkbug1 mine"><strong style="color:#e46e0f"><small>☆</small><span class="username" data-name="inkbug1">inkbug1</span>:</strong> <em>m </em></div><div class="chat chatmessage-inkbug1 mine"><strong style="color:#e46e0f"><small>☆</small><span class="username" data-name="inkbug1">inkbug1</span>:</strong> <em>not thinking very well </em></div><div class="spacer battle-history"><br></div><div class="battle-history">PB, come back!<br></div><div class="battle-history">Go! Hocus (<strong>Mezmir</strong>)!<br></div><div class="battle-history">[Hocus's Comatose]<br><small>Hocus is drowsing!</small><br></div><div class="spacer battle-history"><br></div><div class="battle-history">The opposing Senecio used <strong>Scald</strong>!<br></div><div class="battle-history"><small>(Hocus lost <abbr title="−88/384">22.9%</abbr> of its health!)</small><br></div><div class="spacer battle-history"><br></div><h2 class="battle-history">Turn 16</h2><div class="spacer battle-history"><br></div><div class="battle-history">The opposing Senecio used <strong>Scald</strong>!<br></div><div class="battle-history"><small>(Hocus lost <abbr title="−81/384">21.1%</abbr> of its health!)</small><br></div><div class="spacer battle-history"><br></div><div class="battle-history">Hocus used <strong>Drain Punch</strong>!<br></div><div class="battle-history"><small>(The opposing Senecio lost 24% of its health!)</small><br></div><div class="battle-history"><small>The opposing Senecio had its energy drained!</small><br></div><div class="spacer battle-history"><br></div><div class="battle-history"><small>The opposing Senecio restored a little HP using its Leftovers!</small><br></div><div class="spacer battle-history"><br></div><h2 class="battle-history">Turn 17</h2><div class="chat chatmessage-inkbug1 mine"><strong style="color:#e46e0f"><small>☆</small><span class="username" data-name="inkbug1">inkbug1</span>:</strong> <em>yea thats fair</em></div><div class="chat"><small>+abismal left</small></div><div class="spacer battle-history"><br></div><div class="battle-history">The opposing Senecio used <strong>Scald</strong>!<br></div><div class="battle-history"><small>(Hocus lost <abbr title="−54/384">14.1%</abbr> of its health!)</small><br></div><div class="spacer battle-history"><br></div><div class="battle-history">Hocus fainted!<br></div><div class="spacer battle-history"><br></div><div class="battle-history"><small>The opposing Senecio restored a little HP using its Leftovers!</small><br></div><div class="spacer battle-history"><br></div><div class="battle-history">Go! Risotto (<strong>Carnelion</strong>)!<br></div><div class="spacer battle-history"><br></div><h2 class="battle-history">Turn 18</h2><div class="spacer battle-history"><br></div><div class="battle-history">Risotto used <strong>Fake Out</strong>!<br></div><div class="battle-history"><small>The Normal Gem strengthened Risotto's power!</small><br></div><div class="battle-history"><small>(The opposing Senecio lost 26% of its health!)</small><br></div><div class="spacer battle-history"><br></div><div class="battle-history">The opposing Senecio flinched and couldn't move!<br></div><div class="spacer battle-history"><br></div><div class="battle-history"><small>The opposing Senecio restored a little HP using its Leftovers!</small><br></div><div class="spacer battle-history"><br></div><h2 class="battle-history">Turn 19</h2><div class="spacer battle-history"><br></div><div class="battle-history">Risotto used <strong>U-turn</strong>!<br></div><div class="battle-history"><small>(The opposing Senecio lost 16% of its health!)</small><br></div><div class="spacer battle-history"><br></div><div class="battle-history">Risotto went back to inkbug1!<br></div><div class="battle-history">Go! Caesar (<strong>Endurow</strong>)!<br></div><div class="spacer battle-history"><br></div><div class="battle-history">The opposing Senecio used <strong>Scald</strong>!<br></div><div class="battle-history"><small>(Caesar lost <abbr title="−148/368">40.2%</abbr> of its health!)</small><br></div><div class="battle-history">[Caesar's Stamina]<br></div><div class="battle-history"><small>Caesar's Defense rose!</small><br></div><div class="spacer battle-history"><br></div><div class="battle-history"><small>The opposing Senecio restored a little HP using its Leftovers!</small><br></div><div class="spacer battle-history"><br></div><h2 class="battle-history">Turn 20</h2><div class="spacer battle-history"><br></div><div class="battle-history">Caesar used <strong>Roost</strong>!<br></div><div class="battle-history"><small>Caesar had its HP restored.</small><br></div><div class="battle-history"><small>(Caesar loses Flying type this turn.)</small><br></div><div class="spacer battle-history"><br></div><div class="battle-history">The opposing Senecio used <strong>Ice Beam</strong>!<br></div><div class="battle-history"><small>(Caesar lost <abbr title="−101/368">27.4%</abbr> of its health!)</small><br></div><div class="battle-history">[Caesar's Stamina]<br></div><div class="battle-history"><small>Caesar's Defense rose!</small><br></div><div class="spacer battle-history"><br></div><div class="battle-history"><small>The opposing Senecio restored a little HP using its Leftovers!</small><br></div><div class="spacer battle-history"><br></div><h2 class="battle-history">Turn 21</h2><div class="chat chatmessage-h2opulse"><strong style="color:#6e8c2b"><small>☆</small><span class="username" data-name="H2OPulse">H2OPulse</span>:</strong> <em>Right, uh, right</em></div><div class="spacer battle-history"><br></div><div class="battle-history">Caesar used <strong>Focus Energy</strong>!<br></div><div class="battle-history"><small>Caesar is getting pumped!</small><br></div><div class="spacer battle-history"><br></div><div class="battle-history">The opposing Senecio used <strong>Scald</strong>!<br></div><div class="battle-history"><small>(Caesar lost <abbr title="−136/368">37.0%</abbr> of its health!)</small><br></div><div class="battle-history">[Caesar's Stamina]<br></div><div class="battle-history"><small>Caesar's Defense rose!</small><br></div><div class="spacer battle-history"><br></div><div class="battle-history"><small>The opposing Senecio restored a little HP using its Leftovers!</small><br></div><div class="spacer battle-history"><br></div><h2 class="battle-history">Turn 22</h2><div class="spacer battle-history"><br></div><div class="battle-history">Caesar used <strong>Roost</strong>!<br></div><div class="battle-history"><small>Caesar had its HP restored.</small><br></div><div class="battle-history"><small>(Caesar loses Flying type this turn.)</small><br></div><div class="spacer battle-history"><br></div><div class="battle-history">The opposing Senecio used <strong>Scald</strong>!<br></div><div class="battle-history"><small>(Caesar lost <abbr title="−150/368">40.8%</abbr> of its health!)</small><br></div><div class="battle-history">[Caesar's Stamina]<br></div><div class="battle-history"><small>Caesar's Defense rose!</small><br></div><div class="spacer battle-history"><br></div><div class="battle-history"><small>The opposing Senecio restored a little HP using its Leftovers!</small><br></div><div class="spacer battle-history"><br></div><h2 class="battle-history">Turn 23</h2><div class="spacer battle-history"><br></div><div class="battle-history">Caesar used <strong>Drill Run</strong>!<br></div><div class="battle-history"><small>A critical hit!</small><br></div><div class="battle-history"><small>(The opposing Senecio lost 22% of its health!)</small><br></div><div class="spacer battle-history"><br></div><div class="battle-history">The opposing Senecio used <strong>Scald</strong>!<br></div><div class="battle-history"><small>(Caesar lost <abbr title="−144/368">39.1%</abbr> of its health!)</small><br></div><div class="battle-history">[Caesar's Stamina]<br></div><div class="battle-history"><small>Caesar's Defense rose!</small><br></div><div class="spacer battle-history"><br></div><div class="battle-history"><small>The opposing Senecio restored a little HP using its Leftovers!</small><br></div><div class="spacer battle-history"><br></div><h2 class="battle-history">Turn 24</h2><div class="chat chatmessage-inkbug1 mine"><strong style="color:#e46e0f"><small>☆</small><span class="username" data-name="inkbug1">inkbug1</span>:</strong> <em>i see </em></div><div class="spacer battle-history"><br></div><div class="battle-history">Caesar used <strong>Roost</strong>!<br></div><div class="battle-history"><small>Caesar had its HP restored.</small><br></div><div class="battle-history"><small>(Caesar loses Flying type this turn.)</small><br></div><div class="spacer battle-history"><br></div><div class="battle-history">The opposing Senecio used <strong>Scald</strong>!<br></div><div class="battle-history"><small>(Caesar lost <abbr title="−129/368">35.1%</abbr> of its health!)</small><br></div><div class="battle-history">[Caesar's Stamina]<br></div><div class="battle-history"><small>Caesar's Defense rose!</small><br></div><div class="spacer battle-history"><br></div><div class="battle-history"><small>The opposing Senecio restored a little HP using its Leftovers!</small><br></div><div class="spacer battle-history"><br></div><h2 class="battle-history">Turn 25</h2><div class="spacer battle-history"><br></div><div class="battle-history">Caesar used <strong>Roost</strong>!<br></div><div class="battle-history"><small>Caesar had its HP restored.</small><br></div><div class="battle-history"><small>(Caesar loses Flying type this turn.)</small><br></div><div class="spacer battle-history"><br></div><div class="battle-history">The opposing Senecio used <strong>Scald</strong>!<br></div><div class="battle-history"><small>(Caesar lost <abbr title="−130/368">35.3%</abbr> of its health!)</small><br></div><div class="spacer battle-history"><br></div><div class="battle-history"><small>The opposing Senecio restored a little HP using its Leftovers!</small><br></div><div class="spacer battle-history"><br></div><h2 class="battle-history">Turn 26</h2><div class="spacer battle-history"><br></div><div class="battle-history">Caesar used <strong>Roost</strong>!<br></div><div class="battle-history"><small>Caesar had its HP restored.</small><br></div><div class="battle-history"><small>(Caesar loses Flying type this turn.)</small><br></div><div class="spacer battle-history"><br></div><div class="battle-history">The opposing Senecio used <strong>Scald</strong>!<br></div><div class="battle-history"><small>(Caesar lost <abbr title="−147/368">39.9%</abbr> of its health!)</small><br></div><div class="battle-history"><small>Caesar was burned!</small><br></div><div class="spacer battle-history"><br></div><div class="battle-history"><small>The opposing Senecio restored a little HP using its Leftovers!</small><br></div><div class="battle-history"><small>Caesar was hurt by its burn!</small><br></div><div class="spacer battle-history"><br></div><h2 class="battle-history">Turn 27</h2><div class="spacer battle-history"><br></div><div class="battle-history">Caesar used <strong>Roost</strong>!<br></div><div class="battle-history"><small>Caesar had its HP restored.</small><br></div><div class="battle-history"><small>(Caesar loses Flying type this turn.)</small><br></div><div class="spacer battle-history"><br></div><div class="battle-history">The opposing Senecio used <strong>Scald</strong>!<br></div><div class="battle-history"><small>(Caesar lost <abbr title="−144/368">39.1%</abbr> of its health!)</small><br></div><div class="spacer battle-history"><br></div><div class="battle-history"><small>The opposing Senecio restored a little HP using its Leftovers!</small><br></div><div class="battle-history"><small>Caesar was hurt by its burn!</small><br></div><div class="spacer battle-history"><br></div><h2 class="battle-history">Turn 28</h2><div class="spacer battle-history"><br></div><div class="battle-history">Caesar used <strong>Drill Peck</strong>!<br></div><div class="battle-history"><small>(The opposing Senecio lost 11% of its health!)</small><br></div><div class="spacer battle-history"><br></div><div class="battle-history">The opposing Senecio used <strong>Ice Beam</strong>!<br></div><div class="battle-history"><small>It's super effective!</small><br></div><div class="battle-history"><small>(Caesar lost <abbr title="−153/368">41.6%</abbr> of its health!)</small><br></div><div class="spacer battle-history"><br></div><div class="battle-history">Caesar fainted!<br></div><div class="spacer battle-history"><br></div><div class="battle-history"><small>The opposing Senecio restored a little HP using its Leftovers!</small><br></div><div class="spacer battle-history"><br></div><div class="battle-history">Go! Jelly (<strong>Tentacruel</strong>)!<br></div><div class="spacer battle-history"><br></div><h2 class="battle-history">Turn 29</h2><div class="spacer battle-history"><br></div><div class="battle-history">Jelly used <strong>Sludge Bomb</strong>!<br></div><div class="battle-history"><small>(The opposing Senecio lost 25% of its health!)</small><br></div><div class="battle-history"><small>The opposing Senecio was poisoned!</small><br></div><div class="spacer battle-history"><br></div><div class="battle-history">The opposing Senecio used <strong>Scald</strong>!<br></div><div class="battle-history"><small>It's not very effective...</small><br></div><div class="battle-history"><small>(Jelly lost <abbr title="−38/364">10.4%</abbr> of its health!)</small><br></div><div class="spacer battle-history"><br></div><div class="battle-history"><small>Jelly restored a little HP using its Black Sludge!</small><br></div><div class="battle-history"><small>The opposing Senecio restored a little HP using its Leftovers!</small><br></div><div class="battle-history"><small>The opposing Senecio was hurt by poison!</small><br></div><div class="spacer battle-history"><br></div><h2 class="battle-history">Turn 30</h2><div class="spacer battle-history"><br></div><div class="battle-history">Jelly used <strong>Sludge Bomb</strong>!<br></div><div class="battle-history"><small>(The opposing Senecio lost 27% of its health!)</small><br></div><div class="spacer battle-history"><br></div><div class="battle-history">The opposing Senecio used <strong>Mirror Coat</strong>!<br></div><div class="battle-history"><small>(Jelly lost <abbr title="−163/364">44.8%</abbr> of its health!)</small><br></div><div class="spacer battle-history"><br></div><div class="battle-history">Jelly fainted!<br></div><div class="spacer battle-history"><br></div><div class="battle-history"><small>The opposing Senecio restored a little HP using its Leftovers!</small><br></div><div class="battle-history"><small>The opposing Senecio was hurt by poison!</small><br></div><div class="spacer battle-history"><br></div><div class="battle-history">Go! Risotto (<strong>Carnelion</strong>)!<br></div><div class="spacer battle-history"><br></div><h2 class="battle-history">Turn 31</h2><div class="chat chatmessage-inkbug1 mine"><strong style="color:#e46e0f"><small>☆</small><span class="username" data-name="inkbug1">inkbug1</span>:</strong> <em>garbage performance. jesus</em></div><div class="spacer battle-history"><br></div><div class="battle-history">H2OPulse withdrew Senecio!<br></div><div class="battle-history">H2OPulse sent out Foxfire (<strong>Shiinotic-Kalos</strong>)!<br></div><div class="chat"><ul class="utilichart"><li class="result"><span class="col pokemonnamecol" style="white-space: nowrap">Shiinotic-Kalos</span> <span class="col typecol"><img src="https://dragonheaven.herokuapp.com/sprites/types/Poison.png" alt="Poison" height="14" width="32"><img src="https://dragonheaven.herokuapp.com/sprites/types/Fairy.png" alt="Fairy" height="14" width="32"></span> <span style="float: left ; min-height: 26px"><span class="col abilitycol">Illuminate / Effect Spore / Technician</span><span class="col abilitycol"></span></span></li><li style="clear: both"></li></ul></div><div class="chat"><ul class="utilichart"><li class="result"><span style="float: left ; min-height: 26px"><span class="col statcol"><em>HP</em><br>60</span> <span class="col statcol"><em>Atk</em><br>45</span> <span class="col statcol"><em>Def</em><br>60</span> <span class="col statcol"><em>SpA</em><br>90</span> <span class="col statcol"><em>SpD</em><br>80</span> <span class="col statcol"><em>Spe</em><br>70</span> </span></li><li style="clear: both"></li></ul></div><div class="battle-history"><small>(Shiinotic-Kalos was created by Hematite!)</small><br></div><div class="battle-history"><small>The poison spikes disappeared from the ground around the opposing team!</small><br></div><div class="spacer battle-history"><br></div><div class="battle-history">Risotto used <strong>Fake Out</strong>!<br></div><div class="battle-history"><small>(The opposing Foxfire lost 47% of its health!)</small><br></div><div class="spacer battle-history"><br></div><div class="battle-history"><small>The opposing Foxfire restored a little HP using its Black Sludge!</small><br></div><div class="spacer battle-history"><br></div><h2 class="battle-history">Turn 32</h2><div class="spacer battle-history"><br></div><div class="battle-history">Risotto used <strong>Rock Tomb</strong>!<br></div><div class="battle-history"><small>(The opposing Foxfire lost 59% of its health!)</small><br></div><div class="spacer battle-history"><br></div><div class="battle-history">The opposing Foxfire fainted!<br></div><div class="chat chatmessage-h2opulse"><strong style="color:#6e8c2b"><small>☆</small><span class="username" data-name="H2OPulse">H2OPulse</span>:</strong> <em>Yeah fair</em></div><div class="spacer battle-history"><br></div><div class="battle-history">H2OPulse sent out Mango (<strong>Noivern-Variant</strong>)!<br></div><div class="spacer battle-history"><br></div><h2 class="battle-history">Turn 33</h2><div class="spacer battle-history"><br></div><div class="battle-history">Risotto, come back!<br></div><div class="battle-history">Go! PB (<strong>Constabull</strong>)!<br></div><div class="spacer battle-history"><br></div><div class="battle-history">The opposing Mango used <strong>Roost</strong>!<br></div><div class="battle-history"><small>The opposing Mango had its HP restored.</small><br></div><div class="spacer battle-history"><br></div><div class="battle-history"><small>PB restored a little HP using its Leftovers!</small><br></div><div class="spacer battle-history"><br></div><h2 class="battle-history">Turn 34</h2><div class="spacer battle-history"><br></div><div class="battle-history">H2OPulse withdrew Mango!<br></div><div class="battle-history">H2OPulse sent out Flavonoid (<strong>Bronzong</strong>)!<br></div><div class="spacer battle-history"><br></div><div class="battle-history">PB used <strong>Bulk Up</strong>!<br></div><div class="battle-history"><small>PB's Attack rose!</small><br></div><div class="battle-history"><small>PB's Defense rose!</small><br></div><div class="spacer battle-history"><br></div><div class="battle-history"><small>PB restored a little HP using its Leftovers!</small><br></div><div class="spacer battle-history"><br></div><h2 class="battle-history">Turn 35</h2><div class="spacer battle-history"><br></div><div class="battle-history">PB used <strong>Bulk Up</strong>!<br></div><div class="battle-history"><small>PB's Attack rose!</small><br></div><div class="battle-history"><small>PB's Defense rose!</small><br></div><div class="spacer battle-history"><br></div><div class="battle-history">The opposing Flavonoid used <strong>Reflect</strong>!<br></div><div class="battle-history"><small>Reflect made the opposing team stronger against physical moves!</small><br></div><div class="spacer battle-history"><br></div><div class="battle-history"><small>PB restored a little HP using its Leftovers!</small><br></div><div class="spacer battle-history"><br></div><h2 class="battle-history">Turn 36</h2><div class="spacer battle-history"><br></div><div class="battle-history">PB used <strong>Bulk Up</strong>!<br></div><div class="battle-history"><small>PB's Attack rose!</small><br></div><div class="battle-history"><small>PB's Defense rose!</small><br></div><div class="spacer battle-history"><br></div><div class="battle-history">The opposing Flavonoid used <strong>Heavy Slam</strong>!<br></div><div class="battle-history"><small>It's super effective!</small><br></div><div class="battle-history"><small>(PB lost <abbr title="−74/390">19.0%</abbr> of its health!)</small><br></div><div class="battle-history">[PB's Iron Barbs]<br><small>The opposing Flavonoid was hurt!</small><br></div><div class="spacer battle-history"><br></div><div class="battle-history"><small>PB restored a little HP using its Leftovers!</small><br></div><div class="spacer battle-history"><br></div><h2 class="battle-history">Turn 37</h2><div class="chat chatmessage-h2opulse"><strong style="color:#6e8c2b"><small>☆</small><span class="username" data-name="H2OPulse">H2OPulse</span>:</strong> <em>Uh...huh,</em></div><div class="spacer battle-history"><br></div><div class="battle-history">PB used <strong>Play Rough</strong>!<br></div><div class="battle-history"><small>It's not very effective...</small><br></div><div class="battle-history"><small>(The opposing Flavonoid lost 24% of its health!)</small><br></div><div class="spacer battle-history"><br></div><div class="battle-history">The opposing Flavonoid used <strong>Explosion</strong>!<br></div><div class="battle-history"><small>(PB lost <abbr title="−73/390">18.7%</abbr> of its health!)</small><br></div><div class="spacer battle-history"><br></div><div class="battle-history">The opposing Flavonoid fainted!<br></div><div class="spacer battle-history"><br></div><div class="battle-history"><small>PB restored a little HP using its Leftovers!</small><br></div><div class="chat chatmessage-inkbug1 mine"><strong style="color:#e46e0f"><small>☆</small><span class="username" data-name="inkbug1">inkbug1</span>:</strong> <em>dfgsdfgasdfgsd</em></div><div class="chat chatmessage-h2opulse"><strong style="color:#6e8c2b"><small>☆</small><span class="username" data-name="H2OPulse">H2OPulse</span>:</strong> <em>Yeahthatdidnothing</em></div><div class="spacer battle-history"><br></div><div class="battle-history">H2OPulse sent out Yeast (<strong>Gourmant</strong>)!<br></div><div class="spacer battle-history"><br></div><h2 class="battle-history">Turn 38</h2><div class="spacer battle-history"><br></div><div class="battle-history">The opposing Yeast used <strong>Toxic</strong>!<br></div><div class="battle-history"><small>PB was badly poisoned!</small><br></div><div class="spacer battle-history"><br></div><div class="battle-history">PB used <strong>Earthquake</strong>!<br></div><div class="battle-history"><small>It's super effective!</small><br></div><div class="battle-history"><small>(The opposing Yeast lost 50% of its health!)</small><br></div><div class="spacer battle-history"><br></div><div class="battle-history">The opposing Yeast fainted!<br></div><div class="spacer battle-history"><br></div><div class="battle-history"><small>PB restored a little HP using its Leftovers!</small><br></div><div class="battle-history"><small>PB was hurt by poison!</small><br></div><div class="spacer battle-history"><br></div><div class="battle-history">H2OPulse sent out Asparagus (<strong>Galvantula</strong>)!<br></div><div class="spacer battle-history"><br></div><h2 class="battle-history">Turn 39</h2><div class="spacer battle-history"><br></div><div class="battle-history">The opposing Asparagus used <strong>Thunder</strong>!<br></div><div class="battle-history"><small>(PB lost <abbr title="−210/390">53.8%</abbr> of its health!)</small><br></div><div class="spacer battle-history"><br></div><div class="battle-history">PB used <strong>Heal Bell</strong>!<br></div><div class="battle-history"><small>A bell chimed!</small><br></div><div class="battle-history"><small>PB was cured of its poisoning!</small><br></div><div class="spacer battle-history"><br></div><div class="battle-history"><small>PB restored a little HP using its Leftovers!</small><br></div><div class="spacer battle-history"><br></div><h2 class="battle-history">Turn 40</h2><div class="chat chatmessage-h2opulse"><strong style="color:#6e8c2b"><small>☆</small><span class="username" data-name="H2OPulse">H2OPulse</span>:</strong> <em>I SEE,</em></div><div class="spacer battle-history"><br></div><div class="battle-history">The opposing Asparagus used <strong>Volt Switch</strong>!<br></div><div class="battle-history"><small>(PB lost <abbr title="−35/390">9.0%</abbr> of its health!)</small><br></div><div class="spacer battle-history"><br></div><div class="battle-history">PB fainted!<br></div><div class="spacer battle-history"><br></div><div class="battle-history">The opposing Asparagus went back to H2OPulse!<br></div><div class="battle-history">H2OPulse sent out Senecio (<strong>Milotic</strong>)!<br></div><div class="spacer battle-history"><br></div><div class="battle-history"><small>The opposing Senecio restored a little HP using its Leftovers!</small><br></div><div class="battle-history"><small>The opposing Senecio was hurt by poison!</small><br></div><div class="spacer battle-history"><br></div><div class="battle-history">Go! Risotto (<strong>Carnelion</strong>)!<br></div><div class="spacer battle-history"><br></div><h2 class="battle-history">Turn 41</h2><div class="spacer battle-history"><br></div><div class="battle-history">Risotto used <strong>Fake Out</strong>!<br></div><div class="battle-history"><small>(The opposing Senecio lost 8% of its health!)</small><br></div><div class="spacer battle-history"><br></div><div class="battle-history">The opposing Senecio fainted!<br></div><div class="spacer battle-history"><br></div><div class="battle-history">H2OPulse sent out Mango (<strong>Noivern-Variant</strong>)!<br></div><div class="spacer battle-history"><br></div><h2 class="battle-history">Turn 42</h2><div class="spacer battle-history"><br></div><div class="battle-history">The opposing Mango used <strong>Vacuum Wave</strong>!<br></div><div class="battle-history"><small>It's super effective!</small><br></div><div class="battle-history"><small>(Risotto lost <abbr title="−311/311">100%</abbr> of its health!)</small><br></div><div class="spacer battle-history"><br></div><div class="battle-history">Risotto fainted!<br></div><div class="spacer battle-history"><br></div><div class="battle-history"><strong>H2OPulse</strong> won the battle!<br></div><div class="chat chatmessage-inkbug1 mine"><strong style="color:#e46e0f"><small>☆</small><span class="username" data-name="inkbug1">inkbug1</span>:</strong> <em>ok well those two did put up a hell of a fight</em></div><div class="chat chatmessage-h2opulse"><strong style="color:#6e8c2b"><small>☆</small><span class="username" data-name="H2OPulse">H2OPulse</span>:</strong> <em>Man okay</em></div><div class="chat chatmessage-h2opulse"><strong style="color:#6e8c2b"><small>☆</small><span class="username" data-name="H2OPulse">H2OPulse</span>:</strong> <em>That was</em></div><div class="chat chatmessage-h2opulse"><strong style="color:#6e8c2b"><small>☆</small><span class="username" data-name="H2OPulse">H2OPulse</span>:</strong> <em>a battle</em></div><div class="chat chatmessage-h2opulse"><strong style="color:#6e8c2b"><small>☆</small><span class="username" data-name="H2OPulse">H2OPulse</span>:</strong> <em>YEAH</em></div></div><div class="inner-preempt message-log"></div></div></div>
</div>
<script>
let daily = Math.floor(Date.now()/1000/60/60/24);document.write('<script src="https://dragonheaven.herokuapp.com/js/replay-embed.js?version'+daily+'"></'+'script>');
</script>
