<!DOCTYPE html>
<meta charset="utf-8" />
<!-- version 1 -->
<title>[Gen 8] Evolution Project replay: H2OPulse vs. inkbug1</title>
<style>
html,body {font-family:Verdana, sans-serif;font-size:10pt;margin:0;padding:0;}body{padding:12px 0;} .battle-log {font-family:Verdana, sans-serif;font-size:10pt;} .battle-log-inline {border:1px solid #AAAAAA;background:#EEF2F5;color:black;max-width:640px;margin:0 auto 80px;padding-bottom:5px;} .battle-log .inner {padding:4px 8px 0px 8px;} .battle-log .inner-preempt {padding:0 8px 4px 8px;} .battle-log .inner-after {margin-top:0.5em;} .battle-log h2 {margin:0.5em -8px;padding:4px 8px;border:1px solid #AAAAAA;background:#E0E7EA;border-left:0;border-right:0;font-family:Verdana, sans-serif;font-size:13pt;} .battle-log .chat {vertical-align:middle;padding:3px 0 3px 0;font-size:8pt;} .battle-log .chat strong {color:#40576A;} .battle-log .chat em {padding:1px 4px 1px 3px;color:#000000;font-style:normal;} .chat.mine {background:rgba(0,0,0,0.05);margin-left:-8px;margin-right:-8px;padding-left:8px;padding-right:8px;} .spoiler {color:#BBBBBB;background:#BBBBBB;padding:0px 3px;} .spoiler:hover, .spoiler:active, .spoiler-shown {color:#000000;background:#E2E2E2;padding:0px 3px;} .spoiler a {color:#BBBBBB;} .spoiler:hover a, .spoiler:active a, .spoiler-shown a {color:#2288CC;} .chat code, .chat .spoiler:hover code, .chat .spoiler:active code, .chat .spoiler-shown code {border:1px solid #C0C0C0;background:#EEEEEE;color:black;padding:0 2px;} .chat .spoiler code {border:1px solid #CCCCCC;background:#CCCCCC;color:#CCCCCC;} .battle-log .rated {padding:3px 4px;} .battle-log .rated strong {color:white;background:#89A;padding:1px 4px;border-radius:4px;} .spacer {margin-top:0.5em;} .message-announce {background:#6688AA;color:white;padding:1px 4px 2px;} .message-announce a, .broadcast-green a, .broadcast-blue a, .broadcast-red a {color:#DDEEFF;} .broadcast-green {background-color:#559955;color:white;padding:2px 4px;} .broadcast-blue {background-color:#6688AA;color:white;padding:2px 4px;} .infobox {border:1px solid #6688AA;padding:2px 4px;} .infobox-limited {max-height:200px;overflow:auto;overflow-x:hidden;} .broadcast-red {background-color:#AA5544;color:white;padding:2px 4px;} .message-learn-canlearn {font-weight:bold;color:#228822;text-decoration:underline;} .message-learn-cannotlearn {font-weight:bold;color:#CC2222;text-decoration:underline;} .message-effect-weak {font-weight:bold;color:#CC2222;} .message-effect-resist {font-weight:bold;color:#6688AA;} .message-effect-immune {font-weight:bold;color:#666666;} .message-learn-list {margin-top:0;margin-bottom:0;} .message-throttle-notice, .message-error {color:#992222;} .message-overflow, .chat small.message-overflow {font-size:0pt;} .message-overflow::before {font-size:9pt;content:'...';} .subtle {color:#3A4A66;}
</style>
<div class="wrapper replay-wrapper" style="max-width:1180px;margin:0 auto">
<input type="hidden" name="replayid" value="dragonheaven-gen8evolutionproject-71" />
<div class="battle"></div><div class="battle-log"></div><div class="replay-controls"></div><div class="replay-controls-2"></div>
<h1 style="font-weight:normal;text-align:center"><strong>[Gen 8] Evolution Project</strong><br /><a href="http://pokemonshowdown.com/users/h2opulse" class="subtle" target="_blank">H2OPulse</a> vs. <a href="http://pokemonshowdown.com/users/inkbug1" class="subtle" target="_blank">inkbug1</a></h1>
<script type="text/plain" class="battle-log-data">|j|☆H2OPulse
|j|☆inkbug1

|t:|1658124336
|player|p1|H2OPulse|aetherfoundation|
|player|p2|inkbug1|emmet|
|teamsize|p1|6
|teamsize|p2|6
|gametype|singles
|gen|8
|tier|[Gen 8] Evolution Project
|clearpoke
|poke|p1|Reuniclus-Neural, M|
|poke|p1|Orbeetle-Variant, M|
|poke|p1|Resurrectric, M|
|poke|p1|Milotic, M|
|poke|p1|Togekiss-Unidentified, F|
|poke|p1|Aleon, F|
|poke|p2|Narcissopod, F|
|poke|p2|Centiskorch-Kanto, F|
|poke|p2|Escavalier-Variant, M|
|poke|p2|Noivern-Variant, M|
|poke|p2|Playdol, M|
|poke|p2|Michu, F|
|rule|HP Percentage Mod: HP is shown in percentages
|rule|Endless Battle Clause: Forcing endless battles is banned
|rule|OHKO Clause: OHKO moves are banned
|rule|Evasion Moves Clause: Evasion moves are banned
|rule|Species Clause: Limit one of each Pokémon
|rule|Dynamax Clause: You cannot dynamax
|rule|Sleep Clause Mod: Limit one foe put to sleep
|rule|Z-Move Clause: Type-based Z-Moves are banned
|teampreview
|c|☆inkbug1|owo 
|c|☆H2OPulse|Hi!! Good luck and have fun O:
|c|☆inkbug1|oh i shoudl probably try with a team i know a bit better actually but im still curious to see 
|c|☆H2OPulse|Oh uh! Also as annn experiment I guess
|c|☆H2OPulse|this Resurrectric is kinda\/sorta post-nerf?
|c|☆H2OPulse|No Volt Switch but also I messed with its stats to replicate its post-nerf stats
|c|☆inkbug1|ah ! fair
|c|☆H2OPulse|Curious to see
|c|☆H2OPulse|how it goes O:
|
|t:|1658124418
|start
|switch|p1a: Snakecotton|Orbeetle-Variant, M|100\/100
|switch|p2a: Batman|Escavalier-Variant, M|344\/344
|-start|p1a: Snakecotton|typechange|Bug\/Electric|[silent]
|raw|<ul class="utilichart"><li class="result"><span class="col pokemonnamecol" style="white-space: nowrap">Orbeetle-Variant<\/span> <span class="col typecol"><img src="https:\/\/dragonheaven.herokuapp.com\/sprites\/types\/Bug.png" alt="Bug" height="14" width="32"><img src="https:\/\/dragonheaven.herokuapp.com\/sprites\/types\/Electric.png" alt="Electric" height="14" width="32"><\/span> <span style="float: left ; min-height: 26px"><span class="col abilitycol">Swarm \/ Frisk \/ Cotton Down<\/span><span class="col abilitycol"><\/span><\/span><\/li><li style="clear: both"><\/li><\/ul>
|raw|<ul class="utilichart"><li class="result"><span style="float: left ; min-height: 26px"><span class="col statcol"><em>HP<\/em><br>60<\/span> <span class="col statcol"><em>Atk<\/em><br>45<\/span> <span class="col statcol"><em>Def<\/em><br>110<\/span> <span class="col statcol"><em>SpA<\/em><br>120<\/span> <span class="col statcol"><em>SpD<\/em><br>80<\/span> <span class="col statcol"><em>Spe<\/em><br>90<\/span> <\/span><\/li><li style="clear: both"><\/li><\/ul>
|-hint|Orbeetle-Variant was created by Magmajudis!
|-item|p2a: Batman|Leftovers|[from] ability: Frisk|[of] p1a: Snakecotton|[identify]
|-start|p2a: Batman|typechange|Ghost|[silent]
|raw|<ul class="utilichart"><li class="result"><span class="col pokemonnamecol" style="white-space: nowrap">Escavalier-Variant<\/span> <span class="col typecol"><img src="https:\/\/dragonheaven.herokuapp.com\/sprites\/types\/Ghost.png" alt="Ghost" height="14" width="32"><\/span> <span style="float: left ; min-height: 26px"><span class="col abilitycol">Shed Skin \/ Chain Link \/ Overcoat<\/span><span class="col abilitycol"><\/span><\/span><\/li><li style="clear: both"><\/li><\/ul>
|raw|<ul class="utilichart"><li class="result"><span style="float: left ; min-height: 26px"><span class="col statcol"><em>HP<\/em><br>70<\/span> <span class="col statcol"><em>Atk<\/em><br>135<\/span> <span class="col statcol"><em>Def<\/em><br>105<\/span> <span class="col statcol"><em>SpA<\/em><br>60<\/span> <span class="col statcol"><em>SpD<\/em><br>105<\/span> <span class="col statcol"><em>Spe<\/em><br>20<\/span> <\/span><\/li><li style="clear: both"><\/li><\/ul>
|-hint|Escavalier-Variant was created by BlueRay!
|turn|1
|c|☆inkbug1|im curiosu to see how no volt switch plays in general tbh stats aside
|c|☆H2OPulse|Rig ht
|
|t:|1658124449
|move|p1a: Snakecotton|Sticky Web|p2a: Batman
|-sidestart|p2: inkbug1|move: Sticky Web
|move|p2a: Batman|Phantom Force||[still]
|-prepare|p2a: Batman|Phantom Force
|
|upkeep
|turn|2
|
|t:|1658124461
|switch|p1a: Astera|Aleon, F|100\/100
|-start|p1a: Astera|typechange|Normal|[silent]
|raw|<ul class="utilichart"><li class="result"><span class="col pokemonnamecol" style="white-space: nowrap">Aleon<\/span> <span class="col typecol"><img src="https:\/\/dragonheaven.herokuapp.com\/sprites\/types\/Normal.png" alt="Normal" height="14" width="32"><\/span> <span style="float: left ; min-height: 26px"><span class="col abilitycol">Adaptability \/ Normalize \/ Beast Boost<\/span><span class="col abilitycol"><\/span><\/span><\/li><li style="clear: both"><\/li><\/ul>
|raw|<ul class="utilichart"><li class="result"><span style="float: left ; min-height: 26px"><span class="col statcol"><em>HP<\/em><br>103<\/span> <span class="col statcol"><em>Atk<\/em><br>79<\/span> <span class="col statcol"><em>Def<\/em><br>53<\/span> <span class="col statcol"><em>SpA<\/em><br>89<\/span> <span class="col statcol"><em>SpD<\/em><br>67<\/span> <span class="col statcol"><em>Spe<\/em><br>134<\/span> <\/span><\/li><li style="clear: both"><\/li><\/ul>
|-hint|Aleon was created by inkbug!
|move|p2a: Batman|Phantom Force|p1a: Astera|[from]lockedmove
|-immune|p1a: Astera
|
|upkeep
|turn|3
|c|☆H2OPulse|Oh the teambuilder is being weird I want to see something
|c|☆H2OPulse|Er
|c|☆H2OPulse|UI
|c|☆inkbug1|hm
|
|t:|1658124487
|move|p1a: Astera|Hidden Power|p2a: Batman
|-supereffective|p2a: Batman
|-damage|p2a: Batman|262\/344
|move|p2a: Batman|Swords Dance|p2a: Batman
|-boost|p2a: Batman|atk|2
|
|-heal|p2a: Batman|283\/344|[from] item: Leftovers
|upkeep
|turn|4
|c|☆H2OPulse|Phew okay
|c|☆inkbug1|asdads 
|c|☆inkbug1|yea i remember tht being wonky
|c|☆H2OPulse|Sorry it was
|c|☆H2OPulse|saying it was affected by Normalize and Silk Scarf--
|c|☆inkbug1|asdfadsa
|c|☆H2OPulse|um! okay but this is bad
|
|t:|1658124526
|switch|p1a: Pilea Pepero|Togekiss-Unidentified, F|100\/100
|-start|p1a: Pilea Pepero|typechange|Steel\/Flying|[silent]
|raw|<ul class="utilichart"><li class="result"><span class="col pokemonnamecol" style="white-space: nowrap">Togekiss-Unidentified<\/span> <span class="col typecol"><img src="https:\/\/dragonheaven.herokuapp.com\/sprites\/types\/Steel.png" alt="Steel" height="14" width="32"><img src="https:\/\/dragonheaven.herokuapp.com\/sprites\/types\/Flying.png" alt="Flying" height="14" width="32"><\/span> <span style="float: left ; min-height: 26px"><span class="col abilitycol">Hustle \/ Light Metal \/ Super Luck<\/span><span class="col abilitycol"><\/span><\/span><\/li><li style="clear: both"><\/li><\/ul>
|raw|<ul class="utilichart"><li class="result"><span style="float: left ; min-height: 26px"><span class="col statcol"><em>HP<\/em><br>85<\/span> <span class="col statcol"><em>Atk<\/em><br>120<\/span> <span class="col statcol"><em>Def<\/em><br>95<\/span> <span class="col statcol"><em>SpA<\/em><br>60<\/span> <span class="col statcol"><em>SpD<\/em><br>95<\/span> <span class="col statcol"><em>Spe<\/em><br>90<\/span> <\/span><\/li><li style="clear: both"><\/li><\/ul>
|-hint|Togekiss-Unidentified was created by quagsi!
|move|p2a: Batman|Iron Head|p1a: Pilea Pepero
|-resisted|p1a: Pilea Pepero
|-damage|p1a: Pilea Pepero|71\/100
|
|-heal|p1a: Pilea Pepero|77\/100|[from] item: Leftovers
|-heal|p2a: Batman|304\/344|[from] item: Leftovers
|upkeep
|turn|5
|
|t:|1658124536
|move|p1a: Pilea Pepero|Smart Strike|p2a: Batman
|-damage|p2a: Batman|105\/344
|move|p2a: Batman|Counter|p1a: Pilea Pepero
|-damage|p1a: Pilea Pepero|0 fnt
|faint|p1a: Pilea Pepero
|
|-heal|p2a: Batman|126\/344|[from] item: Leftovers
|upkeep
|c|☆H2OPulse|HAHA
|c|☆H2OPulse|I SEE
|
|t:|1658124562
|switch|p1a: Zantedeschia|Resurrectric, M|100\/100
|-start|p1a: Zantedeschia|typechange|Ground\/Electric|[silent]
|raw|<ul class="utilichart"><li class="result"><span class="col pokemonnamecol" style="white-space: nowrap">Resurrectric<\/span> <span class="col typecol"><img src="https:\/\/dragonheaven.herokuapp.com\/sprites\/types\/Ground.png" alt="Ground" height="14" width="32"><img src="https:\/\/dragonheaven.herokuapp.com\/sprites\/types\/Electric.png" alt="Electric" height="14" width="32"><\/span> <span style="float: left ; min-height: 26px"><span class="col abilitycol">Inner Focus \/ Lightning Rod \/ Battle Armor<\/span><span class="col abilitycol"><\/span><\/span><\/li><li style="clear: both"><\/li><\/ul>
|raw|<ul class="utilichart"><li class="result"><span style="float: left ; min-height: 26px"><span class="col statcol"><em>HP<\/em><br>80<\/span> <span class="col statcol"><em>Atk<\/em><br>60<\/span> <span class="col statcol"><em>Def<\/em><br>130<\/span> <span class="col statcol"><em>SpA<\/em><br>125<\/span> <span class="col statcol"><em>SpD<\/em><br>80<\/span> <span class="col statcol"><em>Spe<\/em><br>45<\/span> <\/span><\/li><li style="clear: both"><\/li><\/ul>
|-hint|Resurrectric was created by Hematite!
|turn|6
|c|☆inkbug1|i kinda love how threatening this is w phantom force like thats *literally* its only physical ghost move but 
|c|☆H2OPulse|Y e s
|c|☆inkbug1|like 
|c|☆inkbug1|it feels like it shouldnt b that threatening given how many normals we have (and ig if u had playdol or something it wouldnt b a problem) but 
|c|☆inkbug1|its jsut rlly funny
|c|☆H2OPulse|oh ha my Attack after Thick Club and my HP are the same that's cute
|c|☆H2OPulse|Ri ght
|c|☆inkbug1|omg
|c|☆H2OPulse|Like I sent in Aleon to resist but then I just gave you a free turn--
|c|☆inkbug1|i have no idea what i live though mhdfjh hard to have an idea of that abt somethign u havent used much
|
|t:|1658124677
|move|p1a: Zantedeschia|Discharge|p2a: Batman
|-damage|p2a: Batman|11\/344
|move|p2a: Batman|Phantom Force||[still]
|-prepare|p2a: Batman|Phantom Force
|
|-heal|p2a: Batman|32\/344|[from] item: Leftovers
|upkeep
|turn|7
|c|☆inkbug1|wheeze
|c|☆H2OPulse|Should've been braver--
|c|☆H2OPulse|if I used Earthquake I am sure I would have KOed but you had a Ground immunity asff
|c|☆inkbug1|ohh right fair
|
|t:|1658124716
|switch|p1a: Astera|Aleon, F|100\/100
|-start|p1a: Astera|typechange|Normal|[silent]
|move|p2a: Batman|Phantom Force|p1a: Astera|[from]lockedmove
|-immune|p1a: Astera
|
|-heal|p2a: Batman|53\/344|[from] item: Leftovers
|upkeep
|turn|8
|c|☆inkbug1|i need to stop having playdol on this team idk why i put it there it like does its job but every time i consider switching it in i hate the idea 
|c|☆H2OPulse|Oof fair
|
|t:|1658124783
|switch|p1a: Zantedeschia|Resurrectric, M|100\/100
|-start|p1a: Zantedeschia|typechange|Ground\/Electric|[silent]
|switch|p2a: Pluto|Playdol, M|261\/261
|-start|p2a: Pluto|typechange|Normal\/Ghost|[silent]
|raw|<ul class="utilichart"><li class="result"><span class="col pokemonnamecol" style="white-space: nowrap">Playdol<\/span> <span class="col typecol"><img src="https:\/\/dragonheaven.herokuapp.com\/sprites\/types\/Normal.png" alt="Normal" height="14" width="32"><img src="https:\/\/dragonheaven.herokuapp.com\/sprites\/types\/Ghost.png" alt="Ghost" height="14" width="32"><\/span> <span style="float: left ; min-height: 26px"><span class="col abilitycol">Telepathy \/ Anticipation<\/span><span class="col abilitycol"><\/span><\/span><\/li><li style="clear: both"><\/li><\/ul>
|raw|<ul class="utilichart"><li class="result"><span style="float: left ; min-height: 26px"><span class="col statcol"><em>HP<\/em><br>60<\/span> <span class="col statcol"><em>Atk<\/em><br>85<\/span> <span class="col statcol"><em>Def<\/em><br>90<\/span> <span class="col statcol"><em>SpA<\/em><br>85<\/span> <span class="col statcol"><em>SpD<\/em><br>105<\/span> <span class="col statcol"><em>Spe<\/em><br>75<\/span> <\/span><\/li><li style="clear: both"><\/li><\/ul>
|-hint|Playdol was created by Violet!
|-activate|p2a: Pluto|move: Sticky Web
|-unboost|p2a: Pluto|spe|1
|
|upkeep
|turn|9
|
|t:|1658124794
|move|p1a: Zantedeschia|Earthquake|p2a: Pluto
|-damage|p2a: Pluto|117\/261
|move|p2a: Pluto|Rapid Spin|p1a: Zantedeschia
|-damage|p1a: Zantedeschia|92\/100
|-boost|p2a: Pluto|spe|1
|-sideend|p2: inkbug1|Sticky Web|[from] move: Rapid Spin|[of] p2a: Pluto
|
|upkeep
|turn|10
|
|t:|1658124812
|switch|p2a: Meduzi|Narcissopod, F|291\/291
|-start|p2a: Meduzi|typechange|Bug\/Water|[silent]
|raw|<ul class="utilichart"><li class="result"><span class="col pokemonnamecol" style="white-space: nowrap">Narcissopod<\/span> <span class="col typecol"><img src="https:\/\/dragonheaven.herokuapp.com\/sprites\/types\/Bug.png" alt="Bug" height="14" width="32"><img src="https:\/\/dragonheaven.herokuapp.com\/sprites\/types\/Water.png" alt="Water" height="14" width="32"><\/span> <span style="float: left ; min-height: 26px"><span class="col abilitycol">Disengage \/ Mirror Armor<\/span><span class="col abilitycol"><\/span><\/span><\/li><li style="clear: both"><\/li><\/ul>
|raw|<ul class="utilichart"><li class="result"><span style="float: left ; min-height: 26px"><span class="col statcol"><em>HP<\/em><br>75<\/span> <span class="col statcol"><em>Atk<\/em><br>60<\/span> <span class="col statcol"><em>Def<\/em><br>90<\/span> <span class="col statcol"><em>SpA<\/em><br>105<\/span> <span class="col statcol"><em>SpD<\/em><br>120<\/span> <span class="col statcol"><em>Spe<\/em><br>80<\/span> <\/span><\/li><li style="clear: both"><\/li><\/ul>
|-hint|Narcissopod was created by Violet!
|move|p1a: Zantedeschia|Earthquake|p2a: Meduzi
|-resisted|p2a: Meduzi
|-damage|p2a: Meduzi|177\/291
|
|upkeep
|turn|11
|c|☆H2OPulse|Oh right you hit pretty hard huh--
|c|☆H2OPulse|Narcissopod I mean
|c|☆H2OPulse|High SpA and Hydro Pump
|c|☆H2OPulse|I did almost stay in I'm used to AV--
|
|t:|1658124856
|switch|p1a: Senecio|Milotic, M|100\/100
|move|p2a: Meduzi|Scald|p1a: Senecio
|-resisted|p1a: Senecio
|-damage|p1a: Senecio|86\/100
|-status|p1a: Senecio|brn
|
|-heal|p1a: Senecio|92\/100 brn|[from] item: Leftovers
|-damage|p1a: Senecio|86\/100 brn|[from] brn
|upkeep
|turn|12
|c|☆inkbug1|since when have i put hydro on anything
|c|☆H2OPulse|Fair
|c|☆H2OPulse|but I wouldn't have wanted to take that either--
|
|t:|1658124879
|move|p2a: Meduzi|Pain Split|p1a: Senecio
|-sethp|p1a: Senecio|66\/100 brn|[from] move: Pain Split|[silent]
|-sethp|p2a: Meduzi|257\/291|[from] move: Pain Split
|move|p1a: Senecio|Mirror Coat||[still]
|-fail|p1a: Senecio
|
|-heal|p1a: Senecio|72\/100 brn|[from] item: Leftovers
|-damage|p1a: Senecio|66\/100 brn|[from] brn
|upkeep
|turn|13
|c|☆inkbug1|fair asdasd
|c|☆inkbug1|h m m 
|
|t:|1658124930
|switch|p2a: Mechawiggler|Centiskorch-Kanto, F|404\/404
|-start|p2a: Mechawiggler|typechange|Electric\/Poison|[silent]
|raw|<ul class="utilichart"><li class="result"><span class="col pokemonnamecol" style="white-space: nowrap">Centiskorch-Kanto<\/span> <span class="col typecol"><img src="https:\/\/dragonheaven.herokuapp.com\/sprites\/types\/Electric.png" alt="Electric" height="14" width="32"><img src="https:\/\/dragonheaven.herokuapp.com\/sprites\/types\/Poison.png" alt="Poison" height="14" width="32"><\/span> <span style="float: left ; min-height: 26px"><span class="col abilitycol">Lightning Rod \/ Battery \/ Static<\/span><span class="col abilitycol"><\/span><\/span><\/li><li style="clear: both"><\/li><\/ul>
|raw|<ul class="utilichart"><li class="result"><span style="float: left ; min-height: 26px"><span class="col statcol"><em>HP<\/em><br>100<\/span> <span class="col statcol"><em>Atk<\/em><br>115<\/span> <span class="col statcol"><em>Def<\/em><br>65<\/span> <span class="col statcol"><em>SpA<\/em><br>90<\/span> <span class="col statcol"><em>SpD<\/em><br>90<\/span> <span class="col statcol"><em>Spe<\/em><br>65<\/span> <\/span><\/li><li style="clear: both"><\/li><\/ul>
|-hint|Centiskorch-Kanto was created by quagsi!
|move|p1a: Senecio|Scald|p2a: Mechawiggler
|-damage|p2a: Mechawiggler|302\/404
|-status|p2a: Mechawiggler|brn
|
|-heal|p2a: Mechawiggler|327\/404 brn|[from] item: Black Sludge
|-heal|p1a: Senecio|72\/100 brn|[from] item: Leftovers
|-damage|p2a: Mechawiggler|302\/404 brn|[from] brn
|-damage|p1a: Senecio|66\/100 brn|[from] brn
|upkeep
|turn|14
|c|☆inkbug1|yea 
|c|☆H2OPulse|Ohhh oof
|
|t:|1658124973
|switch|p1a: Zantedeschia|Resurrectric, M|92\/100
|-start|p1a: Zantedeschia|typechange|Ground\/Electric|[silent]
|move|p2a: Mechawiggler|Coil|p2a: Mechawiggler
|-boost|p2a: Mechawiggler|atk|1
|-boost|p2a: Mechawiggler|def|1
|-boost|p2a: Mechawiggler|accuracy|1
|
|-heal|p2a: Mechawiggler|327\/404 brn|[from] item: Black Sludge
|-damage|p2a: Mechawiggler|302\/404 brn|[from] brn
|upkeep
|turn|15
|
|t:|1658125000
|switch|p2a: Hatsune Michu|Michu, F|211\/211
|-start|p2a: Hatsune Michu|typechange|Normal\/Fairy|[silent]
|raw|<ul class="utilichart"><li class="result"><span class="col pokemonnamecol" style="white-space: nowrap">Michu<\/span> <span class="col typecol"><img src="https:\/\/dragonheaven.herokuapp.com\/sprites\/types\/Normal.png" alt="Normal" height="14" width="32"><img src="https:\/\/dragonheaven.herokuapp.com\/sprites\/types\/Fairy.png" alt="Fairy" height="14" width="32"><\/span> <span style="float: left ; min-height: 26px"><span class="col abilitycol">Rattled<\/span><span class="col abilitycol"><\/span><\/span><\/li><li style="clear: both"><\/li><\/ul>
|raw|<ul class="utilichart"><li class="result"><span style="float: left ; min-height: 26px"><span class="col statcol"><em>HP<\/em><br>35<\/span> <span class="col statcol"><em>Atk<\/em><br>80<\/span> <span class="col statcol"><em>Def<\/em><br>60<\/span> <span class="col statcol"><em>SpA<\/em><br>30<\/span> <span class="col statcol"><em>SpD<\/em><br>95<\/span> <span class="col statcol"><em>Spe<\/em><br>101<\/span> <\/span><\/li><li style="clear: both"><\/li><\/ul>
|-hint|Michu was created by Hematite!
|move|p1a: Zantedeschia|Ice Beam|p2a: Hatsune Michu
|-damage|p2a: Hatsune Michu|160\/211
|
|upkeep
|turn|16
|c|☆H2OPulse|HER
|c|☆inkbug1|mghdjfkghd i thought about it too 
|
|t:|1658125024
|move|p2a: Hatsune Michu|Bulk Up|p2a: Hatsune Michu
|-boost|p2a: Hatsune Michu|atk|1
|-boost|p2a: Hatsune Michu|def|1
|move|p1a: Zantedeschia|Earthquake|p2a: Hatsune Michu
|-damage|p2a: Hatsune Michu|48\/211
|
|upkeep
|turn|17
|
|t:|1658125031
|move|p2a: Hatsune Michu|Drain Punch|p1a: Zantedeschia
|-damage|p1a: Zantedeschia|77\/100
|-heal|p2a: Hatsune Michu|75\/211|[from] drain|[of] p1a: Zantedeschia
|move|p1a: Zantedeschia|Discharge|p2a: Hatsune Michu
|-damage|p2a: Hatsune Michu|6\/211
|
|upkeep
|turn|18
|c|☆inkbug1|oh i see 
|c|☆inkbug1|hmmm
|c|☆H2OPulse|It's a little bit entertaining how often it feels like I'm just clicking random moves with Resurrectric
|c|☆H2OPulse|because I always expect a switch and don't want to commit to whatever is best for the thing in front of me but I also don't want to use the same thing twice--
|c|☆inkbug1|yeah fair asdahsdka
|c|☆inkbug1|i get it
|
|t:|1658125185
|switch|p2a: Mechawiggler|Centiskorch-Kanto, F|302\/404 brn
|-start|p2a: Mechawiggler|typechange|Electric\/Poison|[silent]
|move|p1a: Zantedeschia|Ice Beam|p2a: Mechawiggler
|-damage|p2a: Mechawiggler|208\/404 brn
|
|-heal|p2a: Mechawiggler|233\/404 brn|[from] item: Black Sludge
|-damage|p2a: Mechawiggler|208\/404 brn|[from] brn
|upkeep
|turn|19
|
|t:|1658125196
|move|p2a: Mechawiggler|Gunk Shot|p1a: Zantedeschia
|-resisted|p1a: Zantedeschia
|-damage|p1a: Zantedeschia|69\/100
|move|p1a: Zantedeschia|Earthquake|p2a: Mechawiggler
|-supereffective|p2a: Mechawiggler
|-damage|p2a: Mechawiggler|0 fnt
|faint|p2a: Mechawiggler
|
|upkeep
|
|t:|1658125203
|switch|p2a: Robin|Noivern-Variant, M|394\/394
|-start|p2a: Robin|typechange|Fighting\/Dragon|[silent]
|raw|<ul class="utilichart"><li class="result"><span class="col pokemonnamecol" style="white-space: nowrap">Noivern-Variant<\/span> <span class="col typecol"><img src="https:\/\/dragonheaven.herokuapp.com\/sprites\/types\/Fighting.png" alt="Fighting" height="14" width="32"><img src="https:\/\/dragonheaven.herokuapp.com\/sprites\/types\/Dragon.png" alt="Dragon" height="14" width="32"><\/span> <span style="float: left ; min-height: 26px"><span class="col abilitycol">Levitate<\/span><span class="col abilitycol"><\/span><\/span><\/li><li style="clear: both"><\/li><\/ul>
|raw|<ul class="utilichart"><li class="result"><span style="float: left ; min-height: 26px"><span class="col statcol"><em>HP<\/em><br>95<\/span> <span class="col statcol"><em>Atk<\/em><br>70<\/span> <span class="col statcol"><em>Def<\/em><br>80<\/span> <span class="col statcol"><em>SpA<\/em><br>97<\/span> <span class="col statcol"><em>SpD<\/em><br>80<\/span> <span class="col statcol"><em>Spe<\/em><br>113<\/span> <\/span><\/li><li style="clear: both"><\/li><\/ul>
|-hint|Noivern-Variant was created by Hematite!
|turn|20
|c|☆H2OPulse|Huh
|
|t:|1658125215
|move|p2a: Robin|Draco Meteor|p1a: Zantedeschia
|-damage|p1a: Zantedeschia|21\/100
|-unboost|p2a: Robin|spa|2
|-enditem|p2a: Robin|Eject Pack
|c|☆H2OPulse|HAHA
|
|t:|1658125219
|switch|p2a: Meduzi|Narcissopod, F|257\/291
|-start|p2a: Meduzi|typechange|Bug\/Water|[silent]
|move|p1a: Zantedeschia|Ice Beam|p2a: Meduzi
|-resisted|p2a: Meduzi
|-damage|p2a: Meduzi|218\/291
|
|upkeep
|turn|21
|c|☆H2OPulse|YESS
|c|☆H2OPulse|sorry--
|c|☆inkbug1|thats like
|c|☆inkbug1|not even good for what i wanted this set to do anymore but given how  little momentum this team has-
|c|☆H2OPulse|Ppfff
|c|☆inkbug1|see the 
|c|☆inkbug1|actually it could have made a difference here in theory but
|c|☆inkbug1|i had tailwind on noivern right
|c|☆H2OPulse|Right
|c|☆inkbug1|switch in batman with tailwind up outspeed the first half of phantom underspeed the second (bc tailwind lasts zero turns) 
|
|t:|1658125294
|switch|p1a: Senecio|Milotic, M|66\/100 brn
|move|p2a: Meduzi|Scald|p1a: Senecio
|-resisted|p1a: Senecio
|-damage|p1a: Senecio|51\/100 brn
|
|-heal|p1a: Senecio|57\/100 brn|[from] item: Leftovers
|-damage|p1a: Senecio|51\/100 brn|[from] brn
|upkeep
|turn|22
|c|☆H2OPulse|Oh my gosh that's hilarious
|
|t:|1658125310
|switch|p2a: Robin|Noivern-Variant, M|394\/394
|-start|p2a: Robin|typechange|Fighting\/Dragon|[silent]
|move|p1a: Senecio|Recover|p1a: Senecio
|-heal|p1a: Senecio|100\/100 brn
|
|-damage|p1a: Senecio|94\/100 brn|[from] brn
|upkeep
|turn|23
|
|t:|1658125320
|move|p2a: Robin|U-turn|p1a: Senecio
|-damage|p1a: Senecio|87\/100 brn
|
|t:|1658125323
|switch|p2a: Pluto|Playdol, M|117\/261
|-start|p2a: Pluto|typechange|Normal\/Ghost|[silent]
|move|p1a: Senecio|Mirror Coat||[still]
|-fail|p1a: Senecio
|
|-heal|p1a: Senecio|93\/100 brn|[from] item: Leftovers
|-damage|p1a: Senecio|87\/100 brn|[from] brn
|upkeep
|turn|24
|c|☆inkbug1|m
|
|t:|1658125400
|move|p2a: Pluto|Body Press|p1a: Senecio
|-damage|p1a: Senecio|72\/100 brn
|move|p1a: Senecio|Mirror Coat||[still]
|-fail|p1a: Senecio
|
|-heal|p1a: Senecio|78\/100 brn|[from] item: Leftovers
|-damage|p1a: Senecio|72\/100 brn|[from] brn
|upkeep
|turn|25
|c|☆H2OPulse|Fair I was rooting for Hex
|
|t:|1658125418
|move|p1a: Senecio|Recover|p1a: Senecio
|-heal|p1a: Senecio|100\/100 brn
|move|p2a: Pluto|Skill Swap|p1a: Senecio
|-activate|p2a: Pluto|move: Skill Swap|Competitive|Anticipation|[of] p1a: Senecio
|
|-damage|p1a: Senecio|94\/100 brn|[from] brn
|upkeep
|turn|26
|c|☆H2OPulse|Oh I'm. faster? Huh
|
|t:|1658125433
|move|p1a: Senecio|Scald|p2a: Pluto
|-damage|p2a: Pluto|27\/261
|-status|p2a: Pluto|brn
|-enditem|p2a: Pluto|Iapapa Berry|[eat]
|-heal|p2a: Pluto|113\/261 brn|[from] item: Iapapa Berry
|move|p2a: Pluto|Shadow Ball|p1a: Senecio
|-damage|p1a: Senecio|69\/100 brn
|
|-heal|p1a: Senecio|75\/100 brn|[from] item: Leftovers
|-damage|p1a: Senecio|69\/100 brn|[from] brn
|-damage|p2a: Pluto|97\/261 brn|[from] brn
|upkeep
|turn|27
|
|t:|1658125448
|move|p1a: Senecio|Scald|p2a: Pluto
|-damage|p2a: Pluto|10\/261 brn
|move|p2a: Pluto|Rapid Spin|p1a: Senecio
|-damage|p1a: Senecio|65\/100 brn
|-boost|p2a: Pluto|spe|1
|
|-heal|p1a: Senecio|72\/100 brn|[from] item: Leftovers
|-damage|p2a: Pluto|0 fnt|[from] brn
|faint|p2a: Pluto
|-damage|p1a: Senecio|65\/100 brn|[from] brn
|upkeep
|
|t:|1658125459
|switch|p2a: Meduzi|Narcissopod, F|218\/291
|-start|p2a: Meduzi|typechange|Bug\/Water|[silent]
|turn|28
|
|t:|1658125464
|move|p2a: Meduzi|First Impression|p1a: Senecio
|-damage|p1a: Senecio|49\/100 brn
|move|p1a: Senecio|Scald|p2a: Meduzi
|-resisted|p2a: Meduzi
|-damage|p2a: Meduzi|181\/291
|
|-heal|p1a: Senecio|56\/100 brn|[from] item: Leftovers
|-damage|p1a: Senecio|49\/100 brn|[from] brn
|upkeep
|turn|29
|
|t:|1658125479
|switch|p2a: Robin|Noivern-Variant, M|394\/394
|-start|p2a: Robin|typechange|Fighting\/Dragon|[silent]
|move|p1a: Senecio|Recover|p1a: Senecio
|-heal|p1a: Senecio|99\/100 brn
|
|-heal|p1a: Senecio|100\/100 brn|[from] item: Leftovers
|-damage|p1a: Senecio|94\/100 brn|[from] brn
|upkeep
|turn|30
|c|☆H2OPulse|This is an interesting matchup because in theory I want Senecio to wall Meduzi but what am I even gonna do back
|c|☆inkbug1|hmm
|c|☆inkbug1|i guess
|c|☆inkbug1|but tht goes both ways
|c|☆H2OPulse|Yeah
|c|☆H2OPulse|On like a Spikes set though I think Senecio would be free progress
|c|☆inkbug1|hmm
|c|☆inkbug1|free progress until i literally cant force him out thts happened before
|c|☆H2OPulse|Yeah fair,
|
|t:|1658125575
|switch|p2a: Hatsune Michu|Michu, F|6\/211
|-start|p2a: Hatsune Michu|typechange|Normal\/Fairy|[silent]
|move|p1a: Senecio|Ice Beam|p2a: Hatsune Michu
|-crit|p2a: Hatsune Michu
|-damage|p2a: Hatsune Michu|0 fnt
|faint|p2a: Hatsune Michu
|
|-heal|p1a: Senecio|100\/100 brn|[from] item: Leftovers
|-damage|p1a: Senecio|94\/100 brn|[from] brn
|upkeep
|c|☆H2OPulse|~~Crit might have mattered I'm sorry~~
|
|t:|1658125592
|switch|p2a: Batman|Escavalier-Variant, M|53\/344
|-start|p2a: Batman|typechange|Ghost|[silent]
|turn|31
|
|t:|1658125596
|move|p1a: Senecio|Scald|p2a: Batman
|-damage|p2a: Batman|0 fnt
|faint|p2a: Batman
|
|-heal|p1a: Senecio|100\/100 brn|[from] item: Leftovers
|-damage|p1a: Senecio|94\/100 brn|[from] brn
|upkeep
|c|☆inkbug1|i definitely need to try tht thing on a diff team
|
|t:|1658125623
|switch|p2a: Meduzi|Narcissopod, F|181\/291
|-start|p2a: Meduzi|typechange|Bug\/Water|[silent]
|turn|32
|c|☆H2OPulse|Rig ht
|
|t:|1658125633
|move|p2a: Meduzi|Bug Buzz|p1a: Senecio
|-damage|p1a: Senecio|61\/100 brn
|move|p1a: Senecio|Ice Beam|p2a: Meduzi
|-resisted|p2a: Meduzi
|-crit|p2a: Meduzi
|-damage|p2a: Meduzi|132\/291
|
|-heal|p1a: Senecio|67\/100 brn|[from] item: Leftovers
|-damage|p1a: Senecio|61\/100 brn|[from] brn
|upkeep
|turn|33
|c|☆H2OPulse|Please calm down
|
|t:|1658125663
|move|p2a: Meduzi|Pain Split|p1a: Senecio
|-sethp|p1a: Senecio|47\/100 brn|[from] move: Pain Split|[silent]
|-sethp|p2a: Meduzi|184\/291|[from] move: Pain Split
|move|p1a: Senecio|Ice Beam|p2a: Meduzi
|-resisted|p2a: Meduzi
|-damage|p2a: Meduzi|153\/291
|
|-heal|p1a: Senecio|53\/100 brn|[from] item: Leftovers
|-damage|p1a: Senecio|47\/100 brn|[from] brn
|upkeep
|turn|34
|
|t:|1658125698
|switch|p1a: Astera|Aleon, F|100\/100
|-start|p1a: Astera|typechange|Normal|[silent]
|move|p2a: Meduzi|Scald|p1a: Astera
|-damage|p1a: Astera|56\/100
|
|upkeep
|turn|35
|c|☆H2OPulse|Oh that like
|c|☆H2OPulse|stings actually
|
|t:|1658125737
|switch|p2a: Robin|Noivern-Variant, M|394\/394
|-start|p2a: Robin|typechange|Fighting\/Dragon|[silent]
|move|p1a: Astera|Volt Switch|p2a: Robin
|-damage|p2a: Robin|262\/394
|
|t:|1658125745
|switch|p1a: Senecio|Milotic, M|47\/100 brn|[from]move: Volt Switch
|
|-heal|p1a: Senecio|53\/100 brn|[from] item: Leftovers
|-damage|p1a: Senecio|47\/100 brn|[from] brn
|upkeep
|turn|36
|
|t:|1658125781
|move|p2a: Robin|Draco Meteor|p1a: Senecio
|-damage|p1a: Senecio|14\/100 brn
|-unboost|p2a: Robin|spa|2
|move|p1a: Senecio|Recover|p1a: Senecio
|-heal|p1a: Senecio|64\/100 brn
|
|-heal|p1a: Senecio|70\/100 brn|[from] item: Leftovers
|-damage|p1a: Senecio|64\/100 brn|[from] brn
|upkeep
|turn|37
|j|+ASnomPlaysShowdown
|c|+ASnomPlaysShowdown|hi
|
|t:|1658125793
|move|p2a: Robin|U-turn|p1a: Senecio
|-damage|p1a: Senecio|56\/100 brn
|c|☆H2OPulse|Hi
|c|☆inkbug1|i rlly wish u had not managed to switch out and back in again
|c|☆inkbug1|bc i had a strat and now i dont
|
|t:|1658125815
|switch|p2a: Meduzi|Narcissopod, F|153\/291
|-start|p2a: Meduzi|typechange|Bug\/Water|[silent]
|move|p1a: Senecio|Ice Beam|p2a: Meduzi
|-resisted|p2a: Meduzi
|-damage|p2a: Meduzi|122\/291
|
|-heal|p1a: Senecio|62\/100 brn|[from] item: Leftovers
|-damage|p1a: Senecio|56\/100 brn|[from] brn
|upkeep
|turn|38
|c|☆H2OPulse|OH that was why you stole Competitive
|c|☆H2OPulse|I see
|
|t:|1658125825
|move|p2a: Meduzi|Pain Split|p1a: Senecio
|-sethp|p1a: Senecio|44\/100 brn|[from] move: Pain Split|[silent]
|-sethp|p2a: Meduzi|171\/291|[from] move: Pain Split
|move|p1a: Senecio|Scald|p2a: Meduzi
|-resisted|p2a: Meduzi
|-damage|p2a: Meduzi|134\/291
|
|-heal|p1a: Senecio|50\/100 brn|[from] item: Leftovers
|-damage|p1a: Senecio|44\/100 brn|[from] brn
|upkeep
|turn|39
|c|☆inkbug1|now its just
|c|☆inkbug1|not safe
|c|☆inkbug1|to do damage
|c|☆H2OPulse|Man,,
|
|t:|1658125858
|move|p2a: Meduzi|Bug Buzz|p1a: Senecio
|-damage|p1a: Senecio|12\/100 brn
|move|p1a: Senecio|Scald|p2a: Meduzi
|-resisted|p2a: Meduzi
|-damage|p2a: Meduzi|91\/291
|
|-heal|p1a: Senecio|18\/100 brn|[from] item: Leftovers
|-damage|p1a: Senecio|12\/100 brn|[from] brn
|upkeep
|turn|40
|c|☆H2OPulse|Oh that does a lot though
|c|☆inkbug1|unless i stop being a coward 
|
|t:|1658125878
|switch|p1a: Touch-Me-Not|Reuniclus-Neural, M|100\/100
|-start|p1a: Touch-Me-Not|typechange|Fighting|[silent]
|raw|<ul class="utilichart"><li class="result"><span class="col pokemonnamecol" style="white-space: nowrap">Reuniclus-Neural<\/span> <span class="col typecol"><img src="https:\/\/dragonheaven.herokuapp.com\/sprites\/types\/Fighting.png" alt="Fighting" height="14" width="32"><\/span> <span style="float: left ; min-height: 26px"><span class="col abilitycol">Overcoat \/ Electric Surge \/ Regenerator<\/span><span class="col abilitycol"><\/span><\/span><\/li><li style="clear: both"><\/li><\/ul>
|raw|<ul class="utilichart"><li class="result"><span style="float: left ; min-height: 26px"><span class="col statcol"><em>HP<\/em><br>110<\/span> <span class="col statcol"><em>Atk<\/em><br>125<\/span> <span class="col statcol"><em>Def<\/em><br>65<\/span> <span class="col statcol"><em>SpA<\/em><br>65<\/span> <span class="col statcol"><em>SpD<\/em><br>85<\/span> <span class="col statcol"><em>Spe<\/em><br>40<\/span> <\/span><\/li><li style="clear: both"><\/li><\/ul>
|-hint|Reuniclus-Neural was created by ausma!
|-fieldstart|move: Electric Terrain|[from] ability: Electric Surge|[of] p1a: Touch-Me-Not
|move|p2a: Meduzi|Bug Buzz|p1a: Touch-Me-Not
|-resisted|p1a: Touch-Me-Not
|-damage|p1a: Touch-Me-Not|83\/100
|-unboost|p1a: Touch-Me-Not|spd|1
|
|upkeep
|turn|41
|
|t:|1658125893
|move|p2a: Meduzi|Pain Split|p1a: Touch-Me-Not
|-sethp|p1a: Touch-Me-Not|54\/100|[from] move: Pain Split|[silent]
|-sethp|p2a: Meduzi|194\/291|[from] move: Pain Split
|move|p1a: Touch-Me-Not|Drain Punch|p2a: Meduzi
|-resisted|p2a: Meduzi
|-damage|p2a: Meduzi|132\/291
|-heal|p1a: Touch-Me-Not|63\/100|[from] drain|[of] p2a: Meduzi
|
|upkeep
|turn|42
|
|t:|1658125901
|move|p2a: Meduzi|Scald|p1a: Touch-Me-Not
|-damage|p1a: Touch-Me-Not|14\/100
|-status|p1a: Touch-Me-Not|brn
|move|p1a: Touch-Me-Not|Axon Rush||[still]
|-anim|p1a: Touch-Me-Not|Acupressure|p1a: Touch-Me-Not
|-boost|p1a: Touch-Me-Not|atk|1
|-boost|p1a: Touch-Me-Not|def|1
|-boost|p1a: Touch-Me-Not|spe|1
|
|-damage|p1a: Touch-Me-Not|7\/100 brn|[from] brn
|upkeep
|turn|43
|c|☆inkbug1|oh my god stop beiong so good at burns 
|c|☆H2OPulse|Kshdjfkf
|c|☆inkbug1|why are u like 2 for 3
|c|☆H2OPulse|I mean that's what Scald is __for--__
|c|☆H2OPulse|but hm I did not play well around this I was kind of feeling bad for using Recover so much on Senecio and I think I should not have,,
|c|☆inkbug1|yeah this thing kinda hits like a truck ?? idk why im surprised
|c|☆inkbug1|actually i have an idea for an edit (a couple general ones for the team) ill do tht next 
|
|t:|1658126036
|move|p1a: Touch-Me-Not|Steel Roller|p2a: Meduzi
|-resisted|p2a: Meduzi
|-damage|p2a: Meduzi|81\/291
|-fieldend|move: Electric Terrain
|move|p2a: Meduzi|Scald|p1a: Touch-Me-Not
|-damage|p1a: Touch-Me-Not|0 fnt
|faint|p1a: Touch-Me-Not
|
|upkeep
|
|t:|1658126044
|switch|p1a: Astera|Aleon, F|56\/100
|-start|p1a: Astera|typechange|Normal|[silent]
|turn|44
|c|☆inkbug1|oh my fdos tht did 
|c|☆inkbug1|why did that do less than dp 
|c|☆inkbug1|im ? confsued ?? 
|
|t:|1658126073
|move|p1a: Astera|Scald|p2a: Meduzi
|-damage|p2a: Meduzi|0 fnt
|faint|p2a: Meduzi
|
|upkeep
|
|t:|1658126077
|switch|p2a: Robin|Noivern-Variant, M|262\/394
|-start|p2a: Robin|typechange|Fighting\/Dragon|[silent]
|turn|45
|c|☆H2OPulse|(it did less because I was at +1 but burned, which is 0.75x!)
|c|☆inkbug1|oh the burn 
|c|☆inkbug1|right
|c|☆inkbug1|i forgot tht wasnt there
|
|t:|1658126112
|move|p2a: Robin|Vacuum Wave|p1a: Astera
|-supereffective|p1a: Astera
|-damage|p1a: Astera|23\/100
|move|p1a: Astera|Scald|p2a: Robin
|-damage|p2a: Robin|105\/394
|-status|p2a: Robin|brn
|
|-damage|p2a: Robin|81\/394 brn|[from] brn
|upkeep
|turn|46
|
|t:|1658126128
|switch|p1a: Snakecotton|Orbeetle-Variant, M|100\/100
|-start|p1a: Snakecotton|typechange|Bug\/Electric|[silent]
|move|p2a: Robin|Vacuum Wave|p1a: Snakecotton
|-resisted|p1a: Snakecotton
|-damage|p1a: Snakecotton|92\/100
|
|-damage|p2a: Robin|57\/394 brn|[from] brn
|upkeep
|turn|47
|
|t:|1658126135
|move|p2a: Robin|Draco Meteor|p1a: Snakecotton
|-damage|p1a: Snakecotton|35\/100
|-unboost|p2a: Robin|spa|2
|move|p1a: Snakecotton|Recover|p1a: Snakecotton
|-heal|p1a: Snakecotton|85\/100
|
|-damage|p2a: Robin|33\/394 brn|[from] brn
|upkeep
|turn|48
|
|t:|1658126143
|move|p2a: Robin|Draco Meteor|p1a: Snakecotton
|-damage|p1a: Snakecotton|55\/100
|-unboost|p2a: Robin|spa|2
|move|p1a: Snakecotton|Bug Buzz|p2a: Robin
|-resisted|p2a: Robin
|-damage|p2a: Robin|0 fnt
|faint|p2a: Robin
|
|win|H2OPulse
|c|☆inkbug1|ok i have something rlly fun to try 
|c|☆H2OPulse|Good game!! O:
|c|☆H2OPulse|Oh hype
|c|☆inkbug1|gimme ksut a min</script>
</div>
<div class="battle-log battle-log-inline"><div class="inner"><div class="battle-options"><div style="padding-top: 3px; padding-right: 3px; text-align: right"><button class="icon button" name="openBattleOptions" title="Options">Battle Options</button></div></div><div class="inner message-log"><div class="chat"><small>☆H2OPulse and ☆inkbug1 joined</small></div><div class=""><small>Format:</small> <br><strong>[Gen 8] Evolution Project</strong></div><div class=""><small><em>HP Percentage Mod:</em> HP is shown in percentages</small></div><div class=""><small><em>Endless Battle Clause:</em> Forcing endless battles is banned</small></div><div class=""><small><em>OHKO Clause:</em> OHKO moves are banned</small></div><div class=""><small><em>Evasion Moves Clause:</em> Evasion moves are banned</small></div><div class=""><small><em>Species Clause:</em> Limit one of each Pokémon</small></div><div class=""><small><em>Dynamax Clause:</em> You cannot dynamax</small></div><div class=""><small><em>Sleep Clause Mod:</em> Limit one foe put to sleep</small></div><div class=""><small><em>Z-Move Clause:</em> Type-based Z-Moves are banned</small></div><div class="chat battle-history"><strong>H2OPulse's team:</strong> <em style="color:#445566;display:block;">Reuniclus-Neural / Orbeetle-Variant / Resurrectric / Milotic / Togekiss-Unidentified / Aleon</em></div><div class="chat battle-history"><strong>inkbug1's team:</strong> <em style="color:#445566;display:block;">Narcissopod / Centiskorch-Kanto / Escavalier-Variant / Noivern-Variant / Playdol / Michu</em></div><div class="chat chatmessage-inkbug1 mine"><strong style="color:#e46e0f"><small>☆</small><span class="username" data-name="inkbug1">inkbug1</span>:</strong> <em>owo </em></div><div class="chat chatmessage-h2opulse"><strong style="color:#6e8c2b"><small>☆</small><span class="username" data-name="H2OPulse">H2OPulse</span>:</strong> <em>Hi!! Good luck and have fun O:</em></div><div class="chat chatmessage-inkbug1 mine"><strong style="color:#e46e0f"><small>☆</small><span class="username" data-name="inkbug1">inkbug1</span>:</strong> <em>oh i shoudl probably try with a team i know a bit better actually but im still curious to see </em></div><div class="chat chatmessage-h2opulse"><strong style="color:#6e8c2b"><small>☆</small><span class="username" data-name="H2OPulse">H2OPulse</span>:</strong> <em>Oh uh! Also as annn experiment I guess</em></div><div class="chat chatmessage-h2opulse"><strong style="color:#6e8c2b"><small>☆</small><span class="username" data-name="H2OPulse">H2OPulse</span>:</strong> <em>this Resurrectric is kinda/sorta post-nerf?</em></div><div class="chat chatmessage-h2opulse"><strong style="color:#6e8c2b"><small>☆</small><span class="username" data-name="H2OPulse">H2OPulse</span>:</strong> <em>No Volt Switch but also I messed with its stats to replicate its post-nerf stats</em></div><div class="chat chatmessage-inkbug1 mine"><strong style="color:#e46e0f"><small>☆</small><span class="username" data-name="inkbug1">inkbug1</span>:</strong> <em>ah ! fair</em></div><div class="chat chatmessage-h2opulse"><strong style="color:#6e8c2b"><small>☆</small><span class="username" data-name="H2OPulse">H2OPulse</span>:</strong> <em>Curious to see</em></div><div class="chat chatmessage-h2opulse"><strong style="color:#6e8c2b"><small>☆</small><span class="username" data-name="H2OPulse">H2OPulse</span>:</strong> <em>how it goes O:</em></div><div class="spacer battle-history"><br></div><div class="battle-history">Battle started between H2OPulse and inkbug1!<br></div><div class="spacer battle-history"><br></div><div class="battle-history">H2OPulse sent out Snakecotton (<strong>Orbeetle-Variant</strong>)!<br></div><div class="spacer battle-history"><br></div><div class="battle-history">Go! Batman (<strong>Escavalier-Variant</strong>)!<br></div><div class="chat"><ul class="utilichart"><li class="result"><span class="col pokemonnamecol" style="white-space: nowrap">Orbeetle-Variant</span> <span class="col typecol"><img src="https://dragonheaven.herokuapp.com/sprites/types/Bug.png" alt="Bug" height="14" width="32"><img src="https://dragonheaven.herokuapp.com/sprites/types/Electric.png" alt="Electric" height="14" width="32"></span> <span style="float: left ; min-height: 26px"><span class="col abilitycol">Swarm / Frisk / Cotton Down</span><span class="col abilitycol"></span></span></li><li style="clear: both"></li></ul></div><div class="chat"><ul class="utilichart"><li class="result"><span style="float: left ; min-height: 26px"><span class="col statcol"><em>HP</em><br>60</span> <span class="col statcol"><em>Atk</em><br>45</span> <span class="col statcol"><em>Def</em><br>110</span> <span class="col statcol"><em>SpA</em><br>120</span> <span class="col statcol"><em>SpD</em><br>80</span> <span class="col statcol"><em>Spe</em><br>90</span> </span></li><li style="clear: both"></li></ul></div><div class="battle-history"><small>(Orbeetle-Variant was created by Magmajudis!)</small><br></div><div class="battle-history">[The opposing Snakecotton's Frisk]<br><small>The opposing Snakecotton frisked Batman and found its Leftovers!</small><br></div><div class="chat"><ul class="utilichart"><li class="result"><span class="col pokemonnamecol" style="white-space: nowrap">Escavalier-Variant</span> <span class="col typecol"><img src="https://dragonheaven.herokuapp.com/sprites/types/Ghost.png" alt="Ghost" height="14" width="32"></span> <span style="float: left ; min-height: 26px"><span class="col abilitycol">Shed Skin / Chain Link / Overcoat</span><span class="col abilitycol"></span></span></li><li style="clear: both"></li></ul></div><div class="chat"><ul class="utilichart"><li class="result"><span style="float: left ; min-height: 26px"><span class="col statcol"><em>HP</em><br>70</span> <span class="col statcol"><em>Atk</em><br>135</span> <span class="col statcol"><em>Def</em><br>105</span> <span class="col statcol"><em>SpA</em><br>60</span> <span class="col statcol"><em>SpD</em><br>105</span> <span class="col statcol"><em>Spe</em><br>20</span> </span></li><li style="clear: both"></li></ul></div><div class="battle-history"><small>(Escavalier-Variant was created by BlueRay!)</small><br></div><div class="spacer battle-history"><br></div><h2 class="battle-history">Turn 1</h2><div class="chat chatmessage-inkbug1 mine"><strong style="color:#e46e0f"><small>☆</small><span class="username" data-name="inkbug1">inkbug1</span>:</strong> <em>im curiosu to see how no volt switch plays in general tbh stats aside</em></div><div class="chat chatmessage-h2opulse"><strong style="color:#6e8c2b"><small>☆</small><span class="username" data-name="H2OPulse">H2OPulse</span>:</strong> <em>Rig ht</em></div><div class="spacer battle-history"><br></div><div class="battle-history">The opposing Snakecotton used <strong>Sticky Web</strong>!<br></div><div class="battle-history"><small>A sticky web has been laid out on the ground around your team!</small><br></div><div class="spacer battle-history"><br></div><div class="battle-history">Batman used <strong>Phantom Force</strong>!<br></div><div class="battle-history">Batman vanished instantly!<br></div><div class="spacer battle-history"><br></div><h2 class="battle-history">Turn 2</h2><div class="spacer battle-history"><br></div><div class="battle-history">H2OPulse withdrew Snakecotton!<br></div><div class="battle-history">H2OPulse sent out Astera (<strong>Aleon</strong>)!<br></div><div class="chat"><ul class="utilichart"><li class="result"><span class="col pokemonnamecol" style="white-space: nowrap">Aleon</span> <span class="col typecol"><img src="https://dragonheaven.herokuapp.com/sprites/types/Normal.png" alt="Normal" height="14" width="32"></span> <span style="float: left ; min-height: 26px"><span class="col abilitycol">Adaptability / Normalize / Beast Boost</span><span class="col abilitycol"></span></span></li><li style="clear: both"></li></ul></div><div class="chat"><ul class="utilichart"><li class="result"><span style="float: left ; min-height: 26px"><span class="col statcol"><em>HP</em><br>103</span> <span class="col statcol"><em>Atk</em><br>79</span> <span class="col statcol"><em>Def</em><br>53</span> <span class="col statcol"><em>SpA</em><br>89</span> <span class="col statcol"><em>SpD</em><br>67</span> <span class="col statcol"><em>Spe</em><br>134</span> </span></li><li style="clear: both"></li></ul></div><div class="battle-history"><small>(Aleon was created by inkbug!)</small><br></div><div class="spacer battle-history"><br></div><div class="battle-history">Batman used <strong>Phantom Force</strong>!<br></div><div class="battle-history"><small>It doesn't affect the opposing Astera...</small><br></div><div class="spacer battle-history"><br></div><h2 class="battle-history">Turn 3</h2><div class="chat chatmessage-h2opulse"><strong style="color:#6e8c2b"><small>☆</small><span class="username" data-name="H2OPulse">H2OPulse</span>:</strong> <em>Oh the teambuilder is being weird I want to see something</em></div><div class="chat chatmessage-h2opulse"><strong style="color:#6e8c2b"><small>☆</small><span class="username" data-name="H2OPulse">H2OPulse</span>:</strong> <em>Er</em></div><div class="chat chatmessage-h2opulse"><strong style="color:#6e8c2b"><small>☆</small><span class="username" data-name="H2OPulse">H2OPulse</span>:</strong> <em>UI</em></div><div class="chat chatmessage-inkbug1 mine"><strong style="color:#e46e0f"><small>☆</small><span class="username" data-name="inkbug1">inkbug1</span>:</strong> <em>hm</em></div><div class="spacer battle-history"><br></div><div class="battle-history">The opposing Astera used <strong>Hidden Power</strong>!<br></div><div class="battle-history"><small>It's super effective!</small><br></div><div class="battle-history"><small>(Batman lost <abbr title="−82/344">23.8%</abbr> of its health!)</small><br></div><div class="spacer battle-history"><br></div><div class="battle-history">Batman used <strong>Swords Dance</strong>!<br></div><div class="battle-history"><small>Batman's Attack rose sharply!</small><br></div><div class="spacer battle-history"><br></div><div class="battle-history"><small>Batman restored a little HP using its Leftovers!</small><br></div><div class="spacer battle-history"><br></div><h2 class="battle-history">Turn 4</h2><div class="chat chatmessage-h2opulse"><strong style="color:#6e8c2b"><small>☆</small><span class="username" data-name="H2OPulse">H2OPulse</span>:</strong> <em>Phew okay</em></div><div class="chat chatmessage-inkbug1 mine"><strong style="color:#e46e0f"><small>☆</small><span class="username" data-name="inkbug1">inkbug1</span>:</strong> <em>asdads </em></div><div class="chat chatmessage-inkbug1 mine"><strong style="color:#e46e0f"><small>☆</small><span class="username" data-name="inkbug1">inkbug1</span>:</strong> <em>yea i remember tht being wonky</em></div><div class="chat chatmessage-h2opulse"><strong style="color:#6e8c2b"><small>☆</small><span class="username" data-name="H2OPulse">H2OPulse</span>:</strong> <em>Sorry it was</em></div><div class="chat chatmessage-h2opulse"><strong style="color:#6e8c2b"><small>☆</small><span class="username" data-name="H2OPulse">H2OPulse</span>:</strong> <em>saying it was affected by Normalize and Silk Scarf--</em></div><div class="chat chatmessage-inkbug1 mine"><strong style="color:#e46e0f"><small>☆</small><span class="username" data-name="inkbug1">inkbug1</span>:</strong> <em>asdfadsa</em></div><div class="chat chatmessage-h2opulse"><strong style="color:#6e8c2b"><small>☆</small><span class="username" data-name="H2OPulse">H2OPulse</span>:</strong> <em>um! okay but this is bad</em></div><div class="spacer battle-history"><br></div><div class="battle-history">H2OPulse withdrew Astera!<br></div><div class="battle-history">H2OPulse sent out Pilea Pepero (<strong>Togekiss-Unidentified</strong>)!<br></div><div class="chat"><ul class="utilichart"><li class="result"><span class="col pokemonnamecol" style="white-space: nowrap">Togekiss-Unidentified</span> <span class="col typecol"><img src="https://dragonheaven.herokuapp.com/sprites/types/Steel.png" alt="Steel" height="14" width="32"><img src="https://dragonheaven.herokuapp.com/sprites/types/Flying.png" alt="Flying" height="14" width="32"></span> <span style="float: left ; min-height: 26px"><span class="col abilitycol">Hustle / Light Metal / Super Luck</span><span class="col abilitycol"></span></span></li><li style="clear: both"></li></ul></div><div class="chat"><ul class="utilichart"><li class="result"><span style="float: left ; min-height: 26px"><span class="col statcol"><em>HP</em><br>85</span> <span class="col statcol"><em>Atk</em><br>120</span> <span class="col statcol"><em>Def</em><br>95</span> <span class="col statcol"><em>SpA</em><br>60</span> <span class="col statcol"><em>SpD</em><br>95</span> <span class="col statcol"><em>Spe</em><br>90</span> </span></li><li style="clear: both"></li></ul></div><div class="battle-history"><small>(Togekiss-Unidentified was created by quagsi!)</small><br></div><div class="spacer battle-history"><br></div><div class="battle-history">Batman used <strong>Iron Head</strong>!<br></div><div class="battle-history"><small>It's not very effective...</small><br></div><div class="battle-history"><small>(The opposing Pilea Pepero lost 29% of its health!)</small><br></div><div class="spacer battle-history"><br></div><div class="battle-history"><small>The opposing Pilea Pepero restored a little HP using its Leftovers!</small><br></div><div class="battle-history"><small>Batman restored a little HP using its Leftovers!</small><br></div><div class="spacer battle-history"><br></div><h2 class="battle-history">Turn 5</h2><div class="spacer battle-history"><br></div><div class="battle-history">The opposing Pilea Pepero used <strong>Smart Strike</strong>!<br></div><div class="battle-history"><small>(Batman lost <abbr title="−199/344">57.8%</abbr> of its health!)</small><br></div><div class="spacer battle-history"><br></div><div class="battle-history">Batman used <strong>Counter</strong>!<br></div><div class="battle-history"><small>(The opposing Pilea Pepero lost 77% of its health!)</small><br></div><div class="spacer battle-history"><br></div><div class="battle-history">The opposing Pilea Pepero fainted!<br></div><div class="spacer battle-history"><br></div><div class="battle-history"><small>Batman restored a little HP using its Leftovers!</small><br></div><div class="chat chatmessage-h2opulse"><strong style="color:#6e8c2b"><small>☆</small><span class="username" data-name="H2OPulse">H2OPulse</span>:</strong> <em>HAHA</em></div><div class="chat chatmessage-h2opulse"><strong style="color:#6e8c2b"><small>☆</small><span class="username" data-name="H2OPulse">H2OPulse</span>:</strong> <em>I SEE</em></div><div class="spacer battle-history"><br></div><div class="battle-history">H2OPulse sent out Zantedeschia (<strong>Resurrectric</strong>)!<br></div><div class="chat"><ul class="utilichart"><li class="result"><span class="col pokemonnamecol" style="white-space: nowrap">Resurrectric</span> <span class="col typecol"><img src="https://dragonheaven.herokuapp.com/sprites/types/Ground.png" alt="Ground" height="14" width="32"><img src="https://dragonheaven.herokuapp.com/sprites/types/Electric.png" alt="Electric" height="14" width="32"></span> <span style="float: left ; min-height: 26px"><span class="col abilitycol">Inner Focus / Lightning Rod / Battle Armor</span><span class="col abilitycol"></span></span></li><li style="clear: both"></li></ul></div><div class="chat"><ul class="utilichart"><li class="result"><span style="float: left ; min-height: 26px"><span class="col statcol"><em>HP</em><br>80</span> <span class="col statcol"><em>Atk</em><br>60</span> <span class="col statcol"><em>Def</em><br>130</span> <span class="col statcol"><em>SpA</em><br>125</span> <span class="col statcol"><em>SpD</em><br>80</span> <span class="col statcol"><em>Spe</em><br>45</span> </span></li><li style="clear: both"></li></ul></div><div class="battle-history"><small>(Resurrectric was created by Hematite!)</small><br></div><div class="spacer battle-history"><br></div><h2 class="battle-history">Turn 6</h2><div class="chat chatmessage-inkbug1 mine"><strong style="color:#e46e0f"><small>☆</small><span class="username" data-name="inkbug1">inkbug1</span>:</strong> <em>i kinda love how threatening this is w phantom force like thats *literally* its only physical ghost move but </em></div><div class="chat chatmessage-h2opulse"><strong style="color:#6e8c2b"><small>☆</small><span class="username" data-name="H2OPulse">H2OPulse</span>:</strong> <em>Y e s</em></div><div class="chat chatmessage-inkbug1 mine"><strong style="color:#e46e0f"><small>☆</small><span class="username" data-name="inkbug1">inkbug1</span>:</strong> <em>like </em></div><div class="chat chatmessage-inkbug1 mine"><strong style="color:#e46e0f"><small>☆</small><span class="username" data-name="inkbug1">inkbug1</span>:</strong> <em>it feels like it shouldnt b that threatening given how many normals we have (and ig if u had playdol or something it wouldnt b a problem) but </em></div><div class="chat chatmessage-inkbug1 mine"><strong style="color:#e46e0f"><small>☆</small><span class="username" data-name="inkbug1">inkbug1</span>:</strong> <em>its jsut rlly funny</em></div><div class="chat chatmessage-h2opulse"><strong style="color:#6e8c2b"><small>☆</small><span class="username" data-name="H2OPulse">H2OPulse</span>:</strong> <em>oh ha my Attack after Thick Club and my HP are the same that's cute</em></div><div class="chat chatmessage-h2opulse"><strong style="color:#6e8c2b"><small>☆</small><span class="username" data-name="H2OPulse">H2OPulse</span>:</strong> <em>Ri ght</em></div><div class="chat chatmessage-inkbug1 mine"><strong style="color:#e46e0f"><small>☆</small><span class="username" data-name="inkbug1">inkbug1</span>:</strong> <em>omg</em></div><div class="chat chatmessage-h2opulse"><strong style="color:#6e8c2b"><small>☆</small><span class="username" data-name="H2OPulse">H2OPulse</span>:</strong> <em>Like I sent in Aleon to resist but then I just gave you a free turn--</em></div><div class="chat chatmessage-inkbug1 mine"><strong style="color:#e46e0f"><small>☆</small><span class="username" data-name="inkbug1">inkbug1</span>:</strong> <em>i have no idea what i live though mhdfjh hard to have an idea of that abt somethign u havent used much</em></div><div class="spacer battle-history"><br></div><div class="battle-history">The opposing Zantedeschia used <strong>Discharge</strong>!<br></div><div class="battle-history"><small>(Batman lost <abbr title="−115/344">33.4%</abbr> of its health!)</small><br></div><div class="spacer battle-history"><br></div><div class="battle-history">Batman used <strong>Phantom Force</strong>!<br></div><div class="battle-history">Batman vanished instantly!<br></div><div class="spacer battle-history"><br></div><div class="battle-history"><small>Batman restored a little HP using its Leftovers!</small><br></div><div class="spacer battle-history"><br></div><h2 class="battle-history">Turn 7</h2><div class="chat chatmessage-inkbug1 mine"><strong style="color:#e46e0f"><small>☆</small><span class="username" data-name="inkbug1">inkbug1</span>:</strong> <em>wheeze</em></div><div class="chat chatmessage-h2opulse"><strong style="color:#6e8c2b"><small>☆</small><span class="username" data-name="H2OPulse">H2OPulse</span>:</strong> <em>Should've been braver--</em></div><div class="chat chatmessage-h2opulse"><strong style="color:#6e8c2b"><small>☆</small><span class="username" data-name="H2OPulse">H2OPulse</span>:</strong> <em>if I used Earthquake I am sure I would have KOed but you had a Ground immunity asff</em></div><div class="chat chatmessage-inkbug1 mine"><strong style="color:#e46e0f"><small>☆</small><span class="username" data-name="inkbug1">inkbug1</span>:</strong> <em>ohh right fair</em></div><div class="spacer battle-history"><br></div><div class="battle-history">H2OPulse withdrew Zantedeschia!<br></div><div class="battle-history">H2OPulse sent out Astera (<strong>Aleon</strong>)!<br></div><div class="spacer battle-history"><br></div><div class="battle-history">Batman used <strong>Phantom Force</strong>!<br></div><div class="battle-history"><small>It doesn't affect the opposing Astera...</small><br></div><div class="spacer battle-history"><br></div><div class="battle-history"><small>Batman restored a little HP using its Leftovers!</small><br></div><div class="spacer battle-history"><br></div><h2 class="battle-history">Turn 8</h2><div class="chat chatmessage-inkbug1 mine"><strong style="color:#e46e0f"><small>☆</small><span class="username" data-name="inkbug1">inkbug1</span>:</strong> <em>i need to stop having playdol on this team idk why i put it there it like does its job but every time i consider switching it in i hate the idea </em></div><div class="chat chatmessage-h2opulse"><strong style="color:#6e8c2b"><small>☆</small><span class="username" data-name="H2OPulse">H2OPulse</span>:</strong> <em>Oof fair</em></div><div class="spacer battle-history"><br></div><div class="battle-history">H2OPulse withdrew Astera!<br></div><div class="battle-history">H2OPulse sent out Zantedeschia (<strong>Resurrectric</strong>)!<br></div><div class="spacer battle-history"><br></div><div class="battle-history">Batman, come back!<br></div><div class="battle-history">Go! Pluto (<strong>Playdol</strong>)!<br></div><div class="chat"><ul class="utilichart"><li class="result"><span class="col pokemonnamecol" style="white-space: nowrap">Playdol</span> <span class="col typecol"><img src="https://dragonheaven.herokuapp.com/sprites/types/Normal.png" alt="Normal" height="14" width="32"><img src="https://dragonheaven.herokuapp.com/sprites/types/Ghost.png" alt="Ghost" height="14" width="32"></span> <span style="float: left ; min-height: 26px"><span class="col abilitycol">Telepathy / Anticipation</span><span class="col abilitycol"></span></span></li><li style="clear: both"></li></ul></div><div class="chat"><ul class="utilichart"><li class="result"><span style="float: left ; min-height: 26px"><span class="col statcol"><em>HP</em><br>60</span> <span class="col statcol"><em>Atk</em><br>85</span> <span class="col statcol"><em>Def</em><br>90</span> <span class="col statcol"><em>SpA</em><br>85</span> <span class="col statcol"><em>SpD</em><br>105</span> <span class="col statcol"><em>Spe</em><br>75</span> </span></li><li style="clear: both"></li></ul></div><div class="battle-history"><small>(Playdol was created by Violet!)</small><br></div><div class="battle-history"><small>Pluto was caught in a sticky web!</small><br></div><div class="battle-history"><small>Pluto's Speed fell!</small><br></div><div class="spacer battle-history"><br></div><h2 class="battle-history">Turn 9</h2><div class="spacer battle-history"><br></div><div class="battle-history">The opposing Zantedeschia used <strong>Earthquake</strong>!<br></div><div class="battle-history"><small>(Pluto lost <abbr title="−144/261">55.2%</abbr> of its health!)</small><br></div><div class="spacer battle-history"><br></div><div class="battle-history">Pluto used <strong>Rapid Spin</strong>!<br></div><div class="battle-history"><small>(The opposing Zantedeschia lost 8% of its health!)</small><br></div><div class="battle-history"><small>Pluto's Speed rose!</small><br></div><div class="battle-history"><small>The sticky web has disappeared from the ground around your team!</small><br></div><div class="spacer battle-history"><br></div><h2 class="battle-history">Turn 10</h2><div class="spacer battle-history"><br></div><div class="battle-history">Pluto, come back!<br></div><div class="battle-history">Go! Meduzi (<strong>Narcissopod</strong>)!<br></div><div class="chat"><ul class="utilichart"><li class="result"><span class="col pokemonnamecol" style="white-space: nowrap">Narcissopod</span> <span class="col typecol"><img src="https://dragonheaven.herokuapp.com/sprites/types/Bug.png" alt="Bug" height="14" width="32"><img src="https://dragonheaven.herokuapp.com/sprites/types/Water.png" alt="Water" height="14" width="32"></span> <span style="float: left ; min-height: 26px"><span class="col abilitycol">Disengage / Mirror Armor</span><span class="col abilitycol"></span></span></li><li style="clear: both"></li></ul></div><div class="chat"><ul class="utilichart"><li class="result"><span style="float: left ; min-height: 26px"><span class="col statcol"><em>HP</em><br>75</span> <span class="col statcol"><em>Atk</em><br>60</span> <span class="col statcol"><em>Def</em><br>90</span> <span class="col statcol"><em>SpA</em><br>105</span> <span class="col statcol"><em>SpD</em><br>120</span> <span class="col statcol"><em>Spe</em><br>80</span> </span></li><li style="clear: both"></li></ul></div><div class="battle-history"><small>(Narcissopod was created by Violet!)</small><br></div><div class="spacer battle-history"><br></div><div class="battle-history">The opposing Zantedeschia used <strong>Earthquake</strong>!<br></div><div class="battle-history"><small>It's not very effective...</small><br></div><div class="battle-history"><small>(Meduzi lost <abbr title="−114/291">39.2%</abbr> of its health!)</small><br></div><div class="spacer battle-history"><br></div><h2 class="battle-history">Turn 11</h2><div class="chat chatmessage-h2opulse"><strong style="color:#6e8c2b"><small>☆</small><span class="username" data-name="H2OPulse">H2OPulse</span>:</strong> <em>Oh right you hit pretty hard huh--</em></div><div class="chat chatmessage-h2opulse"><strong style="color:#6e8c2b"><small>☆</small><span class="username" data-name="H2OPulse">H2OPulse</span>:</strong> <em>Narcissopod I mean</em></div><div class="chat chatmessage-h2opulse"><strong style="color:#6e8c2b"><small>☆</small><span class="username" data-name="H2OPulse">H2OPulse</span>:</strong> <em>High SpA and Hydro Pump</em></div><div class="chat chatmessage-h2opulse"><strong style="color:#6e8c2b"><small>☆</small><span class="username" data-name="H2OPulse">H2OPulse</span>:</strong> <em>I did almost stay in I'm used to AV--</em></div><div class="spacer battle-history"><br></div><div class="battle-history">H2OPulse withdrew Zantedeschia!<br></div><div class="battle-history">H2OPulse sent out Senecio (<strong>Milotic</strong>)!<br></div><div class="spacer battle-history"><br></div><div class="battle-history">Meduzi used <strong>Scald</strong>!<br></div><div class="battle-history"><small>It's not very effective...</small><br></div><div class="battle-history"><small>(The opposing Senecio lost 14% of its health!)</small><br></div><div class="battle-history"><small>The opposing Senecio was burned!</small><br></div><div class="spacer battle-history"><br></div><div class="battle-history"><small>The opposing Senecio restored a little HP using its Leftovers!</small><br></div><div class="battle-history"><small>The opposing Senecio was hurt by its burn!</small><br></div><div class="spacer battle-history"><br></div><h2 class="battle-history">Turn 12</h2><div class="chat chatmessage-inkbug1 mine"><strong style="color:#e46e0f"><small>☆</small><span class="username" data-name="inkbug1">inkbug1</span>:</strong> <em>since when have i put hydro on anything</em></div><div class="chat chatmessage-h2opulse"><strong style="color:#6e8c2b"><small>☆</small><span class="username" data-name="H2OPulse">H2OPulse</span>:</strong> <em>Fair</em></div><div class="chat chatmessage-h2opulse"><strong style="color:#6e8c2b"><small>☆</small><span class="username" data-name="H2OPulse">H2OPulse</span>:</strong> <em>but I wouldn't have wanted to take that either--</em></div><div class="spacer battle-history"><br></div><div class="battle-history">Meduzi used <strong>Pain Split</strong>!<br></div><div class="battle-history"><small>The battlers shared their pain!</small><br></div><div class="spacer battle-history"><br></div><div class="battle-history">The opposing Senecio used <strong>Mirror Coat</strong>!<br></div><div class="battle-history"><small>But it failed!</small><br></div><div class="spacer battle-history"><br></div><div class="battle-history"><small>The opposing Senecio restored a little HP using its Leftovers!</small><br></div><div class="battle-history"><small>The opposing Senecio was hurt by its burn!</small><br></div><div class="spacer battle-history"><br></div><h2 class="battle-history">Turn 13</h2><div class="chat chatmessage-inkbug1 mine"><strong style="color:#e46e0f"><small>☆</small><span class="username" data-name="inkbug1">inkbug1</span>:</strong> <em>fair asdasd</em></div><div class="chat chatmessage-inkbug1 mine"><strong style="color:#e46e0f"><small>☆</small><span class="username" data-name="inkbug1">inkbug1</span>:</strong> <em>h m m </em></div><div class="spacer battle-history"><br></div><div class="battle-history">Meduzi, come back!<br></div><div class="battle-history">Go! Mechawiggler (<strong>Centiskorch-Kanto</strong>)!<br></div><div class="chat"><ul class="utilichart"><li class="result"><span class="col pokemonnamecol" style="white-space: nowrap">Centiskorch-Kanto</span> <span class="col typecol"><img src="https://dragonheaven.herokuapp.com/sprites/types/Electric.png" alt="Electric" height="14" width="32"><img src="https://dragonheaven.herokuapp.com/sprites/types/Poison.png" alt="Poison" height="14" width="32"></span> <span style="float: left ; min-height: 26px"><span class="col abilitycol">Lightning Rod / Battery / Static</span><span class="col abilitycol"></span></span></li><li style="clear: both"></li></ul></div><div class="chat"><ul class="utilichart"><li class="result"><span style="float: left ; min-height: 26px"><span class="col statcol"><em>HP</em><br>100</span> <span class="col statcol"><em>Atk</em><br>115</span> <span class="col statcol"><em>Def</em><br>65</span> <span class="col statcol"><em>SpA</em><br>90</span> <span class="col statcol"><em>SpD</em><br>90</span> <span class="col statcol"><em>Spe</em><br>65</span> </span></li><li style="clear: both"></li></ul></div><div class="battle-history"><small>(Centiskorch-Kanto was created by quagsi!)</small><br></div><div class="spacer battle-history"><br></div><div class="battle-history">The opposing Senecio used <strong>Scald</strong>!<br></div><div class="battle-history"><small>(Mechawiggler lost <abbr title="−102/404">25.2%</abbr> of its health!)</small><br></div><div class="battle-history"><small>Mechawiggler was burned!</small><br></div><div class="spacer battle-history"><br></div><div class="battle-history"><small>Mechawiggler restored a little HP using its Black Sludge!</small><br></div><div class="battle-history"><small>The opposing Senecio restored a little HP using its Leftovers!</small><br></div><div class="battle-history"><small>Mechawiggler was hurt by its burn!</small><br></div><div class="battle-history"><small>The opposing Senecio was hurt by its burn!</small><br></div><div class="spacer battle-history"><br></div><h2 class="battle-history">Turn 14</h2><div class="chat chatmessage-inkbug1 mine"><strong style="color:#e46e0f"><small>☆</small><span class="username" data-name="inkbug1">inkbug1</span>:</strong> <em>yea </em></div><div class="chat chatmessage-h2opulse"><strong style="color:#6e8c2b"><small>☆</small><span class="username" data-name="H2OPulse">H2OPulse</span>:</strong> <em>Ohhh oof</em></div><div class="spacer battle-history"><br></div><div class="battle-history">H2OPulse withdrew Senecio!<br></div><div class="battle-history">H2OPulse sent out Zantedeschia (<strong>Resurrectric</strong>)!<br></div><div class="spacer battle-history"><br></div><div class="battle-history">Mechawiggler used <strong>Coil</strong>!<br></div><div class="battle-history"><small>Mechawiggler's Attack rose!</small><br></div><div class="battle-history"><small>Mechawiggler's Defense rose!</small><br></div><div class="battle-history"><small>Mechawiggler's accuracy rose!</small><br></div><div class="spacer battle-history"><br></div><div class="battle-history"><small>Mechawiggler restored a little HP using its Black Sludge!</small><br></div><div class="battle-history"><small>Mechawiggler was hurt by its burn!</small><br></div><div class="spacer battle-history"><br></div><h2 class="battle-history">Turn 15</h2><div class="spacer battle-history"><br></div><div class="battle-history">Mechawiggler, come back!<br></div><div class="battle-history">Go! Hatsune Michu (<strong>Michu</strong>)!<br></div><div class="chat"><ul class="utilichart"><li class="result"><span class="col pokemonnamecol" style="white-space: nowrap">Michu</span> <span class="col typecol"><img src="https://dragonheaven.herokuapp.com/sprites/types/Normal.png" alt="Normal" height="14" width="32"><img src="https://dragonheaven.herokuapp.com/sprites/types/Fairy.png" alt="Fairy" height="14" width="32"></span> <span style="float: left ; min-height: 26px"><span class="col abilitycol">Rattled</span><span class="col abilitycol"></span></span></li><li style="clear: both"></li></ul></div><div class="chat"><ul class="utilichart"><li class="result"><span style="float: left ; min-height: 26px"><span class="col statcol"><em>HP</em><br>35</span> <span class="col statcol"><em>Atk</em><br>80</span> <span class="col statcol"><em>Def</em><br>60</span> <span class="col statcol"><em>SpA</em><br>30</span> <span class="col statcol"><em>SpD</em><br>95</span> <span class="col statcol"><em>Spe</em><br>101</span> </span></li><li style="clear: both"></li></ul></div><div class="battle-history"><small>(Michu was created by Hematite!)</small><br></div><div class="spacer battle-history"><br></div><div class="battle-history">The opposing Zantedeschia used <strong>Ice Beam</strong>!<br></div><div class="battle-history"><small>(Hatsune Michu lost <abbr title="−51/211">24.2%</abbr> of its health!)</small><br></div><div class="spacer battle-history"><br></div><h2 class="battle-history">Turn 16</h2><div class="chat chatmessage-h2opulse"><strong style="color:#6e8c2b"><small>☆</small><span class="username" data-name="H2OPulse">H2OPulse</span>:</strong> <em>HER</em></div><div class="chat chatmessage-inkbug1 mine"><strong style="color:#e46e0f"><small>☆</small><span class="username" data-name="inkbug1">inkbug1</span>:</strong> <em>mghdjfkghd i thought about it too </em></div><div class="spacer battle-history"><br></div><div class="battle-history">Hatsune Michu used <strong>Bulk Up</strong>!<br></div><div class="battle-history"><small>Hatsune Michu's Attack rose!</small><br></div><div class="battle-history"><small>Hatsune Michu's Defense rose!</small><br></div><div class="spacer battle-history"><br></div><div class="battle-history">The opposing Zantedeschia used <strong>Earthquake</strong>!<br></div><div class="battle-history"><small>(Hatsune Michu lost <abbr title="−112/211">53.1%</abbr> of its health!)</small><br></div><div class="spacer battle-history"><br></div><h2 class="battle-history">Turn 17</h2><div class="spacer battle-history"><br></div><div class="battle-history">Hatsune Michu used <strong>Drain Punch</strong>!<br></div><div class="battle-history"><small>(The opposing Zantedeschia lost 15% of its health!)</small><br></div><div class="battle-history"><small>The opposing Zantedeschia had its energy drained!</small><br></div><div class="spacer battle-history"><br></div><div class="battle-history">The opposing Zantedeschia used <strong>Discharge</strong>!<br></div><div class="battle-history"><small>(Hatsune Michu lost <abbr title="−69/211">32.7%</abbr> of its health!)</small><br></div><div class="spacer battle-history"><br></div><h2 class="battle-history">Turn 18</h2><div class="chat chatmessage-inkbug1 mine"><strong style="color:#e46e0f"><small>☆</small><span class="username" data-name="inkbug1">inkbug1</span>:</strong> <em>oh i see </em></div><div class="chat chatmessage-inkbug1 mine"><strong style="color:#e46e0f"><small>☆</small><span class="username" data-name="inkbug1">inkbug1</span>:</strong> <em>hmmm</em></div><div class="chat chatmessage-h2opulse"><strong style="color:#6e8c2b"><small>☆</small><span class="username" data-name="H2OPulse">H2OPulse</span>:</strong> <em>It's a little bit entertaining how often it feels like I'm just clicking random moves with Resurrectric</em></div><div class="chat chatmessage-h2opulse"><strong style="color:#6e8c2b"><small>☆</small><span class="username" data-name="H2OPulse">H2OPulse</span>:</strong> <em>because I always expect a switch and don't want to commit to whatever is best for the thing in front of me but I also don't want to use the same thing twice--</em></div><div class="chat chatmessage-inkbug1 mine"><strong style="color:#e46e0f"><small>☆</small><span class="username" data-name="inkbug1">inkbug1</span>:</strong> <em>yeah fair asdahsdka</em></div><div class="chat chatmessage-inkbug1 mine"><strong style="color:#e46e0f"><small>☆</small><span class="username" data-name="inkbug1">inkbug1</span>:</strong> <em>i get it</em></div><div class="spacer battle-history"><br></div><div class="battle-history">Hatsune Michu, come back!<br></div><div class="battle-history">Go! Mechawiggler (<strong>Centiskorch-Kanto</strong>)!<br></div><div class="spacer battle-history"><br></div><div class="battle-history">The opposing Zantedeschia used <strong>Ice Beam</strong>!<br></div><div class="battle-history"><small>(Mechawiggler lost <abbr title="−94/404">23.3%</abbr> of its health!)</small><br></div><div class="spacer battle-history"><br></div><div class="battle-history"><small>Mechawiggler restored a little HP using its Black Sludge!</small><br></div><div class="battle-history"><small>Mechawiggler was hurt by its burn!</small><br></div><div class="spacer battle-history"><br></div><h2 class="battle-history">Turn 19</h2><div class="spacer battle-history"><br></div><div class="battle-history">Mechawiggler used <strong>Gunk Shot</strong>!<br></div><div class="battle-history"><small>It's not very effective...</small><br></div><div class="battle-history"><small>(The opposing Zantedeschia lost 8% of its health!)</small><br></div><div class="spacer battle-history"><br></div><div class="battle-history">The opposing Zantedeschia used <strong>Earthquake</strong>!<br></div><div class="battle-history"><small>It's super effective!</small><br></div><div class="battle-history"><small>(Mechawiggler lost <abbr title="−208/404">51.5%</abbr> of its health!)</small><br></div><div class="spacer battle-history"><br></div><div class="battle-history">Mechawiggler fainted!<br></div><div class="spacer battle-history"><br></div><div class="battle-history">Go! Robin (<strong>Noivern-Variant</strong>)!<br></div><div class="chat"><ul class="utilichart"><li class="result"><span class="col pokemonnamecol" style="white-space: nowrap">Noivern-Variant</span> <span class="col typecol"><img src="https://dragonheaven.herokuapp.com/sprites/types/Fighting.png" alt="Fighting" height="14" width="32"><img src="https://dragonheaven.herokuapp.com/sprites/types/Dragon.png" alt="Dragon" height="14" width="32"></span> <span style="float: left ; min-height: 26px"><span class="col abilitycol">Levitate</span><span class="col abilitycol"></span></span></li><li style="clear: both"></li></ul></div><div class="chat"><ul class="utilichart"><li class="result"><span style="float: left ; min-height: 26px"><span class="col statcol"><em>HP</em><br>95</span> <span class="col statcol"><em>Atk</em><br>70</span> <span class="col statcol"><em>Def</em><br>80</span> <span class="col statcol"><em>SpA</em><br>97</span> <span class="col statcol"><em>SpD</em><br>80</span> <span class="col statcol"><em>Spe</em><br>113</span> </span></li><li style="clear: both"></li></ul></div><div class="battle-history"><small>(Noivern-Variant was created by Hematite!)</small><br></div><div class="spacer battle-history"><br></div><h2 class="battle-history">Turn 20</h2><div class="chat chatmessage-h2opulse"><strong style="color:#6e8c2b"><small>☆</small><span class="username" data-name="H2OPulse">H2OPulse</span>:</strong> <em>Huh</em></div><div class="spacer battle-history"><br></div><div class="battle-history">Robin used <strong>Draco Meteor</strong>!<br></div><div class="battle-history"><small>(The opposing Zantedeschia lost 48% of its health!)</small><br></div><div class="battle-history"><small>Robin's Sp. Atk fell harshly!</small><br></div><div class="battle-history"><small>(Robin used its Eject Pack!)</small><br></div><div class="chat chatmessage-h2opulse"><strong style="color:#6e8c2b"><small>☆</small><span class="username" data-name="H2OPulse">H2OPulse</span>:</strong> <em>HAHA</em></div><div class="spacer battle-history"><br></div><div class="battle-history">Robin, come back!<br></div><div class="battle-history">Go! Meduzi (<strong>Narcissopod</strong>)!<br></div><div class="spacer battle-history"><br></div><div class="battle-history">The opposing Zantedeschia used <strong>Ice Beam</strong>!<br></div><div class="battle-history"><small>It's not very effective...</small><br></div><div class="battle-history"><small>(Meduzi lost <abbr title="−39/291">13.4%</abbr> of its health!)</small><br></div><div class="spacer battle-history"><br></div><h2 class="battle-history">Turn 21</h2><div class="chat chatmessage-h2opulse"><strong style="color:#6e8c2b"><small>☆</small><span class="username" data-name="H2OPulse">H2OPulse</span>:</strong> <em>YESS</em></div><div class="chat chatmessage-h2opulse"><strong style="color:#6e8c2b"><small>☆</small><span class="username" data-name="H2OPulse">H2OPulse</span>:</strong> <em>sorry--</em></div><div class="chat chatmessage-inkbug1 mine"><strong style="color:#e46e0f"><small>☆</small><span class="username" data-name="inkbug1">inkbug1</span>:</strong> <em>thats like</em></div><div class="chat chatmessage-inkbug1 mine"><strong style="color:#e46e0f"><small>☆</small><span class="username" data-name="inkbug1">inkbug1</span>:</strong> <em>not even good for what i wanted this set to do anymore but given how  little momentum this team has-</em></div><div class="chat chatmessage-h2opulse"><strong style="color:#6e8c2b"><small>☆</small><span class="username" data-name="H2OPulse">H2OPulse</span>:</strong> <em>Ppfff</em></div><div class="chat chatmessage-inkbug1 mine"><strong style="color:#e46e0f"><small>☆</small><span class="username" data-name="inkbug1">inkbug1</span>:</strong> <em>see the </em></div><div class="chat chatmessage-inkbug1 mine"><strong style="color:#e46e0f"><small>☆</small><span class="username" data-name="inkbug1">inkbug1</span>:</strong> <em>actually it could have made a difference here in theory but</em></div><div class="chat chatmessage-inkbug1 mine"><strong style="color:#e46e0f"><small>☆</small><span class="username" data-name="inkbug1">inkbug1</span>:</strong> <em>i had tailwind on noivern right</em></div><div class="chat chatmessage-h2opulse"><strong style="color:#6e8c2b"><small>☆</small><span class="username" data-name="H2OPulse">H2OPulse</span>:</strong> <em>Right</em></div><div class="chat chatmessage-inkbug1 mine"><strong style="color:#e46e0f"><small>☆</small><span class="username" data-name="inkbug1">inkbug1</span>:</strong> <em>switch in batman with tailwind up outspeed the first half of phantom underspeed the second (bc tailwind lasts zero turns) </em></div><div class="spacer battle-history"><br></div><div class="battle-history">H2OPulse withdrew Zantedeschia!<br></div><div class="battle-history">H2OPulse sent out Senecio (<strong>Milotic</strong>)!<br></div><div class="spacer battle-history"><br></div><div class="battle-history">Meduzi used <strong>Scald</strong>!<br></div><div class="battle-history"><small>It's not very effective...</small><br></div><div class="battle-history"><small>(The opposing Senecio lost 15% of its health!)</small><br></div><div class="spacer battle-history"><br></div><div class="battle-history"><small>The opposing Senecio restored a little HP using its Leftovers!</small><br></div><div class="battle-history"><small>The opposing Senecio was hurt by its burn!</small><br></div><div class="spacer battle-history"><br></div><h2 class="battle-history">Turn 22</h2><div class="chat chatmessage-h2opulse"><strong style="color:#6e8c2b"><small>☆</small><span class="username" data-name="H2OPulse">H2OPulse</span>:</strong> <em>Oh my gosh that's hilarious</em></div><div class="spacer battle-history"><br></div><div class="battle-history">Meduzi, come back!<br></div><div class="battle-history">Go! Robin (<strong>Noivern-Variant</strong>)!<br></div><div class="spacer battle-history"><br></div><div class="battle-history">The opposing Senecio used <strong>Recover</strong>!<br></div><div class="battle-history"><small>The opposing Senecio had its HP restored.</small><br></div><div class="spacer battle-history"><br></div><div class="battle-history"><small>The opposing Senecio was hurt by its burn!</small><br></div><div class="spacer battle-history"><br></div><h2 class="battle-history">Turn 23</h2><div class="spacer battle-history"><br></div><div class="battle-history">Robin used <strong>U-turn</strong>!<br></div><div class="battle-history"><small>(The opposing Senecio lost 7% of its health!)</small><br></div><div class="spacer battle-history"><br></div><div class="battle-history">Robin went back to inkbug1!<br></div><div class="battle-history">Go! Pluto (<strong>Playdol</strong>)!<br></div><div class="spacer battle-history"><br></div><div class="battle-history">The opposing Senecio used <strong>Mirror Coat</strong>!<br></div><div class="battle-history"><small>But it failed!</small><br></div><div class="spacer battle-history"><br></div><div class="battle-history"><small>The opposing Senecio restored a little HP using its Leftovers!</small><br></div><div class="battle-history"><small>The opposing Senecio was hurt by its burn!</small><br></div><div class="spacer battle-history"><br></div><h2 class="battle-history">Turn 24</h2><div class="chat chatmessage-inkbug1 mine"><strong style="color:#e46e0f"><small>☆</small><span class="username" data-name="inkbug1">inkbug1</span>:</strong> <em>m</em></div><div class="spacer battle-history"><br></div><div class="battle-history">Pluto used <strong>Body Press</strong>!<br></div><div class="battle-history"><small>(The opposing Senecio lost 15% of its health!)</small><br></div><div class="spacer battle-history"><br></div><div class="battle-history">The opposing Senecio used <strong>Mirror Coat</strong>!<br></div><div class="battle-history"><small>But it failed!</small><br></div><div class="spacer battle-history"><br></div><div class="battle-history"><small>The opposing Senecio restored a little HP using its Leftovers!</small><br></div><div class="battle-history"><small>The opposing Senecio was hurt by its burn!</small><br></div><div class="spacer battle-history"><br></div><h2 class="battle-history">Turn 25</h2><div class="chat chatmessage-h2opulse"><strong style="color:#6e8c2b"><small>☆</small><span class="username" data-name="H2OPulse">H2OPulse</span>:</strong> <em>Fair I was rooting for Hex</em></div><div class="spacer battle-history"><br></div><div class="battle-history">The opposing Senecio used <strong>Recover</strong>!<br></div><div class="battle-history"><small>The opposing Senecio had its HP restored.</small><br></div><div class="spacer battle-history"><br></div><div class="battle-history">Pluto used <strong>Skill Swap</strong>!<br></div><div class="battle-history">[Pluto's Competitive]<br>[The opposing Senecio's Anticipation]<br><small>Pluto swapped Abilities with its target!</small><br></div><div class="spacer battle-history"><br></div><div class="battle-history"><small>The opposing Senecio was hurt by its burn!</small><br></div><div class="spacer battle-history"><br></div><h2 class="battle-history">Turn 26</h2><div class="chat chatmessage-h2opulse"><strong style="color:#6e8c2b"><small>☆</small><span class="username" data-name="H2OPulse">H2OPulse</span>:</strong> <em>Oh I'm. faster? Huh</em></div><div class="spacer battle-history"><br></div><div class="battle-history">The opposing Senecio used <strong>Scald</strong>!<br></div><div class="battle-history"><small>(Pluto lost <abbr title="−90/261">34.5%</abbr> of its health!)</small><br></div><div class="battle-history"><small>Pluto was burned!</small><br></div><div class="battle-history"><small>(Pluto ate its Iapapa Berry!)</small><br></div><div class="battle-history"><small>Pluto restored HP using its Iapapa Berry!</small><br></div><div class="spacer battle-history"><br></div><div class="battle-history">Pluto used <strong>Shadow Ball</strong>!<br></div><div class="battle-history"><small>(The opposing Senecio lost 25% of its health!)</small><br></div><div class="spacer battle-history"><br></div><div class="battle-history"><small>The opposing Senecio restored a little HP using its Leftovers!</small><br></div><div class="battle-history"><small>The opposing Senecio was hurt by its burn!</small><br></div><div class="battle-history"><small>Pluto was hurt by its burn!</small><br></div><div class="spacer battle-history"><br></div><h2 class="battle-history">Turn 27</h2><div class="spacer battle-history"><br></div><div class="battle-history">The opposing Senecio used <strong>Scald</strong>!<br></div><div class="battle-history"><small>(Pluto lost <abbr title="−87/261">33.3%</abbr> of its health!)</small><br></div><div class="spacer battle-history"><br></div><div class="battle-history">Pluto used <strong>Rapid Spin</strong>!<br></div><div class="battle-history"><small>(The opposing Senecio lost 4% of its health!)</small><br></div><div class="battle-history"><small>Pluto's Speed rose!</small><br></div><div class="spacer battle-history"><br></div><div class="battle-history"><small>The opposing Senecio restored a little HP using its Leftovers!</small><br></div><div class="battle-history"><small>Pluto was hurt by its burn!</small><br></div><div class="spacer battle-history"><br></div><div class="battle-history">Pluto fainted!<br></div><div class="battle-history"><small>The opposing Senecio was hurt by its burn!</small><br></div><div class="spacer battle-history"><br></div><div class="battle-history">Go! Meduzi (<strong>Narcissopod</strong>)!<br></div><div class="spacer battle-history"><br></div><h2 class="battle-history">Turn 28</h2><div class="spacer battle-history"><br></div><div class="battle-history">Meduzi used <strong>First Impression</strong>!<br></div><div class="battle-history"><small>(The opposing Senecio lost 16% of its health!)</small><br></div><div class="spacer battle-history"><br></div><div class="battle-history">The opposing Senecio used <strong>Scald</strong>!<br></div><div class="battle-history"><small>It's not very effective...</small><br></div><div class="battle-history"><small>(Meduzi lost <abbr title="−37/291">12.7%</abbr> of its health!)</small><br></div><div class="spacer battle-history"><br></div><div class="battle-history"><small>The opposing Senecio restored a little HP using its Leftovers!</small><br></div><div class="battle-history"><small>The opposing Senecio was hurt by its burn!</small><br></div><div class="spacer battle-history"><br></div><h2 class="battle-history">Turn 29</h2><div class="spacer battle-history"><br></div><div class="battle-history">Meduzi, come back!<br></div><div class="battle-history">Go! Robin (<strong>Noivern-Variant</strong>)!<br></div><div class="spacer battle-history"><br></div><div class="battle-history">The opposing Senecio used <strong>Recover</strong>!<br></div><div class="battle-history"><small>The opposing Senecio had its HP restored.</small><br></div><div class="spacer battle-history"><br></div><div class="battle-history"><small>The opposing Senecio restored a little HP using its Leftovers!</small><br></div><div class="battle-history"><small>The opposing Senecio was hurt by its burn!</small><br></div><div class="spacer battle-history"><br></div><h2 class="battle-history">Turn 30</h2><div class="chat chatmessage-h2opulse"><strong style="color:#6e8c2b"><small>☆</small><span class="username" data-name="H2OPulse">H2OPulse</span>:</strong> <em>This is an interesting matchup because in theory I want Senecio to wall Meduzi but what am I even gonna do back</em></div><div class="chat chatmessage-inkbug1 mine"><strong style="color:#e46e0f"><small>☆</small><span class="username" data-name="inkbug1">inkbug1</span>:</strong> <em>hmm</em></div><div class="chat chatmessage-inkbug1 mine"><strong style="color:#e46e0f"><small>☆</small><span class="username" data-name="inkbug1">inkbug1</span>:</strong> <em>i guess</em></div><div class="chat chatmessage-inkbug1 mine"><strong style="color:#e46e0f"><small>☆</small><span class="username" data-name="inkbug1">inkbug1</span>:</strong> <em>but tht goes both ways</em></div><div class="chat chatmessage-h2opulse"><strong style="color:#6e8c2b"><small>☆</small><span class="username" data-name="H2OPulse">H2OPulse</span>:</strong> <em>Yeah</em></div><div class="chat chatmessage-h2opulse"><strong style="color:#6e8c2b"><small>☆</small><span class="username" data-name="H2OPulse">H2OPulse</span>:</strong> <em>On like a Spikes set though I think Senecio would be free progress</em></div><div class="chat chatmessage-inkbug1 mine"><strong style="color:#e46e0f"><small>☆</small><span class="username" data-name="inkbug1">inkbug1</span>:</strong> <em>hmm</em></div><div class="chat chatmessage-inkbug1 mine"><strong style="color:#e46e0f"><small>☆</small><span class="username" data-name="inkbug1">inkbug1</span>:</strong> <em>free progress until i literally cant force him out thts happened before</em></div><div class="chat chatmessage-h2opulse"><strong style="color:#6e8c2b"><small>☆</small><span class="username" data-name="H2OPulse">H2OPulse</span>:</strong> <em>Yeah fair,</em></div><div class="spacer battle-history"><br></div><div class="battle-history">Robin, come back!<br></div><div class="battle-history">Go! Hatsune Michu (<strong>Michu</strong>)!<br></div><div class="spacer battle-history"><br></div><div class="battle-history">The opposing Senecio used <strong>Ice Beam</strong>!<br></div><div class="battle-history"><small>A critical hit!</small><br></div><div class="battle-history"><small>(Hatsune Michu lost <abbr title="−6/211">2.8%</abbr> of its health!)</small><br></div><div class="spacer battle-history"><br></div><div class="battle-history">Hatsune Michu fainted!<br></div><div class="spacer battle-history"><br></div><div class="battle-history"><small>The opposing Senecio restored a little HP using its Leftovers!</small><br></div><div class="battle-history"><small>The opposing Senecio was hurt by its burn!</small><br></div><div class="chat chatmessage-h2opulse"><strong style="color:#6e8c2b"><small>☆</small><span class="username" data-name="H2OPulse">H2OPulse</span>:</strong> <em><s>Crit might have mattered I'm sorry</s></em></div><div class="spacer battle-history"><br></div><div class="battle-history">Go! Batman (<strong>Escavalier-Variant</strong>)!<br></div><div class="spacer battle-history"><br></div><h2 class="battle-history">Turn 31</h2><div class="spacer battle-history"><br></div><div class="battle-history">The opposing Senecio used <strong>Scald</strong>!<br></div><div class="battle-history"><small>(Batman lost <abbr title="−53/344">15.4%</abbr> of its health!)</small><br></div><div class="spacer battle-history"><br></div><div class="battle-history">Batman fainted!<br></div><div class="spacer battle-history"><br></div><div class="battle-history"><small>The opposing Senecio restored a little HP using its Leftovers!</small><br></div><div class="battle-history"><small>The opposing Senecio was hurt by its burn!</small><br></div><div class="chat chatmessage-inkbug1 mine"><strong style="color:#e46e0f"><small>☆</small><span class="username" data-name="inkbug1">inkbug1</span>:</strong> <em>i definitely need to try tht thing on a diff team</em></div><div class="spacer battle-history"><br></div><div class="battle-history">Go! Meduzi (<strong>Narcissopod</strong>)!<br></div><div class="spacer battle-history"><br></div><h2 class="battle-history">Turn 32</h2><div class="chat chatmessage-h2opulse"><strong style="color:#6e8c2b"><small>☆</small><span class="username" data-name="H2OPulse">H2OPulse</span>:</strong> <em>Rig ht</em></div><div class="spacer battle-history"><br></div><div class="battle-history">Meduzi used <strong>Bug Buzz</strong>!<br></div><div class="battle-history"><small>(The opposing Senecio lost 33% of its health!)</small><br></div><div class="spacer battle-history"><br></div><div class="battle-history">The opposing Senecio used <strong>Ice Beam</strong>!<br></div><div class="battle-history"><small>It's not very effective...</small><br></div><div class="battle-history"><small>A critical hit!</small><br></div><div class="battle-history"><small>(Meduzi lost <abbr title="−49/291">16.8%</abbr> of its health!)</small><br></div><div class="spacer battle-history"><br></div><div class="battle-history"><small>The opposing Senecio restored a little HP using its Leftovers!</small><br></div><div class="battle-history"><small>The opposing Senecio was hurt by its burn!</small><br></div><div class="spacer battle-history"><br></div><h2 class="battle-history">Turn 33</h2><div class="chat chatmessage-h2opulse"><strong style="color:#6e8c2b"><small>☆</small><span class="username" data-name="H2OPulse">H2OPulse</span>:</strong> <em>Please calm down</em></div><div class="spacer battle-history"><br></div><div class="battle-history">Meduzi used <strong>Pain Split</strong>!<br></div><div class="battle-history"><small>The battlers shared their pain!</small><br></div><div class="spacer battle-history"><br></div><div class="battle-history">The opposing Senecio used <strong>Ice Beam</strong>!<br></div><div class="battle-history"><small>It's not very effective...</small><br></div><div class="battle-history"><small>(Meduzi lost <abbr title="−31/291">10.7%</abbr> of its health!)</small><br></div><div class="spacer battle-history"><br></div><div class="battle-history"><small>The opposing Senecio restored a little HP using its Leftovers!</small><br></div><div class="battle-history"><small>The opposing Senecio was hurt by its burn!</small><br></div><div class="spacer battle-history"><br></div><h2 class="battle-history">Turn 34</h2><div class="spacer battle-history"><br></div><div class="battle-history">H2OPulse withdrew Senecio!<br></div><div class="battle-history">H2OPulse sent out Astera (<strong>Aleon</strong>)!<br></div><div class="spacer battle-history"><br></div><div class="battle-history">Meduzi used <strong>Scald</strong>!<br></div><div class="battle-history"><small>(The opposing Astera lost 44% of its health!)</small><br></div><div class="spacer battle-history"><br></div><h2 class="battle-history">Turn 35</h2><div class="chat chatmessage-h2opulse"><strong style="color:#6e8c2b"><small>☆</small><span class="username" data-name="H2OPulse">H2OPulse</span>:</strong> <em>Oh that like</em></div><div class="chat chatmessage-h2opulse"><strong style="color:#6e8c2b"><small>☆</small><span class="username" data-name="H2OPulse">H2OPulse</span>:</strong> <em>stings actually</em></div><div class="spacer battle-history"><br></div><div class="battle-history">Meduzi, come back!<br></div><div class="battle-history">Go! Robin (<strong>Noivern-Variant</strong>)!<br></div><div class="spacer battle-history"><br></div><div class="battle-history">The opposing Astera used <strong>Volt Switch</strong>!<br></div><div class="battle-history"><small>(Robin lost <abbr title="−132/394">33.5%</abbr> of its health!)</small><br></div><div class="spacer battle-history"><br></div><div class="battle-history">The opposing Astera went back to H2OPulse!<br></div><div class="battle-history">H2OPulse sent out Senecio (<strong>Milotic</strong>)!<br></div><div class="spacer battle-history"><br></div><div class="battle-history"><small>The opposing Senecio restored a little HP using its Leftovers!</small><br></div><div class="battle-history"><small>The opposing Senecio was hurt by its burn!</small><br></div><div class="spacer battle-history"><br></div><h2 class="battle-history">Turn 36</h2><div class="spacer battle-history"><br></div><div class="battle-history">Robin used <strong>Draco Meteor</strong>!<br></div><div class="battle-history"><small>(The opposing Senecio lost 33% of its health!)</small><br></div><div class="battle-history"><small>Robin's Sp. Atk fell harshly!</small><br></div><div class="spacer battle-history"><br></div><div class="battle-history">The opposing Senecio used <strong>Recover</strong>!<br></div><div class="battle-history"><small>The opposing Senecio had its HP restored.</small><br></div><div class="spacer battle-history"><br></div><div class="battle-history"><small>The opposing Senecio restored a little HP using its Leftovers!</small><br></div><div class="battle-history"><small>The opposing Senecio was hurt by its burn!</small><br></div><div class="spacer battle-history"><br></div><h2 class="battle-history">Turn 37</h2><div class="chat"><small>+ASnomPlaysShowdown joined</small></div><div class="chat chatmessage-asnomplaysshowdown"><strong style="color:#1bb1b6"><small>+</small><span class="username" data-name="ASnomPlaysShowdown">ASnomPlaysShowdown</span>:</strong> <em>hi</em></div><div class="spacer battle-history"><br></div><div class="battle-history">Robin used <strong>U-turn</strong>!<br></div><div class="battle-history"><small>(The opposing Senecio lost 8% of its health!)</small><br></div><div class="chat chatmessage-h2opulse"><strong style="color:#6e8c2b"><small>☆</small><span class="username" data-name="H2OPulse">H2OPulse</span>:</strong> <em>Hi</em></div><div class="chat chatmessage-inkbug1 mine"><strong style="color:#e46e0f"><small>☆</small><span class="username" data-name="inkbug1">inkbug1</span>:</strong> <em>i rlly wish u had not managed to switch out and back in again</em></div><div class="chat chatmessage-inkbug1 mine"><strong style="color:#e46e0f"><small>☆</small><span class="username" data-name="inkbug1">inkbug1</span>:</strong> <em>bc i had a strat and now i dont</em></div><div class="spacer battle-history"><br></div><div class="battle-history">Robin went back to inkbug1!<br></div><div class="battle-history">Go! Meduzi (<strong>Narcissopod</strong>)!<br></div><div class="spacer battle-history"><br></div><div class="battle-history">The opposing Senecio used <strong>Ice Beam</strong>!<br></div><div class="battle-history"><small>It's not very effective...</small><br></div><div class="battle-history"><small>(Meduzi lost <abbr title="−31/291">10.7%</abbr> of its health!)</small><br></div><div class="spacer battle-history"><br></div><div class="battle-history"><small>The opposing Senecio restored a little HP using its Leftovers!</small><br></div><div class="battle-history"><small>The opposing Senecio was hurt by its burn!</small><br></div><div class="spacer battle-history"><br></div><h2 class="battle-history">Turn 38</h2><div class="chat chatmessage-h2opulse"><strong style="color:#6e8c2b"><small>☆</small><span class="username" data-name="H2OPulse">H2OPulse</span>:</strong> <em>OH that was why you stole Competitive</em></div><div class="chat chatmessage-h2opulse"><strong style="color:#6e8c2b"><small>☆</small><span class="username" data-name="H2OPulse">H2OPulse</span>:</strong> <em>I see</em></div><div class="spacer battle-history"><br></div><div class="battle-history">Meduzi used <strong>Pain Split</strong>!<br></div><div class="battle-history"><small>The battlers shared their pain!</small><br></div><div class="spacer battle-history"><br></div><div class="battle-history">The opposing Senecio used <strong>Scald</strong>!<br></div><div class="battle-history"><small>It's not very effective...</small><br></div><div class="battle-history"><small>(Meduzi lost <abbr title="−37/291">12.7%</abbr> of its health!)</small><br></div><div class="spacer battle-history"><br></div><div class="battle-history"><small>The opposing Senecio restored a little HP using its Leftovers!</small><br></div><div class="battle-history"><small>The opposing Senecio was hurt by its burn!</small><br></div><div class="spacer battle-history"><br></div><h2 class="battle-history">Turn 39</h2><div class="chat chatmessage-inkbug1 mine"><strong style="color:#e46e0f"><small>☆</small><span class="username" data-name="inkbug1">inkbug1</span>:</strong> <em>now its just</em></div><div class="chat chatmessage-inkbug1 mine"><strong style="color:#e46e0f"><small>☆</small><span class="username" data-name="inkbug1">inkbug1</span>:</strong> <em>not safe</em></div><div class="chat chatmessage-inkbug1 mine"><strong style="color:#e46e0f"><small>☆</small><span class="username" data-name="inkbug1">inkbug1</span>:</strong> <em>to do damage</em></div><div class="chat chatmessage-h2opulse"><strong style="color:#6e8c2b"><small>☆</small><span class="username" data-name="H2OPulse">H2OPulse</span>:</strong> <em>Man,,</em></div><div class="spacer battle-history"><br></div><div class="battle-history">Meduzi used <strong>Bug Buzz</strong>!<br></div><div class="battle-history"><small>(The opposing Senecio lost 32% of its health!)</small><br></div><div class="spacer battle-history"><br></div><div class="battle-history">The opposing Senecio used <strong>Scald</strong>!<br></div><div class="battle-history"><small>It's not very effective...</small><br></div><div class="battle-history"><small>(Meduzi lost <abbr title="−43/291">14.8%</abbr> of its health!)</small><br></div><div class="spacer battle-history"><br></div><div class="battle-history"><small>The opposing Senecio restored a little HP using its Leftovers!</small><br></div><div class="battle-history"><small>The opposing Senecio was hurt by its burn!</small><br></div><div class="spacer battle-history"><br></div><h2 class="battle-history">Turn 40</h2><div class="chat chatmessage-h2opulse"><strong style="color:#6e8c2b"><small>☆</small><span class="username" data-name="H2OPulse">H2OPulse</span>:</strong> <em>Oh that does a lot though</em></div><div class="chat chatmessage-inkbug1 mine"><strong style="color:#e46e0f"><small>☆</small><span class="username" data-name="inkbug1">inkbug1</span>:</strong> <em>unless i stop being a coward </em></div><div class="spacer battle-history"><br></div><div class="battle-history">H2OPulse withdrew Senecio!<br></div><div class="battle-history">H2OPulse sent out Touch-Me-Not (<strong>Reuniclus-Neural</strong>)!<br></div><div class="chat"><ul class="utilichart"><li class="result"><span class="col pokemonnamecol" style="white-space: nowrap">Reuniclus-Neural</span> <span class="col typecol"><img src="https://dragonheaven.herokuapp.com/sprites/types/Fighting.png" alt="Fighting" height="14" width="32"></span> <span style="float: left ; min-height: 26px"><span class="col abilitycol">Overcoat / Electric Surge / Regenerator</span><span class="col abilitycol"></span></span></li><li style="clear: both"></li></ul></div><div class="chat"><ul class="utilichart"><li class="result"><span style="float: left ; min-height: 26px"><span class="col statcol"><em>HP</em><br>110</span> <span class="col statcol"><em>Atk</em><br>125</span> <span class="col statcol"><em>Def</em><br>65</span> <span class="col statcol"><em>SpA</em><br>65</span> <span class="col statcol"><em>SpD</em><br>85</span> <span class="col statcol"><em>Spe</em><br>40</span> </span></li><li style="clear: both"></li></ul></div><div class="battle-history"><small>(Reuniclus-Neural was created by ausma!)</small><br></div><div class="battle-history">[The opposing Touch-Me-Not's Electric Surge]<br><small>An electric current ran across the battlefield!</small><br></div><div class="spacer battle-history"><br></div><div class="battle-history">Meduzi used <strong>Bug Buzz</strong>!<br></div><div class="battle-history"><small>It's not very effective...</small><br></div><div class="battle-history"><small>(The opposing Touch-Me-Not lost 17% of its health!)</small><br></div><div class="battle-history"><small>The opposing Touch-Me-Not's Sp. Def fell!</small><br></div><div class="spacer battle-history"><br></div><h2 class="battle-history">Turn 41</h2><div class="spacer battle-history"><br></div><div class="battle-history">Meduzi used <strong>Pain Split</strong>!<br></div><div class="battle-history"><small>The battlers shared their pain!</small><br></div><div class="spacer battle-history"><br></div><div class="battle-history">The opposing Touch-Me-Not used <strong>Drain Punch</strong>!<br></div><div class="battle-history"><small>It's not very effective...</small><br></div><div class="battle-history"><small>(Meduzi lost <abbr title="−62/291">21.3%</abbr> of its health!)</small><br></div><div class="battle-history"><small>Meduzi had its energy drained!</small><br></div><div class="spacer battle-history"><br></div><h2 class="battle-history">Turn 42</h2><div class="spacer battle-history"><br></div><div class="battle-history">Meduzi used <strong>Scald</strong>!<br></div><div class="battle-history"><small>(The opposing Touch-Me-Not lost 49% of its health!)</small><br></div><div class="battle-history"><small>The opposing Touch-Me-Not was burned!</small><br></div><div class="spacer battle-history"><br></div><div class="battle-history">The opposing Touch-Me-Not used <strong>Axon Rush</strong>!<br></div><div class="battle-history"><small>The opposing Touch-Me-Not's Attack rose!</small><br></div><div class="battle-history"><small>The opposing Touch-Me-Not's Defense rose!</small><br></div><div class="battle-history"><small>The opposing Touch-Me-Not's Speed rose!</small><br></div><div class="spacer battle-history"><br></div><div class="battle-history"><small>The opposing Touch-Me-Not was hurt by its burn!</small><br></div><div class="spacer battle-history"><br></div><h2 class="battle-history">Turn 43</h2><div class="chat chatmessage-inkbug1 mine"><strong style="color:#e46e0f"><small>☆</small><span class="username" data-name="inkbug1">inkbug1</span>:</strong> <em>oh my god stop beiong so good at burns </em></div><div class="chat chatmessage-h2opulse"><strong style="color:#6e8c2b"><small>☆</small><span class="username" data-name="H2OPulse">H2OPulse</span>:</strong> <em>Kshdjfkf</em></div><div class="chat chatmessage-inkbug1 mine"><strong style="color:#e46e0f"><small>☆</small><span class="username" data-name="inkbug1">inkbug1</span>:</strong> <em>why are u like 2 for 3</em></div><div class="chat chatmessage-h2opulse"><strong style="color:#6e8c2b"><small>☆</small><span class="username" data-name="H2OPulse">H2OPulse</span>:</strong> <em>I mean that's what Scald is <i>for--</i></em></div><div class="chat chatmessage-h2opulse"><strong style="color:#6e8c2b"><small>☆</small><span class="username" data-name="H2OPulse">H2OPulse</span>:</strong> <em>but hm I did not play well around this I was kind of feeling bad for using Recover so much on Senecio and I think I should not have,,</em></div><div class="chat chatmessage-inkbug1 mine"><strong style="color:#e46e0f"><small>☆</small><span class="username" data-name="inkbug1">inkbug1</span>:</strong> <em>yeah this thing kinda hits like a truck ?? idk why im surprised</em></div><div class="chat chatmessage-inkbug1 mine"><strong style="color:#e46e0f"><small>☆</small><span class="username" data-name="inkbug1">inkbug1</span>:</strong> <em>actually i have an idea for an edit (a couple general ones for the team) ill do tht next </em></div><div class="spacer battle-history"><br></div><div class="battle-history">The opposing Touch-Me-Not used <strong>Steel Roller</strong>!<br></div><div class="battle-history"><small>It's not very effective...</small><br></div><div class="battle-history"><small>(Meduzi lost <abbr title="−51/291">17.5%</abbr> of its health!)</small><br></div><div class="battle-history"><small>The electricity disappeared from the battlefield.</small><br></div><div class="spacer battle-history"><br></div><div class="battle-history">Meduzi used <strong>Scald</strong>!<br></div><div class="battle-history"><small>(The opposing Touch-Me-Not lost 7% of its health!)</small><br></div><div class="spacer battle-history"><br></div><div class="battle-history">The opposing Touch-Me-Not fainted!<br></div><div class="spacer battle-history"><br></div><div class="battle-history">H2OPulse sent out Astera (<strong>Aleon</strong>)!<br></div><div class="spacer battle-history"><br></div><h2 class="battle-history">Turn 44</h2><div class="chat chatmessage-inkbug1 mine"><strong style="color:#e46e0f"><small>☆</small><span class="username" data-name="inkbug1">inkbug1</span>:</strong> <em>oh my fdos tht did </em></div><div class="chat chatmessage-inkbug1 mine"><strong style="color:#e46e0f"><small>☆</small><span class="username" data-name="inkbug1">inkbug1</span>:</strong> <em>why did that do less than dp </em></div><div class="chat chatmessage-inkbug1 mine"><strong style="color:#e46e0f"><small>☆</small><span class="username" data-name="inkbug1">inkbug1</span>:</strong> <em>im ? confsued ?? </em></div><div class="spacer battle-history"><br></div><div class="battle-history">The opposing Astera used <strong>Scald</strong>!<br></div><div class="battle-history"><small>(Meduzi lost <abbr title="−81/291">27.8%</abbr> of its health!)</small><br></div><div class="spacer battle-history"><br></div><div class="battle-history">Meduzi fainted!<br></div><div class="spacer battle-history"><br></div><div class="battle-history">Go! Robin (<strong>Noivern-Variant</strong>)!<br></div><div class="spacer battle-history"><br></div><h2 class="battle-history">Turn 45</h2><div class="chat chatmessage-h2opulse"><strong style="color:#6e8c2b"><small>☆</small><span class="username" data-name="H2OPulse">H2OPulse</span>:</strong> <em>(it did less because I was at +1 but burned, which is 0.75x!)</em></div><div class="chat chatmessage-inkbug1 mine"><strong style="color:#e46e0f"><small>☆</small><span class="username" data-name="inkbug1">inkbug1</span>:</strong> <em>oh the burn </em></div><div class="chat chatmessage-inkbug1 mine"><strong style="color:#e46e0f"><small>☆</small><span class="username" data-name="inkbug1">inkbug1</span>:</strong> <em>right</em></div><div class="chat chatmessage-inkbug1 mine"><strong style="color:#e46e0f"><small>☆</small><span class="username" data-name="inkbug1">inkbug1</span>:</strong> <em>i forgot tht wasnt there</em></div><div class="spacer battle-history"><br></div><div class="battle-history">Robin used <strong>Vacuum Wave</strong>!<br></div><div class="battle-history"><small>It's super effective!</small><br></div><div class="battle-history"><small>(The opposing Astera lost 33% of its health!)</small><br></div><div class="spacer battle-history"><br></div><div class="battle-history">The opposing Astera used <strong>Scald</strong>!<br></div><div class="battle-history"><small>(Robin lost <abbr title="−157/394">39.8%</abbr> of its health!)</small><br></div><div class="battle-history"><small>Robin was burned!</small><br></div><div class="spacer battle-history"><br></div><div class="battle-history"><small>Robin was hurt by its burn!</small><br></div><div class="spacer battle-history"><br></div><h2 class="battle-history">Turn 46</h2><div class="spacer battle-history"><br></div><div class="battle-history">H2OPulse withdrew Astera!<br></div><div class="battle-history">H2OPulse sent out Snakecotton (<strong>Orbeetle-Variant</strong>)!<br></div><div class="spacer battle-history"><br></div><div class="battle-history">Robin used <strong>Vacuum Wave</strong>!<br></div><div class="battle-history"><small>It's not very effective...</small><br></div><div class="battle-history"><small>(The opposing Snakecotton lost 8% of its health!)</small><br></div><div class="spacer battle-history"><br></div><div class="battle-history"><small>Robin was hurt by its burn!</small><br></div><div class="spacer battle-history"><br></div><h2 class="battle-history">Turn 47</h2><div class="spacer battle-history"><br></div><div class="battle-history">Robin used <strong>Draco Meteor</strong>!<br></div><div class="battle-history"><small>(The opposing Snakecotton lost 57% of its health!)</small><br></div><div class="battle-history"><small>Robin's Sp. Atk fell harshly!</small><br></div><div class="spacer battle-history"><br></div><div class="battle-history">The opposing Snakecotton used <strong>Recover</strong>!<br></div><div class="battle-history"><small>The opposing Snakecotton had its HP restored.</small><br></div><div class="spacer battle-history"><br></div><div class="battle-history"><small>Robin was hurt by its burn!</small><br></div><div class="spacer battle-history"><br></div><h2 class="battle-history">Turn 48</h2><div class="spacer battle-history"><br></div><div class="battle-history">Robin used <strong>Draco Meteor</strong>!<br></div><div class="battle-history"><small>(The opposing Snakecotton lost 30% of its health!)</small><br></div><div class="battle-history"><small>Robin's Sp. Atk fell harshly!</small><br></div><div class="spacer battle-history"><br></div><div class="battle-history">The opposing Snakecotton used <strong>Bug Buzz</strong>!<br></div><div class="battle-history"><small>It's not very effective...</small><br></div><div class="battle-history"><small>(Robin lost <abbr title="−33/394">8.4%</abbr> of its health!)</small><br></div><div class="spacer battle-history"><br></div><div class="battle-history">Robin fainted!<br></div><div class="spacer battle-history"><br></div><div class="battle-history"><strong>H2OPulse</strong> won the battle!<br></div><div class="chat chatmessage-inkbug1 mine"><strong style="color:#e46e0f"><small>☆</small><span class="username" data-name="inkbug1">inkbug1</span>:</strong> <em>ok i have something rlly fun to try </em></div><div class="chat chatmessage-h2opulse"><strong style="color:#6e8c2b"><small>☆</small><span class="username" data-name="H2OPulse">H2OPulse</span>:</strong> <em>Good game!! O:</em></div><div class="chat chatmessage-h2opulse"><strong style="color:#6e8c2b"><small>☆</small><span class="username" data-name="H2OPulse">H2OPulse</span>:</strong> <em>Oh hype</em></div><div class="chat chatmessage-inkbug1 mine"><strong style="color:#e46e0f"><small>☆</small><span class="username" data-name="inkbug1">inkbug1</span>:</strong> <em>gimme ksut a min</em></div></div><div class="inner-preempt message-log"></div></div></div>
</div>
<script>
let daily = Math.floor(Date.now()/1000/60/60/24);document.write('<script src="https://dragonheaven.herokuapp.com/js/replay-embed.js?version'+daily+'"></'+'script>');
</script>
