<!DOCTYPE html>
<meta charset="utf-8" />
<!-- version 1 -->
<title>[Gen 8] Evolution Project replay: time to chill vs. god of joe</title>
<style>
html,body {font-family:Verdana, sans-serif;font-size:10pt;margin:0;padding:0;}body{padding:12px 0;} .battle-log {font-family:Verdana, sans-serif;font-size:10pt;} .battle-log-inline {border:1px solid #AAAAAA;background:#EEF2F5;color:black;max-width:640px;margin:0 auto 80px;padding-bottom:5px;} .battle-log .inner {padding:4px 8px 0px 8px;} .battle-log .inner-preempt {padding:0 8px 4px 8px;} .battle-log .inner-after {margin-top:0.5em;} .battle-log h2 {margin:0.5em -8px;padding:4px 8px;border:1px solid #AAAAAA;background:#E0E7EA;border-left:0;border-right:0;font-family:Verdana, sans-serif;font-size:13pt;} .battle-log .chat {vertical-align:middle;padding:3px 0 3px 0;font-size:8pt;} .battle-log .chat strong {color:#40576A;} .battle-log .chat em {padding:1px 4px 1px 3px;color:#000000;font-style:normal;} .chat.mine {background:rgba(0,0,0,0.05);margin-left:-8px;margin-right:-8px;padding-left:8px;padding-right:8px;} .spoiler {color:#BBBBBB;background:#BBBBBB;padding:0px 3px;} .spoiler:hover, .spoiler:active, .spoiler-shown {color:#000000;background:#E2E2E2;padding:0px 3px;} .spoiler a {color:#BBBBBB;} .spoiler:hover a, .spoiler:active a, .spoiler-shown a {color:#2288CC;} .chat code, .chat .spoiler:hover code, .chat .spoiler:active code, .chat .spoiler-shown code {border:1px solid #C0C0C0;background:#EEEEEE;color:black;padding:0 2px;} .chat .spoiler code {border:1px solid #CCCCCC;background:#CCCCCC;color:#CCCCCC;} .battle-log .rated {padding:3px 4px;} .battle-log .rated strong {color:white;background:#89A;padding:1px 4px;border-radius:4px;} .spacer {margin-top:0.5em;} .message-announce {background:#6688AA;color:white;padding:1px 4px 2px;} .message-announce a, .broadcast-green a, .broadcast-blue a, .broadcast-red a {color:#DDEEFF;} .broadcast-green {background-color:#559955;color:white;padding:2px 4px;} .broadcast-blue {background-color:#6688AA;color:white;padding:2px 4px;} .infobox {border:1px solid #6688AA;padding:2px 4px;} .infobox-limited {max-height:200px;overflow:auto;overflow-x:hidden;} .broadcast-red {background-color:#AA5544;color:white;padding:2px 4px;} .message-learn-canlearn {font-weight:bold;color:#228822;text-decoration:underline;} .message-learn-cannotlearn {font-weight:bold;color:#CC2222;text-decoration:underline;} .message-effect-weak {font-weight:bold;color:#CC2222;} .message-effect-resist {font-weight:bold;color:#6688AA;} .message-effect-immune {font-weight:bold;color:#666666;} .message-learn-list {margin-top:0;margin-bottom:0;} .message-throttle-notice, .message-error {color:#992222;} .message-overflow, .chat small.message-overflow {font-size:0pt;} .message-overflow::before {font-size:9pt;content:'...';} .subtle {color:#3A4A66;}
</style>
<div class="wrapper replay-wrapper" style="max-width:1180px;margin:0 auto">
<input type="hidden" name="replayid" value="dragonheaven-gen8evolutionproject-78" />
<div class="battle"></div><div class="battle-log"></div><div class="replay-controls"></div><div class="replay-controls-2"></div>
<h1 style="font-weight:normal;text-align:center"><strong>[Gen 8] Evolution Project</strong><br /><a href="http://pokemonshowdown.com/users/timetochill" class="subtle" target="_blank">time to chill</a> vs. <a href="http://pokemonshowdown.com/users/godofjoe" class="subtle" target="_blank">god of joe</a></h1>
<script type="text/plain" class="battle-log-data">|j|☆time to chill
|j|☆god of joe
|t:|1658007615
|player|p1|time to chill|cyclist-gen4|
|player|p2|god of joe|caitlin|
|teamsize|p1|6
|teamsize|p2|6
|gametype|singles
|gen|8
|tier|[Gen 8] Evolution Project
|clearpoke
|poke|p1|Starmie-Variant, M|
|poke|p1|Michu, F|
|poke|p1|Krookodile, M|
|poke|p1|Starly-Crown, M|
|poke|p1|Jackourd-*, F|
|poke|p1|Rotom-Heat|
|poke|p2|Boomblare, F|
|poke|p2|Tyrandra, F|
|poke|p2|Sylveon, M|
|poke|p2|Aggron-Hisui, M|
|poke|p2|Naganadel-Terrestrial, F|
|poke|p2|Excadrill-Hisui, M|
|rule|HP Percentage Mod: HP is shown in percentages
|rule|Endless Battle Clause: Forcing endless battles is banned
|rule|OHKO Clause: OHKO moves are banned
|rule|Evasion Moves Clause: Evasion moves are banned
|rule|Species Clause: Limit one of each Pokémon
|rule|Dynamax Clause: You cannot dynamax
|rule|Sleep Clause Mod: Limit one foe put to sleep
|rule|Z-Move Clause: Type-based Z-Moves are banned
|teampreview
|j|~inkbug1

|c|☆time to chill|glhf!
|c|☆god of joe|u2
|
|t:|1658007646
|start
|switch|p1a: Jackourd|Jackourd-Super, F|100\/100
|switch|p2a: Naganadel-Terrestr|Naganadel-Terrestrial, F|100\/100
|-start|p2a: Naganadel-Terrestr|typechange|Bug\/Dragon|[silent]
|raw|<ul class="utilichart"><li class="result"><span class="col pokemonnamecol" style="white-space: nowrap">Naganadel-Terrestrial<\/span> <span class="col typecol"><img src="https:\/\/dragonheaven.herokuapp.com\/sprites\/types\/Bug.png" alt="Bug" height="14" width="32"><img src="https:\/\/dragonheaven.herokuapp.com\/sprites\/types\/Dragon.png" alt="Dragon" height="14" width="32"><\/span> <span style="float: left ; min-height: 26px"><span class="col abilitycol">Regenerator \/ Beast Boost<\/span><span class="col abilitycol"><\/span><\/span><\/li><li style="clear: both"><\/li><\/ul>
|raw|<ul class="utilichart"><li class="result"><span style="float: left ; min-height: 26px"><span class="col statcol"><em>HP<\/em><br>73<\/span> <span class="col statcol"><em>Atk<\/em><br>127<\/span> <span class="col statcol"><em>Def<\/em><br>73<\/span> <span class="col statcol"><em>SpA<\/em><br>127<\/span> <span class="col statcol"><em>SpD<\/em><br>73<\/span> <span class="col statcol"><em>Spe<\/em><br>67<\/span> <\/span><\/li><li style="clear: both"><\/li><\/ul>
|-hint|Naganadel-Terrestrial was created by KeroseneZanchu!
|-start|p1a: Jackourd|typechange|Ghost\/Grass|[silent]
|raw|<ul class="utilichart"><li class="result"><span class="col pokemonnamecol" style="white-space: nowrap">Jackourd-Super<\/span> <span class="col typecol"><img src="https:\/\/dragonheaven.herokuapp.com\/sprites\/types\/Ghost.png" alt="Ghost" height="14" width="32"><img src="https:\/\/dragonheaven.herokuapp.com\/sprites\/types\/Grass.png" alt="Grass" height="14" width="32"><\/span> <span style="float: left ; min-height: 26px"><span class="col abilitycol">Pickup \/ Harvest \/ Hoard<\/span><span class="col abilitycol"><\/span><\/span><\/li><li style="clear: both"><\/li><\/ul>
|raw|<ul class="utilichart"><li class="result"><span style="float: left ; min-height: 26px"><span class="col statcol"><em>HP<\/em><br>95<\/span> <span class="col statcol"><em>Atk<\/em><br>100<\/span> <span class="col statcol"><em>Def<\/em><br>122<\/span> <span class="col statcol"><em>SpA<\/em><br>85<\/span> <span class="col statcol"><em>SpD<\/em><br>75<\/span> <span class="col statcol"><em>Spe<\/em><br>54<\/span> <\/span><\/li><li style="clear: both"><\/li><\/ul>
|-hint|Jackourd-Super was created by KeroseneZanchu!
|turn|1
|
|t:|1658007708
|move|p2a: Naganadel-Terrestr|U-turn|p1a: Jackourd
|-damage|p1a: Jackourd|74\/100
|
|t:|1658007720
|switch|p2a: Tyrandra|Tyrandra, F|100\/100|[from]move: U-turn
|-start|p2a: Tyrandra|typechange|Dark\/Dragon|[silent]
|raw|<ul class="utilichart"><li class="result"><span class="col pokemonnamecol" style="white-space: nowrap">Tyrandra<\/span> <span class="col typecol"><img src="https:\/\/dragonheaven.herokuapp.com\/sprites\/types\/Dark.png" alt="Dark" height="14" width="32"><img src="https:\/\/dragonheaven.herokuapp.com\/sprites\/types\/Dragon.png" alt="Dragon" height="14" width="32"><\/span> <span style="float: left ; min-height: 26px"><span class="col abilitycol">Poison Point \/ Merciless \/ Damp<\/span><span class="col abilitycol"><\/span><\/span><\/li><li style="clear: both"><\/li><\/ul>
|raw|<ul class="utilichart"><li class="result"><span style="float: left ; min-height: 26px"><span class="col statcol"><em>HP<\/em><br>70<\/span> <span class="col statcol"><em>Atk<\/em><br>90<\/span> <span class="col statcol"><em>Def<\/em><br>95<\/span> <span class="col statcol"><em>SpA<\/em><br>90<\/span> <span class="col statcol"><em>SpD<\/em><br>95<\/span> <span class="col statcol"><em>Spe<\/em><br>100<\/span> <\/span><\/li><li style="clear: both"><\/li><\/ul>
|-hint|Tyrandra was created by ausma!
|move|p1a: Jackourd|Leech Seed|p2a: Tyrandra
|-start|p2a: Tyrandra|move: Leech Seed
|
|-damage|p2a: Tyrandra|88\/100|[from] Leech Seed|[of] p1a: Jackourd
|-heal|p1a: Jackourd|82\/100|[silent]
|upkeep
|turn|2
|
|t:|1658007733
|move|p2a: Tyrandra|Toxic|p1a: Jackourd|[miss]
|-miss|p2a: Tyrandra|p1a: Jackourd
|move|p1a: Jackourd|Will-O-Wisp|p2a: Tyrandra
|-status|p2a: Tyrandra|brn
|
|-heal|p2a: Tyrandra|94\/100 brn|[from] item: Leftovers
|-damage|p2a: Tyrandra|82\/100 brn|[from] Leech Seed|[of] p1a: Jackourd
|-heal|p1a: Jackourd|91\/100|[silent]
|-damage|p2a: Tyrandra|76\/100 brn|[from] brn
|upkeep
|turn|3
|c|☆time to chill|mb
|c|☆god of joe|this tyrandra has missed all of its toxics so far
|
|t:|1658007765
|switch|p1a: Starly|Starly-Crown, M|100\/100
|-start|p1a: Starly|typechange|Normal\/Flying|[silent]
|raw|<ul class="utilichart"><li class="result"><span class="col pokemonnamecol" style="white-space: nowrap">Starly-Crown<\/span> <span class="col typecol"><img src="https:\/\/dragonheaven.herokuapp.com\/sprites\/types\/Normal.png" alt="Normal" height="14" width="32"><img src="https:\/\/dragonheaven.herokuapp.com\/sprites\/types\/Flying.png" alt="Flying" height="14" width="32"><\/span> <span style="float: left ; min-height: 26px"><span class="col abilitycol">Murmuration<\/span><span class="col abilitycol"><\/span><\/span><\/li><li style="clear: both"><\/li><\/ul>
|raw|<ul class="utilichart"><li class="result"><span style="float: left ; min-height: 26px"><span class="col statcol"><em>HP<\/em><br>40<\/span> <span class="col statcol"><em>Atk<\/em><br>55<\/span> <span class="col statcol"><em>Def<\/em><br>30<\/span> <span class="col statcol"><em>SpA<\/em><br>30<\/span> <span class="col statcol"><em>SpD<\/em><br>30<\/span> <span class="col statcol"><em>Spe<\/em><br>60<\/span> <\/span><\/li><li style="clear: both"><\/li><\/ul>
|-hint|Starly-Crown was created by KeroseneZanchu!
|detailschange|p1a: Starly|Starly-Crown-Cloud, M
|-start|p1a: Starly|typechange|Normal\/Flying|[silent]
|raw|<ul class="utilichart"><li class="result"><span class="col pokemonnamecol" style="white-space: nowrap">Starly-Crown-Cloud<\/span> <span class="col typecol"><img src="https:\/\/dragonheaven.herokuapp.com\/sprites\/types\/Normal.png" alt="Normal" height="14" width="32"><img src="https:\/\/dragonheaven.herokuapp.com\/sprites\/types\/Flying.png" alt="Flying" height="14" width="32"><\/span> <span style="float: left ; min-height: 26px"><span class="col abilitycol">Murmuration<\/span><span class="col abilitycol"><\/span><\/span><span style="float: left ; min-height: 26px"><span class="col statcol"><em>HP<\/em><br>40<\/span> <span class="col statcol"><em>Atk<\/em><br>120<\/span> <span class="col statcol"><em>Def<\/em><br>170<\/span> <span class="col statcol"><em>SpA<\/em><br>50<\/span> <span class="col statcol"><em>SpD<\/em><br>161<\/span> <span class="col statcol"><em>Spe<\/em><br>100<\/span> <\/span><\/li><li style="clear: both"><\/li><\/ul>
|-message|Starly changed to Cloud Form!
|-start|p1a: Starly|typechange|Normal\/Flying|[silent]
|raw|<ul class="utilichart"><li class="result"><span class="col pokemonnamecol" style="white-space: nowrap">Starly-Crown-Cloud<\/span> <span class="col typecol"><img src="https:\/\/dragonheaven.herokuapp.com\/sprites\/types\/Normal.png" alt="Normal" height="14" width="32"><img src="https:\/\/dragonheaven.herokuapp.com\/sprites\/types\/Flying.png" alt="Flying" height="14" width="32"><\/span> <span style="float: left ; min-height: 26px"><span class="col abilitycol">Murmuration<\/span><span class="col abilitycol"><\/span><\/span><span style="float: left ; min-height: 26px"><span class="col statcol"><em>HP<\/em><br>40<\/span> <span class="col statcol"><em>Atk<\/em><br>120<\/span> <span class="col statcol"><em>Def<\/em><br>170<\/span> <span class="col statcol"><em>SpA<\/em><br>50<\/span> <span class="col statcol"><em>SpD<\/em><br>161<\/span> <span class="col statcol"><em>Spe<\/em><br>100<\/span> <\/span><\/li><li style="clear: both"><\/li><\/ul>
|move|p2a: Tyrandra|Toxic|p1a: Starly
|-status|p1a: Starly|tox
|
|-heal|p2a: Tyrandra|82\/100 brn|[from] item: Leftovers
|-damage|p2a: Tyrandra|69\/100 brn|[from] Leech Seed|[of] p1a: Starly
|-damage|p2a: Tyrandra|63\/100 brn|[from] brn
|-damage|p1a: Starly|94\/100 tox|[from] psn
|-start|p1a: Starly|typechange|Normal\/Flying|[silent]
|upkeep
|turn|4
|
|t:|1658007781
|move|p2a: Tyrandra|Flip Turn|p1a: Starly
|-crit|p1a: Starly
|-damage|p1a: Starly|88\/100 tox
|
|t:|1658007787
|switch|p2a: Aggron|Aggron-Hisui, M|100\/100|[from]move: Flip Turn
|-start|p2a: Aggron|typechange|Steel\/Fighting|[silent]
|raw|<ul class="utilichart"><li class="result"><span class="col pokemonnamecol" style="white-space: nowrap">Aggron-Hisui<\/span> <span class="col typecol"><img src="https:\/\/dragonheaven.herokuapp.com\/sprites\/types\/Steel.png" alt="Steel" height="14" width="32"><img src="https:\/\/dragonheaven.herokuapp.com\/sprites\/types\/Fighting.png" alt="Fighting" height="14" width="32"><\/span> <span style="float: left ; min-height: 26px"><span class="col abilitycol">Sturdy \/ Soundproof \/ Heavy Metal<\/span><span class="col abilitycol"><\/span><\/span><\/li><li style="clear: both"><\/li><\/ul>
|raw|<ul class="utilichart"><li class="result"><span style="float: left ; min-height: 26px"><span class="col statcol"><em>HP<\/em><br>70<\/span> <span class="col statcol"><em>Atk<\/em><br>60<\/span> <span class="col statcol"><em>Def<\/em><br>180<\/span> <span class="col statcol"><em>SpA<\/em><br>110<\/span> <span class="col statcol"><em>SpD<\/em><br>60<\/span> <span class="col statcol"><em>Spe<\/em><br>50<\/span> <\/span><\/li><li style="clear: both"><\/li><\/ul>
|-hint|Aggron-Hisui was created by Violet!
|move|p1a: Starly|U-turn|p2a: Aggron
|-resisted|p2a: Aggron
|-damage|p2a: Aggron|98\/100
|
|t:|1658007808
|switch|p1a: Rotom|Rotom-Heat|100\/100|[from]move: U-turn
|
|upkeep
|turn|5
|
|t:|1658007814
|move|p1a: Rotom|Nasty Plot|p1a: Rotom
|-boost|p1a: Rotom|spa|2
|move|p2a: Aggron|Body Press|p1a: Rotom
|-damage|p1a: Rotom|53\/100
|
|upkeep
|turn|6
|
|t:|1658007829
|switch|p2a: Sylveon|Sylveon, M|100\/100
|move|p1a: Rotom|Overheat|p2a: Sylveon
|-damage|p2a: Sylveon|25\/100
|-unboost|p1a: Rotom|spa|2
|
|-heal|p2a: Sylveon|31\/100|[from] item: Leftovers
|upkeep
|turn|7
|
|t:|1658007843
|switch|p2a: Naganadel-Terrestr|Naganadel-Terrestrial, F|100\/100
|-start|p2a: Naganadel-Terrestr|typechange|Bug\/Dragon|[silent]
|move|p1a: Rotom|Nasty Plot|p1a: Rotom
|-boost|p1a: Rotom|spa|2
|
|upkeep
|turn|8
|c|☆god of joe|stop that
|
|t:|1658007868
|switch|p2a: Sylveon|Sylveon, M|31\/100
|move|p1a: Rotom|Overheat|p2a: Sylveon
|-damage|p2a: Sylveon|0 fnt
|-unboost|p1a: Rotom|spa|2
|faint|p2a: Sylveon
|
|upkeep
|
|t:|1658007874
|switch|p2a: Boomblare|Boomblare, F|100\/100
|-start|p2a: Boomblare|typechange|Normal\/Electric|[silent]
|raw|<ul class="utilichart"><li class="result"><span class="col pokemonnamecol" style="white-space: nowrap">Boomblare<\/span> <span class="col typecol"><img src="https:\/\/dragonheaven.herokuapp.com\/sprites\/types\/Normal.png" alt="Normal" height="14" width="32"><img src="https:\/\/dragonheaven.herokuapp.com\/sprites\/types\/Electric.png" alt="Electric" height="14" width="32"><\/span> <span style="float: left ; min-height: 26px"><span class="col abilitycol">Blowout<\/span><span class="col abilitycol"><\/span><\/span><\/li><li style="clear: both"><\/li><\/ul>
|raw|<ul class="utilichart"><li class="result"><span style="float: left ; min-height: 26px"><span class="col statcol"><em>HP<\/em><br>104<\/span> <span class="col statcol"><em>Atk<\/em><br>116<\/span> <span class="col statcol"><em>Def<\/em><br>58<\/span> <span class="col statcol"><em>SpA<\/em><br>76<\/span> <span class="col statcol"><em>SpD<\/em><br>58<\/span> <span class="col statcol"><em>Spe<\/em><br>78<\/span> <\/span><\/li><li style="clear: both"><\/li><\/ul>
|-hint|Boomblare was created by ausma!
|turn|9
|
|t:|1658007879
|switch|p1a: Jackourd|Jackourd-Super, F|91\/100
|-start|p1a: Jackourd|typechange|Ghost\/Grass|[silent]
|move|p2a: Boomblare|Crunch|p1a: Jackourd
|-supereffective|p1a: Jackourd
|-crit|p1a: Jackourd
|-enditem|p1a: Jackourd|Colbur Berry|[eat]
|-enditem|p1a: Jackourd|Colbur Berry|[weaken]
|-damage|p1a: Jackourd|67\/100
|-damage|p2a: Boomblare|91\/100|[from] item: Life Orb
|
|upkeep
|turn|10
|
|t:|1658007889
|-ability|p1a: Jackourd|Hoard
|-item|p1a: Jackourd|Colbur Berry|[from] Ability: Hoard
|switch|p1a: Krookodile|Krookodile, M|100\/100
|-ability|p1a: Krookodile|Intimidate|boost
|-unboost|p2a: Boomblare|atk|1
|move|p2a: Boomblare|Volt Switch|p1a: Krookodile
|-immune|p1a: Krookodile
|
|upkeep
|turn|11
|c|☆god of joe|wow.
|c|☆god of joe|the real boomblare counter huh
|
|t:|1658007913
|switch|p2a: Aggron|Aggron-Hisui, M|98\/100
|-start|p2a: Aggron|typechange|Steel\/Fighting|[silent]
|move|p1a: Krookodile|Knock Off|p2a: Aggron
|-resisted|p2a: Aggron
|-damage|p2a: Aggron|76\/100
|-enditem|p2a: Aggron|Assault Vest|[from] move: Knock Off|[of] p1a: Krookodile
|
|upkeep
|turn|12
|
|t:|1658007930
|switch|p1a: Jackourd|Jackourd-Super, F|67\/100
|-start|p1a: Jackourd|typechange|Ghost\/Grass|[silent]
|move|p2a: Aggron|Flash Cannon|p1a: Jackourd
|-damage|p1a: Jackourd|38\/100
|
|upkeep
|turn|13
|
|t:|1658007937
|move|p1a: Jackourd|Synthesis|p1a: Jackourd
|-heal|p1a: Jackourd|88\/100
|move|p2a: Aggron|Ice Beam|p1a: Jackourd
|-supereffective|p1a: Jackourd
|-damage|p1a: Jackourd|42\/100
|
|upkeep
|turn|14
|
|t:|1658007943
|move|p1a: Jackourd|Synthesis|p1a: Jackourd
|-heal|p1a: Jackourd|92\/100
|move|p2a: Aggron|Ice Beam|p1a: Jackourd
|-supereffective|p1a: Jackourd
|-damage|p1a: Jackourd|52\/100
|
|upkeep
|turn|15
|
|t:|1658007950
|move|p1a: Jackourd|Leech Seed|p2a: Aggron
|-start|p2a: Aggron|move: Leech Seed
|move|p2a: Aggron|Ice Beam|p1a: Jackourd
|-supereffective|p1a: Jackourd
|-damage|p1a: Jackourd|8\/100
|-status|p1a: Jackourd|frz
|
|-damage|p2a: Aggron|63\/100|[from] Leech Seed|[of] p1a: Jackourd
|-heal|p1a: Jackourd|19\/100 frz|[silent]
|upkeep
|turn|16
|
|t:|1658007959
|switch|p2a: Naganadel-Terrestr|Naganadel-Terrestrial, F|100\/100
|-start|p2a: Naganadel-Terrestr|typechange|Bug\/Dragon|[silent]
|cant|p1a: Jackourd|frz
|
|upkeep
|turn|17
|
|t:|1658007966
|move|p2a: Naganadel-Terrestr|Fell Stinger|p1a: Jackourd
|-damage|p1a: Jackourd|0 fnt
|-boost|p2a: Naganadel-Terrestr|atk|3
|faint|p1a: Jackourd
|
|upkeep
|
|t:|1658007979
|switch|p1a: Starmie|Starmie-Variant, M|100\/100
|-start|p1a: Starmie|typechange|Rock|[silent]
|raw|<ul class="utilichart"><li class="result"><span class="col pokemonnamecol" style="white-space: nowrap">Starmie-Variant<\/span> <span class="col typecol"><img src="https:\/\/dragonheaven.herokuapp.com\/sprites\/types\/Rock.png" alt="Rock" height="14" width="32"><\/span> <span style="float: left ; min-height: 26px"><span class="col abilitycol">Dazzling \/ Natural Cure \/ Analytic<\/span><span class="col abilitycol"><\/span><\/span><\/li><li style="clear: both"><\/li><\/ul>
|raw|<ul class="utilichart"><li class="result"><span style="float: left ; min-height: 26px"><span class="col statcol"><em>HP<\/em><br>60<\/span> <span class="col statcol"><em>Atk<\/em><br>75<\/span> <span class="col statcol"><em>Def<\/em><br>85<\/span> <span class="col statcol"><em>SpA<\/em><br>100<\/span> <span class="col statcol"><em>SpD<\/em><br>85<\/span> <span class="col statcol"><em>Spe<\/em><br>115<\/span> <\/span><\/li><li style="clear: both"><\/li><\/ul>
|-hint|Starmie-Variant was created by BlueRay!
|turn|18
|
|t:|1658007984
|switch|p2a: Excadrill|Excadrill-Hisui, M|100\/100
|-start|p2a: Excadrill|typechange|Ground\/Normal|[silent]
|raw|<ul class="utilichart"><li class="result"><span class="col pokemonnamecol" style="white-space: nowrap">Excadrill-Hisui<\/span> <span class="col typecol"><img src="https:\/\/dragonheaven.herokuapp.com\/sprites\/types\/Ground.png" alt="Ground" height="14" width="32"><img src="https:\/\/dragonheaven.herokuapp.com\/sprites\/types\/Normal.png" alt="Normal" height="14" width="32"><\/span> <span style="float: left ; min-height: 26px"><span class="col abilitycol">Centrifuge \/ Sand Force \/ Technician<\/span><span class="col abilitycol"><\/span><\/span><\/li><li style="clear: both"><\/li><\/ul>
|raw|<ul class="utilichart"><li class="result"><span style="float: left ; min-height: 26px"><span class="col statcol"><em>HP<\/em><br>110<\/span> <span class="col statcol"><em>Atk<\/em><br>135<\/span> <span class="col statcol"><em>Def<\/em><br>60<\/span> <span class="col statcol"><em>SpA<\/em><br>50<\/span> <span class="col statcol"><em>SpD<\/em><br>65<\/span> <span class="col statcol"><em>Spe<\/em><br>88<\/span> <\/span><\/li><li style="clear: both"><\/li><\/ul>
|-hint|Excadrill-Hisui was created by ausma!
|move|p1a: Starmie|Power Gem|p2a: Excadrill
|-resisted|p2a: Excadrill
|-damage|p2a: Excadrill|72\/100
|-damage|p1a: Starmie|91\/100|[from] item: Life Orb
|
|-heal|p2a: Excadrill|78\/100|[from] item: Leftovers
|upkeep
|turn|19
|
|t:|1658007995
|move|p1a: Starmie|Ice Beam|p2a: Excadrill
|-supereffective|p2a: Excadrill
|-damage|p2a: Excadrill|8\/100
|-damage|p1a: Starmie|81\/100|[from] item: Life Orb
|move|p2a: Excadrill|Toxic|p1a: Starmie
|-status|p1a: Starmie|tox
|
|-heal|p2a: Excadrill|14\/100|[from] item: Leftovers
|-damage|p1a: Starmie|74\/100 tox|[from] psn
|upkeep
|turn|20
|
|t:|1658008008
|move|p1a: Starmie|Ice Beam|p2a: Excadrill
|-supereffective|p2a: Excadrill
|-damage|p2a: Excadrill|0 fnt
|-damage|p1a: Starmie|64\/100 tox|[from] item: Life Orb
|faint|p2a: Excadrill
|
|-damage|p1a: Starmie|52\/100 tox|[from] psn
|upkeep
|c|☆time to chill|was that spd exca?
|c|☆god of joe|y
|
|t:|1658008025
|switch|p2a: Tyrandra|Tyrandra, F|63\/100 brn
|-start|p2a: Tyrandra|typechange|Dark\/Dragon|[silent]
|turn|21
|
|t:|1658008041
|switch|p1a: Starly|Starly-Crown-Cloud, M|88\/100 tox
|-start|p1a: Starly|typechange|Normal\/Flying|[silent]
|-start|p1a: Starly|typechange|Normal\/Flying|[silent]
|switch|p2a: Aggron|Aggron-Hisui, M|63\/100
|-start|p2a: Aggron|typechange|Steel\/Fighting|[silent]
|
|-damage|p1a: Starly|82\/100 tox|[from] psn
|-start|p1a: Starly|typechange|Normal\/Flying|[silent]
|upkeep
|turn|22
|
|t:|1658008052
|move|p1a: Starly|Flurry|p2a: Aggron
|-message|Starly called for help!
|move|p2a: Aggron|Body Press|p1a: Starly
|-damage|p1a: Starly|46\/100 tox
|
|-message|Aggron is being swarmed by a flurry of Starly!
|-anim|p1a: Starly|Sky Attack|p2a: Aggron
|-damage|p2a: Aggron|57\/100
|-damage|p1a: Starly|34\/100 tox|[from] psn
|-start|p1a: Starly|typechange|Normal\/Flying|[silent]
|upkeep
|turn|23
|
|t:|1658008061
|move|p1a: Starly|U-turn|p2a: Aggron
|-resisted|p2a: Aggron
|-damage|p2a: Aggron|54\/100
|
|t:|1658008064
|switch|p1a: Rotom|Rotom-Heat|53\/100|[from]move: U-turn
|move|p2a: Aggron|Body Press|p1a: Rotom
|-damage|p1a: Rotom|0 fnt
|faint|p1a: Rotom
|
|-message|Aggron is being swarmed by a flurry of Starly!
|-damage|p2a: Aggron|49\/100
|upkeep
|
|t:|1658008079
|switch|p1a: Krookodile|Krookodile, M|100\/100
|-ability|p1a: Krookodile|Intimidate|boost
|-unboost|p2a: Aggron|atk|1
|turn|24
|
|t:|1658008087
|switch|p2a: Naganadel-Terrestr|Naganadel-Terrestrial, F|100\/100
|-start|p2a: Naganadel-Terrestr|typechange|Bug\/Dragon|[silent]
|move|p1a: Krookodile|Earthquake|p2a: Naganadel-Terrestr
|-resisted|p2a: Naganadel-Terrestr
|-damage|p2a: Naganadel-Terrestr|49\/100
|
|-message|Naganadel-Terrestr is being swarmed by a flurry of Starly!
|-supereffective|p2a: Naganadel-Terrestr
|-damage|p2a: Naganadel-Terrestr|20\/100
|upkeep
|turn|25
|
|t:|1658008095
|move|p1a: Krookodile|Earthquake|p2a: Naganadel-Terrestr
|-resisted|p2a: Naganadel-Terrestr
|-damage|p2a: Naganadel-Terrestr|0 fnt
|faint|p2a: Naganadel-Terrestr
|
|-hint|Flurry did not hit because the target is the user.
|upkeep
|
|t:|1658008099
|switch|p2a: Tyrandra|Tyrandra, F|63\/100 brn
|-start|p2a: Tyrandra|typechange|Dark\/Dragon|[silent]
|turn|26
|
|t:|1658008104
|switch|p1a: Starly|Starly-Crown-Cloud, M|34\/100 tox
|-start|p1a: Starly|typechange|Normal\/Flying|[silent]
|-start|p1a: Starly|typechange|Normal\/Flying|[silent]
|move|p2a: Tyrandra|Draco Meteor|p1a: Starly
|-crit|p1a: Starly
|-damage|p1a: Starly|0 fnt
|-unboost|p2a: Tyrandra|spa|2
|faint|p1a: Starly
|
|-message|Tyrandra is being swarmed by a flurry of Starly!
|-damage|p2a: Tyrandra|49\/100 brn
|-heal|p2a: Tyrandra|55\/100 brn|[from] item: Leftovers
|-damage|p2a: Tyrandra|49\/100 brn|[from] brn
|upkeep
|
|t:|1658008122
|switch|p1a: Michu|Michu, F|100\/100
|-start|p1a: Michu|typechange|Normal\/Fairy|[silent]
|raw|<ul class="utilichart"><li class="result"><span class="col pokemonnamecol" style="white-space: nowrap">Michu<\/span> <span class="col typecol"><img src="https:\/\/dragonheaven.herokuapp.com\/sprites\/types\/Normal.png" alt="Normal" height="14" width="32"><img src="https:\/\/dragonheaven.herokuapp.com\/sprites\/types\/Fairy.png" alt="Fairy" height="14" width="32"><\/span> <span style="float: left ; min-height: 26px"><span class="col abilitycol">Rattled<\/span><span class="col abilitycol"><\/span><\/span><\/li><li style="clear: both"><\/li><\/ul>
|raw|<ul class="utilichart"><li class="result"><span style="float: left ; min-height: 26px"><span class="col statcol"><em>HP<\/em><br>35<\/span> <span class="col statcol"><em>Atk<\/em><br>80<\/span> <span class="col statcol"><em>Def<\/em><br>60<\/span> <span class="col statcol"><em>SpA<\/em><br>30<\/span> <span class="col statcol"><em>SpD<\/em><br>95<\/span> <span class="col statcol"><em>Spe<\/em><br>101<\/span> <\/span><\/li><li style="clear: both"><\/li><\/ul>
|-hint|Michu was created by Hematite!
|turn|27
|
|t:|1658008203
|move|p1a: Michu|Play Rough|p2a: Tyrandra
|-supereffective|p2a: Tyrandra
|-damage|p2a: Tyrandra|0 fnt
|faint|p2a: Tyrandra
|
|upkeep
|
|t:|1658008205
|switch|p2a: Boomblare|Boomblare, F|91\/100
|-start|p2a: Boomblare|typechange|Normal\/Electric|[silent]
|turn|28
|c|☆god of joe|def need speed control
|
|t:|1658008212
|move|p1a: Michu|Play Rough|p2a: Boomblare
|-damage|p2a: Boomblare|32\/100
|move|p2a: Boomblare|Boomburst|p1a: Michu
|-damage|p1a: Michu|6\/100
|-ability|p2a: Boomblare|Blowout
|-ability|p1a: Michu|Soundproof
|-message|Michu lost its hearing!
|-damage|p2a: Boomblare|23\/100|[from] item: Life Orb
|
|upkeep
|turn|29
|c|~inkbug1|oh my god michu 
|
|t:|1658008223
|move|p1a: Michu|Play Rough|p2a: Boomblare
|-damage|p2a: Boomblare|0 fnt
|faint|p2a: Boomblare
|
|upkeep
|c|☆time to chill|it has decent spd
|c|☆time to chill|backed up by eviolite
|
|t:|1658008260
|switch|p2a: Aggron|Aggron-Hisui, M|49\/100
|-start|p2a: Aggron|typechange|Steel\/Fighting|[silent]
|turn|30
|
|t:|1658008264
|move|p1a: Michu|Play Rough|p2a: Aggron
|-damage|p2a: Aggron|29\/100
|move|p2a: Aggron|Body Press|p1a: Michu
|-damage|p1a: Michu|0 fnt
|faint|p1a: Michu
|
|upkeep
|
|t:|1658008272
|switch|p1a: Starmie|Starmie-Variant, M|52\/100 tox
|-start|p1a: Starmie|typechange|Rock|[silent]
|turn|31
|
|t:|1658008280
|move|p1a: Starmie|Thunderbolt|p2a: Aggron
|-damage|p2a: Aggron|0 fnt
|-damage|p1a: Starmie|42\/100 tox|[from] item: Life Orb
|faint|p2a: Aggron
|
|win|time to chill
|c|☆god of joe|gg
|c|☆time to chill|gg!</script>
</div>
<div class="battle-log battle-log-inline"><div class="inner"><div class="battle-options"><div style="padding-top: 3px; padding-right: 3px; text-align: right"><button class="icon button" name="openBattleOptions" title="Options">Battle Options</button></div></div><div class="inner message-log"><div class="chat"><small>☆time to chill and ☆god of joe joined</small></div><div class=""><small>Format:</small> <br><strong>[Gen 8] Evolution Project</strong></div><div class=""><small><em>HP Percentage Mod:</em> HP is shown in percentages</small></div><div class=""><small><em>Endless Battle Clause:</em> Forcing endless battles is banned</small></div><div class=""><small><em>OHKO Clause:</em> OHKO moves are banned</small></div><div class=""><small><em>Evasion Moves Clause:</em> Evasion moves are banned</small></div><div class=""><small><em>Species Clause:</em> Limit one of each Pokémon</small></div><div class=""><small><em>Dynamax Clause:</em> You cannot dynamax</small></div><div class=""><small><em>Sleep Clause Mod:</em> Limit one foe put to sleep</small></div><div class=""><small><em>Z-Move Clause:</em> Type-based Z-Moves are banned</small></div><div class="chat battle-history"><strong>time to chill's team:</strong> <em style="color:#445566;display:block;">Starmie-Variant / Michu / Krookodile / Starly-Crown / Jackourd-* / Rotom-Heat</em></div><div class="chat battle-history"><strong>god of joe's team:</strong> <em style="color:#445566;display:block;">Boomblare / Tyrandra / Sylveon / Aggron-Hisui / Naganadel-Terrestrial / Excadrill-Hisui</em></div><div class="chat"><small>~inkbug1 joined</small></div><div class="chat chatmessage-timetochill"><strong style="color:#338e9e"><small>☆</small><span class="username" data-name="time to chill">time to chill</span>:</strong> <em>glhf!</em></div><div class="chat chatmessage-godofjoe"><strong style="color:#a523c9"><small>☆</small><span class="username" data-name="god of joe">god of joe</span>:</strong> <em>u2</em></div><div class="spacer battle-history"><br></div><div class="battle-history">Battle started between time to chill and god of joe!<br></div><div class="spacer battle-history"><br></div><div class="battle-history">Go! Jackourd (<strong>Jackourd-Super</strong>)!<br></div><div class="spacer battle-history"><br></div><div class="battle-history">god of joe sent out Naganadel-Terrestr (<strong>Naganadel-Terrestrial</strong>)!<br></div><div class="chat"><ul class="utilichart"><li class="result"><span class="col pokemonnamecol" style="white-space: nowrap">Naganadel-Terrestrial</span> <span class="col typecol"><img src="https://dragonheaven.herokuapp.com/sprites/types/Bug.png" alt="Bug" height="14" width="32"><img src="https://dragonheaven.herokuapp.com/sprites/types/Dragon.png" alt="Dragon" height="14" width="32"></span> <span style="float: left ; min-height: 26px"><span class="col abilitycol">Regenerator / Beast Boost</span><span class="col abilitycol"></span></span></li><li style="clear: both"></li></ul></div><div class="chat"><ul class="utilichart"><li class="result"><span style="float: left ; min-height: 26px"><span class="col statcol"><em>HP</em><br>73</span> <span class="col statcol"><em>Atk</em><br>127</span> <span class="col statcol"><em>Def</em><br>73</span> <span class="col statcol"><em>SpA</em><br>127</span> <span class="col statcol"><em>SpD</em><br>73</span> <span class="col statcol"><em>Spe</em><br>67</span> </span></li><li style="clear: both"></li></ul></div><div class="battle-history"><small>(Naganadel-Terrestrial was created by KeroseneZanchu!)</small><br></div><div class="chat"><ul class="utilichart"><li class="result"><span class="col pokemonnamecol" style="white-space: nowrap">Jackourd-Super</span> <span class="col typecol"><img src="https://dragonheaven.herokuapp.com/sprites/types/Ghost.png" alt="Ghost" height="14" width="32"><img src="https://dragonheaven.herokuapp.com/sprites/types/Grass.png" alt="Grass" height="14" width="32"></span> <span style="float: left ; min-height: 26px"><span class="col abilitycol">Pickup / Harvest / Hoard</span><span class="col abilitycol"></span></span></li><li style="clear: both"></li></ul></div><div class="chat"><ul class="utilichart"><li class="result"><span style="float: left ; min-height: 26px"><span class="col statcol"><em>HP</em><br>95</span> <span class="col statcol"><em>Atk</em><br>100</span> <span class="col statcol"><em>Def</em><br>122</span> <span class="col statcol"><em>SpA</em><br>85</span> <span class="col statcol"><em>SpD</em><br>75</span> <span class="col statcol"><em>Spe</em><br>54</span> </span></li><li style="clear: both"></li></ul></div><div class="battle-history"><small>(Jackourd-Super was created by KeroseneZanchu!)</small><br></div><div class="spacer battle-history"><br></div><h2 class="battle-history">Turn 1</h2><div class="spacer battle-history"><br></div><div class="battle-history">The opposing Naganadel-Terrestr used <strong>U-turn</strong>!<br></div><div class="battle-history"><small>(Jackourd lost 26% of its health!)</small><br></div><div class="spacer battle-history"><br></div><div class="battle-history">The opposing Naganadel-Terrestr went back to god of joe!<br></div><div class="battle-history">god of joe sent out <strong>Tyrandra</strong>!<br></div><div class="chat"><ul class="utilichart"><li class="result"><span class="col pokemonnamecol" style="white-space: nowrap">Tyrandra</span> <span class="col typecol"><img src="https://dragonheaven.herokuapp.com/sprites/types/Dark.png" alt="Dark" height="14" width="32"><img src="https://dragonheaven.herokuapp.com/sprites/types/Dragon.png" alt="Dragon" height="14" width="32"></span> <span style="float: left ; min-height: 26px"><span class="col abilitycol">Poison Point / Merciless / Damp</span><span class="col abilitycol"></span></span></li><li style="clear: both"></li></ul></div><div class="chat"><ul class="utilichart"><li class="result"><span style="float: left ; min-height: 26px"><span class="col statcol"><em>HP</em><br>70</span> <span class="col statcol"><em>Atk</em><br>90</span> <span class="col statcol"><em>Def</em><br>95</span> <span class="col statcol"><em>SpA</em><br>90</span> <span class="col statcol"><em>SpD</em><br>95</span> <span class="col statcol"><em>Spe</em><br>100</span> </span></li><li style="clear: both"></li></ul></div><div class="battle-history"><small>(Tyrandra was created by ausma!)</small><br></div><div class="spacer battle-history"><br></div><div class="battle-history">Jackourd used <strong>Leech Seed</strong>!<br></div><div class="battle-history"><small>The opposing Tyrandra was seeded!</small><br></div><div class="spacer battle-history"><br></div><div class="battle-history"><small>The opposing Tyrandra's health is sapped by Leech Seed!</small><br></div><div class="spacer battle-history"><br></div><h2 class="battle-history">Turn 2</h2><div class="spacer battle-history"><br></div><div class="battle-history">The opposing Tyrandra used <strong>Toxic</strong>!<br></div><div class="battle-history"><small>Jackourd avoided the attack!</small><br></div><div class="spacer battle-history"><br></div><div class="battle-history">Jackourd used <strong>Will-O-Wisp</strong>!<br></div><div class="battle-history"><small>The opposing Tyrandra was burned!</small><br></div><div class="spacer battle-history"><br></div><div class="battle-history"><small>The opposing Tyrandra restored a little HP using its Leftovers!</small><br></div><div class="battle-history"><small>The opposing Tyrandra's health is sapped by Leech Seed!</small><br></div><div class="battle-history"><small>The opposing Tyrandra was hurt by its burn!</small><br></div><div class="spacer battle-history"><br></div><h2 class="battle-history">Turn 3</h2><div class="chat chatmessage-timetochill"><strong style="color:#338e9e"><small>☆</small><span class="username" data-name="time to chill">time to chill</span>:</strong> <em>mb</em></div><div class="chat chatmessage-godofjoe"><strong style="color:#a523c9"><small>☆</small><span class="username" data-name="god of joe">god of joe</span>:</strong> <em>this tyrandra has missed all of its toxics so far</em></div><div class="spacer battle-history"><br></div><div class="battle-history">Jackourd, come back!<br></div><div class="battle-history">Go! Starly (<strong>Starly-Crown</strong>)!<br></div><div class="chat"><ul class="utilichart"><li class="result"><span class="col pokemonnamecol" style="white-space: nowrap">Starly-Crown</span> <span class="col typecol"><img src="https://dragonheaven.herokuapp.com/sprites/types/Normal.png" alt="Normal" height="14" width="32"><img src="https://dragonheaven.herokuapp.com/sprites/types/Flying.png" alt="Flying" height="14" width="32"></span> <span style="float: left ; min-height: 26px"><span class="col abilitycol">Murmuration</span><span class="col abilitycol"></span></span></li><li style="clear: both"></li></ul></div><div class="chat"><ul class="utilichart"><li class="result"><span style="float: left ; min-height: 26px"><span class="col statcol"><em>HP</em><br>40</span> <span class="col statcol"><em>Atk</em><br>55</span> <span class="col statcol"><em>Def</em><br>30</span> <span class="col statcol"><em>SpA</em><br>30</span> <span class="col statcol"><em>SpD</em><br>30</span> <span class="col statcol"><em>Spe</em><br>60</span> </span></li><li style="clear: both"></li></ul></div><div class="battle-history"><small>(Starly-Crown was created by KeroseneZanchu!)</small><br></div><div class="chat"><ul class="utilichart"><li class="result"><span class="col pokemonnamecol" style="white-space: nowrap">Starly-Crown-Cloud</span> <span class="col typecol"><img src="https://dragonheaven.herokuapp.com/sprites/types/Normal.png" alt="Normal" height="14" width="32"><img src="https://dragonheaven.herokuapp.com/sprites/types/Flying.png" alt="Flying" height="14" width="32"></span> <span style="float: left ; min-height: 26px"><span class="col abilitycol">Murmuration</span><span class="col abilitycol"></span></span><span style="float: left ; min-height: 26px"><span class="col statcol"><em>HP</em><br>40</span> <span class="col statcol"><em>Atk</em><br>120</span> <span class="col statcol"><em>Def</em><br>170</span> <span class="col statcol"><em>SpA</em><br>50</span> <span class="col statcol"><em>SpD</em><br>161</span> <span class="col statcol"><em>Spe</em><br>100</span> </span></li><li style="clear: both"></li></ul></div><div class="battle-history"><small>Starly changed to Cloud Form!</small><br></div><div class="chat"><ul class="utilichart"><li class="result"><span class="col pokemonnamecol" style="white-space: nowrap">Starly-Crown-Cloud</span> <span class="col typecol"><img src="https://dragonheaven.herokuapp.com/sprites/types/Normal.png" alt="Normal" height="14" width="32"><img src="https://dragonheaven.herokuapp.com/sprites/types/Flying.png" alt="Flying" height="14" width="32"></span> <span style="float: left ; min-height: 26px"><span class="col abilitycol">Murmuration</span><span class="col abilitycol"></span></span><span style="float: left ; min-height: 26px"><span class="col statcol"><em>HP</em><br>40</span> <span class="col statcol"><em>Atk</em><br>120</span> <span class="col statcol"><em>Def</em><br>170</span> <span class="col statcol"><em>SpA</em><br>50</span> <span class="col statcol"><em>SpD</em><br>161</span> <span class="col statcol"><em>Spe</em><br>100</span> </span></li><li style="clear: both"></li></ul></div><div class="spacer battle-history"><br></div><div class="battle-history">The opposing Tyrandra used <strong>Toxic</strong>!<br></div><div class="battle-history"><small>Starly was badly poisoned!</small><br></div><div class="spacer battle-history"><br></div><div class="battle-history"><small>The opposing Tyrandra restored a little HP using its Leftovers!</small><br></div><div class="battle-history"><small>The opposing Tyrandra's health is sapped by Leech Seed!</small><br></div><div class="battle-history"><small>The opposing Tyrandra was hurt by its burn!</small><br></div><div class="battle-history"><small>Starly was hurt by poison!</small><br></div><div class="spacer battle-history"><br></div><h2 class="battle-history">Turn 4</h2><div class="spacer battle-history"><br></div><div class="battle-history">The opposing Tyrandra used <strong>Flip Turn</strong>!<br></div><div class="battle-history"><small>A critical hit!</small><br></div><div class="battle-history"><small>(Starly lost 6% of its health!)</small><br></div><div class="spacer battle-history"><br></div><div class="battle-history">god of joe withdrew Tyrandra!<br></div><div class="battle-history">god of joe sent out Aggron (<strong>Aggron-Hisui</strong>)!<br></div><div class="chat"><ul class="utilichart"><li class="result"><span class="col pokemonnamecol" style="white-space: nowrap">Aggron-Hisui</span> <span class="col typecol"><img src="https://dragonheaven.herokuapp.com/sprites/types/Steel.png" alt="Steel" height="14" width="32"><img src="https://dragonheaven.herokuapp.com/sprites/types/Fighting.png" alt="Fighting" height="14" width="32"></span> <span style="float: left ; min-height: 26px"><span class="col abilitycol">Sturdy / Soundproof / Heavy Metal</span><span class="col abilitycol"></span></span></li><li style="clear: both"></li></ul></div><div class="chat"><ul class="utilichart"><li class="result"><span style="float: left ; min-height: 26px"><span class="col statcol"><em>HP</em><br>70</span> <span class="col statcol"><em>Atk</em><br>60</span> <span class="col statcol"><em>Def</em><br>180</span> <span class="col statcol"><em>SpA</em><br>110</span> <span class="col statcol"><em>SpD</em><br>60</span> <span class="col statcol"><em>Spe</em><br>50</span> </span></li><li style="clear: both"></li></ul></div><div class="battle-history"><small>(Aggron-Hisui was created by Violet!)</small><br></div><div class="spacer battle-history"><br></div><div class="battle-history">Starly used <strong>U-turn</strong>!<br></div><div class="battle-history"><small>It's not very effective...</small><br></div><div class="battle-history"><small>(The opposing Aggron lost 2% of its health!)</small><br></div><div class="spacer battle-history"><br></div><div class="battle-history">Starly went back to time to chill!<br></div><div class="battle-history">Go! Rotom (<strong>Rotom-Heat</strong>)!<br></div><div class="spacer battle-history"><br></div><h2 class="battle-history">Turn 5</h2><div class="spacer battle-history"><br></div><div class="battle-history">Rotom used <strong>Nasty Plot</strong>!<br></div><div class="battle-history"><small>Rotom's Sp. Atk rose sharply!</small><br></div><div class="spacer battle-history"><br></div><div class="battle-history">The opposing Aggron used <strong>Body Press</strong>!<br></div><div class="battle-history"><small>(Rotom lost 47% of its health!)</small><br></div><div class="spacer battle-history"><br></div><h2 class="battle-history">Turn 6</h2><div class="spacer battle-history"><br></div><div class="battle-history">god of joe withdrew Aggron!<br></div><div class="battle-history">god of joe sent out <strong>Sylveon</strong>!<br></div><div class="spacer battle-history"><br></div><div class="battle-history">Rotom used <strong>Overheat</strong>!<br></div><div class="battle-history"><small>(The opposing Sylveon lost 75% of its health!)</small><br></div><div class="battle-history"><small>Rotom's Sp. Atk fell harshly!</small><br></div><div class="spacer battle-history"><br></div><div class="battle-history"><small>The opposing Sylveon restored a little HP using its Leftovers!</small><br></div><div class="spacer battle-history"><br></div><h2 class="battle-history">Turn 7</h2><div class="spacer battle-history"><br></div><div class="battle-history">god of joe withdrew Sylveon!<br></div><div class="battle-history">god of joe sent out Naganadel-Terrestr (<strong>Naganadel-Terrestrial</strong>)!<br></div><div class="spacer battle-history"><br></div><div class="battle-history">Rotom used <strong>Nasty Plot</strong>!<br></div><div class="battle-history"><small>Rotom's Sp. Atk rose sharply!</small><br></div><div class="spacer battle-history"><br></div><h2 class="battle-history">Turn 8</h2><div class="chat chatmessage-godofjoe"><strong style="color:#a523c9"><small>☆</small><span class="username" data-name="god of joe">god of joe</span>:</strong> <em>stop that</em></div><div class="spacer battle-history"><br></div><div class="battle-history">god of joe withdrew Naganadel-Terrestr!<br></div><div class="battle-history">god of joe sent out <strong>Sylveon</strong>!<br></div><div class="spacer battle-history"><br></div><div class="battle-history">Rotom used <strong>Overheat</strong>!<br></div><div class="battle-history"><small>(The opposing Sylveon lost 31% of its health!)</small><br></div><div class="battle-history"><small>Rotom's Sp. Atk fell harshly!</small><br></div><div class="spacer battle-history"><br></div><div class="battle-history">The opposing Sylveon fainted!<br></div><div class="spacer battle-history"><br></div><div class="battle-history">god of joe sent out <strong>Boomblare</strong>!<br></div><div class="chat"><ul class="utilichart"><li class="result"><span class="col pokemonnamecol" style="white-space: nowrap">Boomblare</span> <span class="col typecol"><img src="https://dragonheaven.herokuapp.com/sprites/types/Normal.png" alt="Normal" height="14" width="32"><img src="https://dragonheaven.herokuapp.com/sprites/types/Electric.png" alt="Electric" height="14" width="32"></span> <span style="float: left ; min-height: 26px"><span class="col abilitycol">Blowout</span><span class="col abilitycol"></span></span></li><li style="clear: both"></li></ul></div><div class="chat"><ul class="utilichart"><li class="result"><span style="float: left ; min-height: 26px"><span class="col statcol"><em>HP</em><br>104</span> <span class="col statcol"><em>Atk</em><br>116</span> <span class="col statcol"><em>Def</em><br>58</span> <span class="col statcol"><em>SpA</em><br>76</span> <span class="col statcol"><em>SpD</em><br>58</span> <span class="col statcol"><em>Spe</em><br>78</span> </span></li><li style="clear: both"></li></ul></div><div class="battle-history"><small>(Boomblare was created by ausma!)</small><br></div><div class="spacer battle-history"><br></div><h2 class="battle-history">Turn 9</h2><div class="spacer battle-history"><br></div><div class="battle-history">Rotom, come back!<br></div><div class="battle-history">Go! Jackourd (<strong>Jackourd-Super</strong>)!<br></div><div class="spacer battle-history"><br></div><div class="battle-history">The opposing Boomblare used <strong>Crunch</strong>!<br></div><div class="battle-history"><small>It's super effective!</small><br></div><div class="battle-history"><small>A critical hit!</small><br></div><div class="battle-history"><small>(Jackourd ate its Colbur Berry!)</small><br></div><div class="battle-history"><small>The Colbur Berry weakened the damage to Jackourd!</small><br></div><div class="battle-history"><small>(Jackourd lost 24% of its health!)</small><br></div><div class="battle-history"><small>The opposing Boomblare lost some of its HP!</small><br></div><div class="spacer battle-history"><br></div><h2 class="battle-history">Turn 10</h2><div class="spacer battle-history"><br></div><div class="battle-history">[Jackourd's Hoard]<br></div><div class="battle-history"><small>Jackourd obtained one Colbur Berry.</small><br></div><div class="spacer battle-history"><br></div><div class="battle-history">Jackourd, come back!<br></div><div class="battle-history">Go! <strong>Krookodile</strong>!<br></div><div class="battle-history">[Krookodile's Intimidate]<br></div><div class="battle-history"><small>The opposing Boomblare's Attack fell!</small><br></div><div class="spacer battle-history"><br></div><div class="battle-history">The opposing Boomblare used <strong>Volt Switch</strong>!<br></div><div class="battle-history"><small>It doesn't affect Krookodile...</small><br></div><div class="spacer battle-history"><br></div><h2 class="battle-history">Turn 11</h2><div class="chat chatmessage-godofjoe"><strong style="color:#a523c9"><small>☆</small><span class="username" data-name="god of joe">god of joe</span>:</strong> <em>wow.</em></div><div class="chat chatmessage-godofjoe"><strong style="color:#a523c9"><small>☆</small><span class="username" data-name="god of joe">god of joe</span>:</strong> <em>the real boomblare counter huh</em></div><div class="spacer battle-history"><br></div><div class="battle-history">The opposing Boomblare went back to god of joe!<br></div><div class="battle-history">god of joe sent out Aggron (<strong>Aggron-Hisui</strong>)!<br></div><div class="spacer battle-history"><br></div><div class="battle-history">Krookodile used <strong>Knock Off</strong>!<br></div><div class="battle-history"><small>It's not very effective...</small><br></div><div class="battle-history"><small>(The opposing Aggron lost 22% of its health!)</small><br></div><div class="battle-history"><small>Krookodile knocked off the opposing Aggron's Assault Vest!</small><br></div><div class="spacer battle-history"><br></div><h2 class="battle-history">Turn 12</h2><div class="spacer battle-history"><br></div><div class="battle-history">Krookodile, come back!<br></div><div class="battle-history">Go! Jackourd (<strong>Jackourd-Super</strong>)!<br></div><div class="spacer battle-history"><br></div><div class="battle-history">The opposing Aggron used <strong>Flash Cannon</strong>!<br></div><div class="battle-history"><small>(Jackourd lost 29% of its health!)</small><br></div><div class="spacer battle-history"><br></div><h2 class="battle-history">Turn 13</h2><div class="spacer battle-history"><br></div><div class="battle-history">Jackourd used <strong>Synthesis</strong>!<br></div><div class="battle-history"><small>Jackourd had its HP restored.</small><br></div><div class="spacer battle-history"><br></div><div class="battle-history">The opposing Aggron used <strong>Ice Beam</strong>!<br></div><div class="battle-history"><small>It's super effective!</small><br></div><div class="battle-history"><small>(Jackourd lost 46% of its health!)</small><br></div><div class="spacer battle-history"><br></div><h2 class="battle-history">Turn 14</h2><div class="spacer battle-history"><br></div><div class="battle-history">Jackourd used <strong>Synthesis</strong>!<br></div><div class="battle-history"><small>Jackourd had its HP restored.</small><br></div><div class="spacer battle-history"><br></div><div class="battle-history">The opposing Aggron used <strong>Ice Beam</strong>!<br></div><div class="battle-history"><small>It's super effective!</small><br></div><div class="battle-history"><small>(Jackourd lost 40% of its health!)</small><br></div><div class="spacer battle-history"><br></div><h2 class="battle-history">Turn 15</h2><div class="spacer battle-history"><br></div><div class="battle-history">Jackourd used <strong>Leech Seed</strong>!<br></div><div class="battle-history"><small>The opposing Aggron was seeded!</small><br></div><div class="spacer battle-history"><br></div><div class="battle-history">The opposing Aggron used <strong>Ice Beam</strong>!<br></div><div class="battle-history"><small>It's super effective!</small><br></div><div class="battle-history"><small>(Jackourd lost 44% of its health!)</small><br></div><div class="battle-history"><small>Jackourd was frozen solid!</small><br></div><div class="spacer battle-history"><br></div><div class="battle-history"><small>The opposing Aggron's health is sapped by Leech Seed!</small><br></div><div class="spacer battle-history"><br></div><h2 class="battle-history">Turn 16</h2><div class="spacer battle-history"><br></div><div class="battle-history">god of joe withdrew Aggron!<br></div><div class="battle-history">god of joe sent out Naganadel-Terrestr (<strong>Naganadel-Terrestrial</strong>)!<br></div><div class="spacer battle-history"><br></div><div class="battle-history">Jackourd is frozen solid!<br></div><div class="spacer battle-history"><br></div><h2 class="battle-history">Turn 17</h2><div class="spacer battle-history"><br></div><div class="battle-history">The opposing Naganadel-Terrestr used <strong>Fell Stinger</strong>!<br></div><div class="battle-history"><small>(Jackourd lost 19% of its health!)</small><br></div><div class="battle-history"><small>The opposing Naganadel-Terrestr's Attack rose drastically!</small><br></div><div class="spacer battle-history"><br></div><div class="battle-history">Jackourd fainted!<br></div><div class="spacer battle-history"><br></div><div class="battle-history">Go! Starmie (<strong>Starmie-Variant</strong>)!<br></div><div class="chat"><ul class="utilichart"><li class="result"><span class="col pokemonnamecol" style="white-space: nowrap">Starmie-Variant</span> <span class="col typecol"><img src="https://dragonheaven.herokuapp.com/sprites/types/Rock.png" alt="Rock" height="14" width="32"></span> <span style="float: left ; min-height: 26px"><span class="col abilitycol">Dazzling / Natural Cure / Analytic</span><span class="col abilitycol"></span></span></li><li style="clear: both"></li></ul></div><div class="chat"><ul class="utilichart"><li class="result"><span style="float: left ; min-height: 26px"><span class="col statcol"><em>HP</em><br>60</span> <span class="col statcol"><em>Atk</em><br>75</span> <span class="col statcol"><em>Def</em><br>85</span> <span class="col statcol"><em>SpA</em><br>100</span> <span class="col statcol"><em>SpD</em><br>85</span> <span class="col statcol"><em>Spe</em><br>115</span> </span></li><li style="clear: both"></li></ul></div><div class="battle-history"><small>(Starmie-Variant was created by BlueRay!)</small><br></div><div class="spacer battle-history"><br></div><h2 class="battle-history">Turn 18</h2><div class="spacer battle-history"><br></div><div class="battle-history">god of joe withdrew Naganadel-Terrestr!<br></div><div class="battle-history">god of joe sent out Excadrill (<strong>Excadrill-Hisui</strong>)!<br></div><div class="chat"><ul class="utilichart"><li class="result"><span class="col pokemonnamecol" style="white-space: nowrap">Excadrill-Hisui</span> <span class="col typecol"><img src="https://dragonheaven.herokuapp.com/sprites/types/Ground.png" alt="Ground" height="14" width="32"><img src="https://dragonheaven.herokuapp.com/sprites/types/Normal.png" alt="Normal" height="14" width="32"></span> <span style="float: left ; min-height: 26px"><span class="col abilitycol">Centrifuge / Sand Force / Technician</span><span class="col abilitycol"></span></span></li><li style="clear: both"></li></ul></div><div class="chat"><ul class="utilichart"><li class="result"><span style="float: left ; min-height: 26px"><span class="col statcol"><em>HP</em><br>110</span> <span class="col statcol"><em>Atk</em><br>135</span> <span class="col statcol"><em>Def</em><br>60</span> <span class="col statcol"><em>SpA</em><br>50</span> <span class="col statcol"><em>SpD</em><br>65</span> <span class="col statcol"><em>Spe</em><br>88</span> </span></li><li style="clear: both"></li></ul></div><div class="battle-history"><small>(Excadrill-Hisui was created by ausma!)</small><br></div><div class="spacer battle-history"><br></div><div class="battle-history">Starmie used <strong>Power Gem</strong>!<br></div><div class="battle-history"><small>It's not very effective...</small><br></div><div class="battle-history"><small>(The opposing Excadrill lost 28% of its health!)</small><br></div><div class="battle-history"><small>Starmie lost some of its HP!</small><br></div><div class="spacer battle-history"><br></div><div class="battle-history"><small>The opposing Excadrill restored a little HP using its Leftovers!</small><br></div><div class="spacer battle-history"><br></div><h2 class="battle-history">Turn 19</h2><div class="spacer battle-history"><br></div><div class="battle-history">Starmie used <strong>Ice Beam</strong>!<br></div><div class="battle-history"><small>It's super effective!</small><br></div><div class="battle-history"><small>(The opposing Excadrill lost 70% of its health!)</small><br></div><div class="battle-history"><small>Starmie lost some of its HP!</small><br></div><div class="spacer battle-history"><br></div><div class="battle-history">The opposing Excadrill used <strong>Toxic</strong>!<br></div><div class="battle-history"><small>Starmie was badly poisoned!</small><br></div><div class="spacer battle-history"><br></div><div class="battle-history"><small>The opposing Excadrill restored a little HP using its Leftovers!</small><br></div><div class="battle-history"><small>Starmie was hurt by poison!</small><br></div><div class="spacer battle-history"><br></div><h2 class="battle-history">Turn 20</h2><div class="spacer battle-history"><br></div><div class="battle-history">Starmie used <strong>Ice Beam</strong>!<br></div><div class="battle-history"><small>It's super effective!</small><br></div><div class="battle-history"><small>(The opposing Excadrill lost 14% of its health!)</small><br></div><div class="battle-history"><small>Starmie lost some of its HP!</small><br></div><div class="spacer battle-history"><br></div><div class="battle-history">The opposing Excadrill fainted!<br></div><div class="spacer battle-history"><br></div><div class="battle-history"><small>Starmie was hurt by poison!</small><br></div><div class="chat chatmessage-timetochill"><strong style="color:#338e9e"><small>☆</small><span class="username" data-name="time to chill">time to chill</span>:</strong> <em>was that spd exca?</em></div><div class="chat chatmessage-godofjoe"><strong style="color:#a523c9"><small>☆</small><span class="username" data-name="god of joe">god of joe</span>:</strong> <em>y</em></div><div class="spacer battle-history"><br></div><div class="battle-history">god of joe sent out <strong>Tyrandra</strong>!<br></div><div class="spacer battle-history"><br></div><h2 class="battle-history">Turn 21</h2><div class="spacer battle-history"><br></div><div class="battle-history">Starmie, come back!<br></div><div class="battle-history">Go! Starly (<strong>Starly-Crown-Cloud</strong>)!<br></div><div class="spacer battle-history"><br></div><div class="battle-history">god of joe withdrew Tyrandra!<br></div><div class="battle-history">god of joe sent out Aggron (<strong>Aggron-Hisui</strong>)!<br></div><div class="spacer battle-history"><br></div><div class="battle-history"><small>Starly was hurt by poison!</small><br></div><div class="spacer battle-history"><br></div><h2 class="battle-history">Turn 22</h2><div class="spacer battle-history"><br></div><div class="battle-history">Starly used <strong>Flurry</strong>!<br></div><div class="battle-history"><small>Starly called for help!</small><br></div><div class="spacer battle-history"><br></div><div class="battle-history">The opposing Aggron used <strong>Body Press</strong>!<br></div><div class="battle-history"><small>(Starly lost 36% of its health!)</small><br></div><div class="spacer battle-history"><br></div><div class="battle-history"><small>Aggron is being swarmed by a flurry of Starly!</small><br></div><div class="battle-history"><small>(The opposing Aggron lost 6% of its health!)</small><br></div><div class="battle-history"><small>Starly was hurt by poison!</small><br></div><div class="spacer battle-history"><br></div><h2 class="battle-history">Turn 23</h2><div class="spacer battle-history"><br></div><div class="battle-history">Starly used <strong>U-turn</strong>!<br></div><div class="battle-history"><small>It's not very effective...</small><br></div><div class="battle-history"><small>(The opposing Aggron lost 3% of its health!)</small><br></div><div class="spacer battle-history"><br></div><div class="battle-history">Starly went back to time to chill!<br></div><div class="battle-history">Go! Rotom (<strong>Rotom-Heat</strong>)!<br></div><div class="spacer battle-history"><br></div><div class="battle-history">The opposing Aggron used <strong>Body Press</strong>!<br></div><div class="battle-history"><small>(Rotom lost 53% of its health!)</small><br></div><div class="spacer battle-history"><br></div><div class="battle-history">Rotom fainted!<br></div><div class="spacer battle-history"><br></div><div class="battle-history"><small>Aggron is being swarmed by a flurry of Starly!</small><br></div><div class="battle-history"><small>(The opposing Aggron lost 5% of its health!)</small><br></div><div class="spacer battle-history"><br></div><div class="battle-history">Go! <strong>Krookodile</strong>!<br></div><div class="battle-history">[Krookodile's Intimidate]<br></div><div class="battle-history"><small>The opposing Aggron's Attack fell!</small><br></div><div class="spacer battle-history"><br></div><h2 class="battle-history">Turn 24</h2><div class="spacer battle-history"><br></div><div class="battle-history">god of joe withdrew Aggron!<br></div><div class="battle-history">god of joe sent out Naganadel-Terrestr (<strong>Naganadel-Terrestrial</strong>)!<br></div><div class="spacer battle-history"><br></div><div class="battle-history">Krookodile used <strong>Earthquake</strong>!<br></div><div class="battle-history"><small>It's not very effective...</small><br></div><div class="battle-history"><small>(The opposing Naganadel-Terrestr lost 51% of its health!)</small><br></div><div class="spacer battle-history"><br></div><div class="battle-history"><small>Naganadel-Terrestr is being swarmed by a flurry of Starly!</small><br></div><div class="battle-history"><small>It's super effective!</small><br></div><div class="battle-history"><small>(The opposing Naganadel-Terrestr lost 29% of its health!)</small><br></div><div class="spacer battle-history"><br></div><h2 class="battle-history">Turn 25</h2><div class="spacer battle-history"><br></div><div class="battle-history">Krookodile used <strong>Earthquake</strong>!<br></div><div class="battle-history"><small>It's not very effective...</small><br></div><div class="battle-history"><small>(The opposing Naganadel-Terrestr lost 20% of its health!)</small><br></div><div class="spacer battle-history"><br></div><div class="battle-history">The opposing Naganadel-Terrestr fainted!<br></div><div class="spacer battle-history"><br></div><div class="battle-history"><small>(Flurry did not hit because the target is the user.)</small><br></div><div class="spacer battle-history"><br></div><div class="battle-history">god of joe sent out <strong>Tyrandra</strong>!<br></div><div class="spacer battle-history"><br></div><h2 class="battle-history">Turn 26</h2><div class="spacer battle-history"><br></div><div class="battle-history">Krookodile, come back!<br></div><div class="battle-history">Go! Starly (<strong>Starly-Crown-Cloud</strong>)!<br></div><div class="spacer battle-history"><br></div><div class="battle-history">The opposing Tyrandra used <strong>Draco Meteor</strong>!<br></div><div class="battle-history"><small>A critical hit!</small><br></div><div class="battle-history"><small>(Starly lost 34% of its health!)</small><br></div><div class="battle-history"><small>The opposing Tyrandra's Sp. Atk fell harshly!</small><br></div><div class="spacer battle-history"><br></div><div class="battle-history">Starly fainted!<br></div><div class="spacer battle-history"><br></div><div class="battle-history"><small>Tyrandra is being swarmed by a flurry of Starly!</small><br></div><div class="battle-history"><small>(The opposing Tyrandra lost 14% of its health!)</small><br></div><div class="battle-history"><small>The opposing Tyrandra restored a little HP using its Leftovers!</small><br></div><div class="battle-history"><small>The opposing Tyrandra was hurt by its burn!</small><br></div><div class="spacer battle-history"><br></div><div class="battle-history">Go! <strong>Michu</strong>!<br></div><div class="chat"><ul class="utilichart"><li class="result"><span class="col pokemonnamecol" style="white-space: nowrap">Michu</span> <span class="col typecol"><img src="https://dragonheaven.herokuapp.com/sprites/types/Normal.png" alt="Normal" height="14" width="32"><img src="https://dragonheaven.herokuapp.com/sprites/types/Fairy.png" alt="Fairy" height="14" width="32"></span> <span style="float: left ; min-height: 26px"><span class="col abilitycol">Rattled</span><span class="col abilitycol"></span></span></li><li style="clear: both"></li></ul></div><div class="chat"><ul class="utilichart"><li class="result"><span style="float: left ; min-height: 26px"><span class="col statcol"><em>HP</em><br>35</span> <span class="col statcol"><em>Atk</em><br>80</span> <span class="col statcol"><em>Def</em><br>60</span> <span class="col statcol"><em>SpA</em><br>30</span> <span class="col statcol"><em>SpD</em><br>95</span> <span class="col statcol"><em>Spe</em><br>101</span> </span></li><li style="clear: both"></li></ul></div><div class="battle-history"><small>(Michu was created by Hematite!)</small><br></div><div class="spacer battle-history"><br></div><h2 class="battle-history">Turn 27</h2><div class="spacer battle-history"><br></div><div class="battle-history">Michu used <strong>Play Rough</strong>!<br></div><div class="battle-history"><small>It's super effective!</small><br></div><div class="battle-history"><small>(The opposing Tyrandra lost 49% of its health!)</small><br></div><div class="spacer battle-history"><br></div><div class="battle-history">The opposing Tyrandra fainted!<br></div><div class="spacer battle-history"><br></div><div class="battle-history">god of joe sent out <strong>Boomblare</strong>!<br></div><div class="spacer battle-history"><br></div><h2 class="battle-history">Turn 28</h2><div class="chat chatmessage-godofjoe"><strong style="color:#a523c9"><small>☆</small><span class="username" data-name="god of joe">god of joe</span>:</strong> <em>def need speed control</em></div><div class="spacer battle-history"><br></div><div class="battle-history">Michu used <strong>Play Rough</strong>!<br></div><div class="battle-history"><small>(The opposing Boomblare lost 59% of its health!)</small><br></div><div class="spacer battle-history"><br></div><div class="battle-history">The opposing Boomblare used <strong>Boomburst</strong>!<br></div><div class="battle-history"><small>(Michu lost 94% of its health!)</small><br></div><div class="battle-history">[The opposing Boomblare's Blowout]<br></div><div class="battle-history">[Michu's Soundproof]<br></div><div class="battle-history"><small>Michu lost its hearing!</small><br></div><div class="battle-history"><small>The opposing Boomblare lost some of its HP!</small><br></div><div class="spacer battle-history"><br></div><h2 class="battle-history">Turn 29</h2><div class="chat chatmessage-inkbug1 mine"><strong style="color:#e46e0f"><small>~</small><span class="username" data-name="inkbug1">inkbug1</span>:</strong> <em>oh my god michu </em></div><div class="spacer battle-history"><br></div><div class="battle-history">Michu used <strong>Play Rough</strong>!<br></div><div class="battle-history"><small>(The opposing Boomblare lost 23% of its health!)</small><br></div><div class="spacer battle-history"><br></div><div class="battle-history">The opposing Boomblare fainted!<br></div><div class="chat chatmessage-timetochill"><strong style="color:#338e9e"><small>☆</small><span class="username" data-name="time to chill">time to chill</span>:</strong> <em>it has decent spd</em></div><div class="chat chatmessage-timetochill"><strong style="color:#338e9e"><small>☆</small><span class="username" data-name="time to chill">time to chill</span>:</strong> <em>backed up by eviolite</em></div><div class="spacer battle-history"><br></div><div class="battle-history">god of joe sent out Aggron (<strong>Aggron-Hisui</strong>)!<br></div><div class="spacer battle-history"><br></div><h2 class="battle-history">Turn 30</h2><div class="spacer battle-history"><br></div><div class="battle-history">Michu used <strong>Play Rough</strong>!<br></div><div class="battle-history"><small>(The opposing Aggron lost 20% of its health!)</small><br></div><div class="spacer battle-history"><br></div><div class="battle-history">The opposing Aggron used <strong>Body Press</strong>!<br></div><div class="battle-history"><small>(Michu lost 6% of its health!)</small><br></div><div class="spacer battle-history"><br></div><div class="battle-history">Michu fainted!<br></div><div class="spacer battle-history"><br></div><div class="battle-history">Go! Starmie (<strong>Starmie-Variant</strong>)!<br></div><div class="spacer battle-history"><br></div><h2 class="battle-history">Turn 31</h2><div class="spacer battle-history"><br></div><div class="battle-history">Starmie used <strong>Thunderbolt</strong>!<br></div><div class="battle-history"><small>(The opposing Aggron lost 29% of its health!)</small><br></div><div class="battle-history"><small>Starmie lost some of its HP!</small><br></div><div class="spacer battle-history"><br></div><div class="battle-history">The opposing Aggron fainted!<br></div><div class="spacer battle-history"><br></div><div class="battle-history"><strong>time to chill</strong> won the battle!<br></div><div class="chat chatmessage-godofjoe"><strong style="color:#a523c9"><small>☆</small><span class="username" data-name="god of joe">god of joe</span>:</strong> <em>gg</em></div><div class="chat chatmessage-timetochill"><strong style="color:#338e9e"><small>☆</small><span class="username" data-name="time to chill">time to chill</span>:</strong> <em>gg!</em></div></div><div class="inner-preempt message-log"></div></div></div>
</div>
<script>
let daily = Math.floor(Date.now()/1000/60/60/24);document.write('<script src="https://dragonheaven.herokuapp.com/js/replay-embed.js?version'+daily+'"></'+'script>');
</script>
