<!DOCTYPE html>
<meta charset="utf-8" />
<!-- version 1 -->
<title>[Gen 8] Evolution Project replay: inkbug1 vs. ausma</title>
<style>
html,body {font-family:Verdana, sans-serif;font-size:10pt;margin:0;padding:0;}body{padding:12px 0;} .battle-log {font-family:Verdana, sans-serif;font-size:10pt;} .battle-log-inline {border:1px solid #AAAAAA;background:#EEF2F5;color:black;max-width:640px;margin:0 auto 80px;padding-bottom:5px;} .battle-log .inner {padding:4px 8px 0px 8px;} .battle-log .inner-preempt {padding:0 8px 4px 8px;} .battle-log .inner-after {margin-top:0.5em;} .battle-log h2 {margin:0.5em -8px;padding:4px 8px;border:1px solid #AAAAAA;background:#E0E7EA;border-left:0;border-right:0;font-family:Verdana, sans-serif;font-size:13pt;} .battle-log .chat {vertical-align:middle;padding:3px 0 3px 0;font-size:8pt;} .battle-log .chat strong {color:#40576A;} .battle-log .chat em {padding:1px 4px 1px 3px;color:#000000;font-style:normal;} .chat.mine {background:rgba(0,0,0,0.05);margin-left:-8px;margin-right:-8px;padding-left:8px;padding-right:8px;} .spoiler {color:#BBBBBB;background:#BBBBBB;padding:0px 3px;} .spoiler:hover, .spoiler:active, .spoiler-shown {color:#000000;background:#E2E2E2;padding:0px 3px;} .spoiler a {color:#BBBBBB;} .spoiler:hover a, .spoiler:active a, .spoiler-shown a {color:#2288CC;} .chat code, .chat .spoiler:hover code, .chat .spoiler:active code, .chat .spoiler-shown code {border:1px solid #C0C0C0;background:#EEEEEE;color:black;padding:0 2px;} .chat .spoiler code {border:1px solid #CCCCCC;background:#CCCCCC;color:#CCCCCC;} .battle-log .rated {padding:3px 4px;} .battle-log .rated strong {color:white;background:#89A;padding:1px 4px;border-radius:4px;} .spacer {margin-top:0.5em;} .message-announce {background:#6688AA;color:white;padding:1px 4px 2px;} .message-announce a, .broadcast-green a, .broadcast-blue a, .broadcast-red a {color:#DDEEFF;} .broadcast-green {background-color:#559955;color:white;padding:2px 4px;} .broadcast-blue {background-color:#6688AA;color:white;padding:2px 4px;} .infobox {border:1px solid #6688AA;padding:2px 4px;} .infobox-limited {max-height:200px;overflow:auto;overflow-x:hidden;} .broadcast-red {background-color:#AA5544;color:white;padding:2px 4px;} .message-learn-canlearn {font-weight:bold;color:#228822;text-decoration:underline;} .message-learn-cannotlearn {font-weight:bold;color:#CC2222;text-decoration:underline;} .message-effect-weak {font-weight:bold;color:#CC2222;} .message-effect-resist {font-weight:bold;color:#6688AA;} .message-effect-immune {font-weight:bold;color:#666666;} .message-learn-list {margin-top:0;margin-bottom:0;} .message-throttle-notice, .message-error {color:#992222;} .message-overflow, .chat small.message-overflow {font-size:0pt;} .message-overflow::before {font-size:9pt;content:'...';} .subtle {color:#3A4A66;}
</style>
<div class="wrapper replay-wrapper" style="max-width:1180px;margin:0 auto">
<input type="hidden" name="replayid" value="dragonheaven-gen8evolutionproject-54" />
<div class="battle"></div><div class="battle-log"></div><div class="replay-controls"></div><div class="replay-controls-2"></div>
<h1 style="font-weight:normal;text-align:center"><strong>[Gen 8] Evolution Project</strong><br /><a href="http://pokemonshowdown.com/users/inkbug1" class="subtle" target="_blank">inkbug1</a> vs. <a href="http://pokemonshowdown.com/users/ausma" class="subtle" target="_blank">ausma</a></h1>
<script type="text/plain" class="battle-log-data">|j|☆inkbug1

|j|☆ausma
|t:|1642836977
|player|p1|inkbug1|burgh|
|player|p2|ausma|caitlin|
|teamsize|p1|6
|teamsize|p2|6
|gametype|singles
|gen|8
|tier|[Gen 8] Evolution Project
|clearpoke
|poke|p1|Slurpuff-Variant, M|
|poke|p1|Curski, M|
|poke|p1|Aromatisse, M|
|poke|p1|Freedling, F|
|poke|p1|Froslass, F|
|poke|p1|Excadrill-Hisui, F|
|poke|p2|Ballistic, M|
|poke|p2|Jolteon, M|
|poke|p2|Falinks-Terracotta, M|
|poke|p2|Bafflack, F|
|poke|p2|Hocuspocus, M|
|poke|p2|Curski, M|
|rule|HP Percentage Mod: HP is shown in percentages
|rule|Endless Battle Clause: Forcing endless battles is banned
|rule|OHKO Clause: OHKO moves are banned
|rule|Evasion Moves Clause: Evasion moves are banned
|rule|Species Clause: Limit one of each Pokémon
|rule|Dynamax Clause: You cannot dynamax
|rule|Sleep Clause Mod: Limit one foe put to sleep
|rule|Z-Move Clause: Type-based Z-Moves are banned
|teampreview
|c|☆ausma|ooo
|c|☆ausma|havent seen freedling yet
|c|☆ausma|and it's nice to see slurpuff too
|j| KeroseneZanchu
|c|☆inkbug1|ok hi sorry
|c|☆inkbug1|stepped away to 
|c|☆inkbug1|refill water
|
|t:|1642837058
|start
|switch|p1a: Eve|Froslass, F|344\/344
|switch|p2a: Bafflack|Bafflack, F|100\/100
|-start|p2a: Bafflack|typechange|Water|[silent]
|raw|<ul class="utilichart"><li class="result"><span class="col pokemonnamecol" style="white-space: nowrap">Bafflack<\/span> <span class="col typecol"><img src="https:\/\/play.pokemonshowdown.com\/sprites\/types\/Water.png" alt="Water" height="14" width="32"><\/span> <span style="float: left ; min-height: 26px"><span class="col abilitycol">Psychic Surge \/ Cloud Nine \/ Pure Power<\/span><span class="col abilitycol"><\/span><\/span><\/li><li style="clear: both"><\/li><\/ul>
|raw|<ul class="utilichart"><li class="result"><span style="float: left ; min-height: 26px"><span class="col statcol"><em>HP<\/em><br>80<\/span> <span class="col statcol"><em>Atk<\/em><br>69<\/span> <span class="col statcol"><em>Def<\/em><br>18<\/span> <span class="col statcol"><em>SpA<\/em><br>135<\/span> <span class="col statcol"><em>SpD<\/em><br>110<\/span> <span class="col statcol"><em>Spe<\/em><br>105<\/span> <\/span><\/li><li style="clear: both"><\/li><\/ul>
|-hint|Bafflack was created by KeroseneZanchu!
|-fieldstart|move: Psychic Terrain|[from] ability: Psychic Surge|[of] p2a: Bafflack
|turn|1
|c|☆ausma|u are good!
|
|t:|1642837071
|move|p1a: Eve|Spikes|p2a: Bafflack
|-sidestart|p2: ausma|Spikes
|move|p2a: Bafflack|Flip Turn|p1a: Eve
|-damage|p1a: Eve|266\/344
|
|t:|1642837083
|switch|p2a: Hocuspocus|Hocuspocus, M|100\/100|[from]move: Flip Turn
|-start|p2a: Hocuspocus|typechange|Psychic\/Ghost|[silent]
|raw|<ul class="utilichart"><li class="result"><span class="col pokemonnamecol" style="white-space: nowrap">Hocuspocus<\/span> <span class="col typecol"><img src="https:\/\/play.pokemonshowdown.com\/sprites\/types\/Psychic.png" alt="Psychic" height="14" width="32"><img src="https:\/\/play.pokemonshowdown.com\/sprites\/types\/Ghost.png" alt="Ghost" height="14" width="32"><\/span> <span style="float: left ; min-height: 26px"><span class="col abilitycol">Tough Claws \/ Inner Focus \/ Super Luck<\/span><span class="col abilitycol"><\/span><\/span><\/li><li style="clear: both"><\/li><\/ul>
|raw|<ul class="utilichart"><li class="result"><span style="float: left ; min-height: 26px"><span class="col statcol"><em>HP<\/em><br>55<\/span> <span class="col statcol"><em>Atk<\/em><br>95<\/span> <span class="col statcol"><em>Def<\/em><br>45<\/span> <span class="col statcol"><em>SpA<\/em><br>120<\/span> <span class="col statcol"><em>SpD<\/em><br>70<\/span> <span class="col statcol"><em>Spe<\/em><br>115<\/span> <\/span><\/li><li style="clear: both"><\/li><\/ul>
|-hint|Hocuspocus was created by ausma!
|-damage|p2a: Hocuspocus|88\/100|[from] Spikes
|
|upkeep
|turn|2
|
|t:|1642837108
|switch|p1a: Curski|Curski, M|303\/303
|-start|p1a: Curski|typechange|Dark|[silent]
|raw|<ul class="utilichart"><li class="result"><span class="col pokemonnamecol" style="white-space: nowrap">Curski<\/span> <span class="col typecol"><img src="https:\/\/play.pokemonshowdown.com\/sprites\/types\/Dark.png" alt="Dark" height="14" width="32"><\/span> <span style="float: left ; min-height: 26px"><span class="col abilitycol">Dark Aura \/ Infiltrator<\/span><span class="col abilitycol"><\/span><\/span><\/li><li style="clear: both"><\/li><\/ul>
|raw|<ul class="utilichart"><li class="result"><span style="float: left ; min-height: 26px"><span class="col statcol"><em>HP<\/em><br>50<\/span> <span class="col statcol"><em>Atk<\/em><br>117<\/span> <span class="col statcol"><em>Def<\/em><br>108<\/span> <span class="col statcol"><em>SpA<\/em><br>92<\/span> <span class="col statcol"><em>SpD<\/em><br>108<\/span> <span class="col statcol"><em>Spe<\/em><br>35<\/span> <\/span><\/li><li style="clear: both"><\/li><\/ul>
|-hint|Curski was created by KeroseneZanchu!
|-ability|p1a: Curski|Dark Aura
|move|p2a: Hocuspocus|Expanding Force|p1a: Curski
|-immune|p1a: Curski
|
|upkeep
|turn|3
|
|t:|1642837120
|switch|p2a: Curski|Curski, M|100\/100
|-start|p2a: Curski|typechange|Dark|[silent]
|raw|<ul class="utilichart"><li class="result"><span class="col pokemonnamecol" style="white-space: nowrap">Curski<\/span> <span class="col typecol"><img src="https:\/\/play.pokemonshowdown.com\/sprites\/types\/Dark.png" alt="Dark" height="14" width="32"><\/span> <span style="float: left ; min-height: 26px"><span class="col abilitycol">Dark Aura \/ Infiltrator<\/span><span class="col abilitycol"><\/span><\/span><\/li><li style="clear: both"><\/li><\/ul>
|raw|<ul class="utilichart"><li class="result"><span style="float: left ; min-height: 26px"><span class="col statcol"><em>HP<\/em><br>50<\/span> <span class="col statcol"><em>Atk<\/em><br>117<\/span> <span class="col statcol"><em>Def<\/em><br>108<\/span> <span class="col statcol"><em>SpA<\/em><br>92<\/span> <span class="col statcol"><em>SpD<\/em><br>108<\/span> <span class="col statcol"><em>Spe<\/em><br>35<\/span> <\/span><\/li><li style="clear: both"><\/li><\/ul>
|-hint|Curski was created by KeroseneZanchu!
|-damage|p2a: Curski|88\/100|[from] Spikes
|-ability|p2a: Curski|Dark Aura
|move|p1a: Curski|Assurance|p2a: Curski
|-resisted|p2a: Curski
|-damage|p2a: Curski|47\/100
|
|upkeep
|turn|4
|c|☆ausma|OW
|c|☆ausma|HEY!!!
|c|☆inkbug1|asjdfgsd
|
|t:|1642837134
|switch|p1a: Hearts|Aromatisse, M|406\/406
|move|p2a: Curski|Baddy Bad|p1a: Hearts
|-resisted|p1a: Hearts
|-damage|p1a: Hearts|295\/406
|-sidestart|p2: ausma|Reflect
|
|-heal|p1a: Hearts|320\/406|[from] item: Leftovers
|upkeep
|turn|5
|
|t:|1642837144
|switch|p2a: Hocuspocus|Hocuspocus, M|88\/100
|-start|p2a: Hocuspocus|typechange|Psychic\/Ghost|[silent]
|-damage|p2a: Hocuspocus|76\/100|[from] Spikes
|move|p1a: Hearts|Moonblast|p2a: Hocuspocus
|-damage|p2a: Hocuspocus|20\/100
|
|-heal|p1a: Hearts|345\/406|[from] item: Leftovers
|upkeep
|turn|6
|
|t:|1642837156
|move|p2a: Hocuspocus|Expanding Force|p1a: Hearts
|-damage|p1a: Hearts|80\/406
|-damage|p2a: Hocuspocus|10\/100|[from] item: Life Orb
|move|p1a: Hearts|Moonblast|p2a: Hocuspocus
|-damage|p2a: Hocuspocus|0 fnt
|faint|p2a: Hocuspocus
|
|-heal|p1a: Hearts|105\/406|[from] item: Leftovers
|upkeep
|c|☆inkbug1|ok i should not hav
|c|☆inkbug1|stayed in for that 
|
|t:|1642837166
|switch|p2a: Jolteon|Jolteon, M|100\/100
|turn|7
|c|☆inkbug1|hmmm
|
|t:|1642837215
|switch|p1a: Excadrill|Excadrill-Hisui, F|361\/361
|-start|p1a: Excadrill|typechange|Ground\/Normal|[silent]
|raw|<ul class="utilichart"><li class="result"><span class="col pokemonnamecol" style="white-space: nowrap">Excadrill-Hisui<\/span> <span class="col typecol"><img src="https:\/\/play.pokemonshowdown.com\/sprites\/types\/Ground.png" alt="Ground" height="14" width="32"><img src="https:\/\/play.pokemonshowdown.com\/sprites\/types\/Normal.png" alt="Normal" height="14" width="32"><\/span> <span style="float: left ; min-height: 26px"><span class="col abilitycol">Centrifuge \/ Sand Force \/ Technician<\/span><span class="col abilitycol"><\/span><\/span><\/li><li style="clear: both"><\/li><\/ul>
|raw|<ul class="utilichart"><li class="result"><span style="float: left ; min-height: 26px"><span class="col statcol"><em>HP<\/em><br>110<\/span> <span class="col statcol"><em>Atk<\/em><br>135<\/span> <span class="col statcol"><em>Def<\/em><br>60<\/span> <span class="col statcol"><em>SpA<\/em><br>50<\/span> <span class="col statcol"><em>SpD<\/em><br>65<\/span> <span class="col statcol"><em>Spe<\/em><br>88<\/span> <\/span><\/li><li style="clear: both"><\/li><\/ul>
|-hint|Excadrill-Hisui was created by ausma!
|move|p2a: Jolteon|Thunderbolt|p1a: Excadrill
|-immune|p1a: Excadrill
|
|upkeep
|turn|8
|
|t:|1642837233
|move|p2a: Jolteon|Hidden Power|p1a: Excadrill
|-supereffective|p1a: Excadrill
|-damage|p1a: Excadrill|235\/361
|move|p1a: Excadrill|Earthquake|p2a: Jolteon
|-supereffective|p2a: Jolteon
|-damage|p2a: Jolteon|13\/100
|
|-sideend|p2: ausma|Reflect
|-fieldend|move: Psychic Terrain
|upkeep
|turn|9
|c|☆ausma|god that fr did 0
|c|☆inkbug1|wow i was 
|c|☆inkbug1|second guessing av on this but tht rlly helps against coverage hp specifically
|c|☆inkbug1|it still might not b the best play but 
|c|☆ausma|av feels incredibly effective on hisuidrill tbh
|
|t:|1642837288
|move|p2a: Jolteon|Yawn|p1a: Excadrill
|-start|p1a: Excadrill|move: Yawn|[of] p2a: Jolteon
|move|p1a: Excadrill|Earthquake|p2a: Jolteon
|-supereffective|p2a: Jolteon
|-damage|p2a: Jolteon|0 fnt
|faint|p2a: Jolteon
|
|upkeep
|c|☆ausma|considering like
|c|☆ausma|tomb spin quake then if you wanna go technician there's bulldoze and feint as options as well 
|c|☆ausma|oh and knock ofc
|c|☆inkbug1|right
|
|t:|1642837331
|switch|p2a: Bafflack|Bafflack, F|100\/100
|-damage|p2a: Bafflack|88\/100|[from] Spikes
|-start|p2a: Bafflack|typechange|Water|[silent]
|-fieldstart|move: Psychic Terrain|[from] ability: Psychic Surge|[of] p2a: Bafflack
|turn|10
|c|☆inkbug1|and now is the part where i go back to having no switch ins
|
|t:|1642837351
|switch|p1a: Eve|Froslass, F|266\/344
|move|p2a: Bafflack|Flip Turn|p1a: Eve
|-damage|p1a: Eve|193\/344
|-start|p2a: Bafflack|Disable|Flip Turn|[from] ability: Cursed Body|[of] p1a: Eve
|
|t:|1642837358
|switch|p2a: Ballistic|Ballistic, M|100\/100|[from]move: Flip Turn
|-start|p2a: Ballistic|typechange|Electric\/Normal|[silent]
|raw|<ul class="utilichart"><li class="result"><span class="col pokemonnamecol" style="white-space: nowrap">Ballistic<\/span> <span class="col typecol"><img src="https:\/\/play.pokemonshowdown.com\/sprites\/types\/Electric.png" alt="Electric" height="14" width="32"><img src="https:\/\/play.pokemonshowdown.com\/sprites\/types\/Normal.png" alt="Normal" height="14" width="32"><\/span> <span style="float: left ; min-height: 26px"><span class="col abilitycol">Soundproof \/ Reckless \/ Aftermath<\/span><span class="col abilitycol"><\/span><\/span><\/li><li style="clear: both"><\/li><\/ul>
|raw|<ul class="utilichart"><li class="result"><span style="float: left ; min-height: 26px"><span class="col statcol"><em>HP<\/em><br>70<\/span> <span class="col statcol"><em>Atk<\/em><br>110<\/span> <span class="col statcol"><em>Def<\/em><br>10<\/span> <span class="col statcol"><em>SpA<\/em><br>90<\/span> <span class="col statcol"><em>SpD<\/em><br>110<\/span> <span class="col statcol"><em>Spe<\/em><br>150<\/span> <\/span><\/li><li style="clear: both"><\/li><\/ul>
|-hint|Ballistic was created by BlueRay!
|-damage|p2a: Ballistic|88\/100|[from] Spikes
|
|upkeep
|turn|11
|
|t:|1642837365
|move|p1a: Eve|Will-O-Wisp|p2a: Ballistic|[miss]
|-miss|p1a: Eve|p2a: Ballistic
|move|p2a: Ballistic|Wild Charge|p1a: Eve
|-damage|p1a: Eve|0 fnt
|-start|p2a: Ballistic|Disable|Wild Charge|[from] ability: Cursed Body|[of] p1a: Eve
|-damage|p2a: Ballistic|71\/100|[from] Recoil
|faint|p1a: Eve
|
|upkeep
|c|☆inkbug1|ok
|c|☆ausma|ah.
|c|☆inkbug1|TY EVE
|c|☆ausma|eve needs glasses...
|c|☆ausma|good lure tho
|c|☆inkbug1|i really love froslass bc the 
|c|☆inkbug1|it feels very unsafe to trick Anything a scarf on this team so i havent but 
|c|☆inkbug1|trick scarf into cursed body is 
|c|☆inkbug1|rlly satisfying 
|j| tkmof~11209
|c|☆ausma|that sounds terrifying
|c|☆inkbug1|damn where do i 
|c|☆inkbug1|hm 
|
|t:|1642837488
|switch|p1a: Curski|Curski, M|303\/303
|-start|p1a: Curski|typechange|Dark|[silent]
|-ability|p1a: Curski|Dark Aura
|turn|12
|
|t:|1642837501
|move|p2a: Ballistic|Volt Switch|p1a: Curski
|-damage|p1a: Curski|230\/303
|
|t:|1642837505
|switch|p2a: Falinks|Falinks-Terracotta, M|100\/100|[from]move: Volt Switch
|-damage|p2a: Falinks|88\/100|[from] Spikes
|-start|p2a: Falinks|typechange|Fighting\/Rock|[silent]
|raw|<ul class="utilichart"><li class="result"><span class="col pokemonnamecol" style="white-space: nowrap">Falinks-Terracotta<\/span> <span class="col typecol"><img src="https:\/\/play.pokemonshowdown.com\/sprites\/types\/Fighting.png" alt="Fighting" height="14" width="32"><img src="https:\/\/play.pokemonshowdown.com\/sprites\/types\/Rock.png" alt="Rock" height="14" width="32"><\/span> <span style="float: left ; min-height: 26px"><span class="col abilitycol">Solid Rock \/ Skill Link \/ Defiant<\/span><span class="col abilitycol"><\/span><\/span><\/li><li style="clear: both"><\/li><\/ul>
|raw|<ul class="utilichart"><li class="result"><span style="float: left ; min-height: 26px"><span class="col statcol"><em>HP<\/em><br>65<\/span> <span class="col statcol"><em>Atk<\/em><br>100<\/span> <span class="col statcol"><em>Def<\/em><br>100<\/span> <span class="col statcol"><em>SpA<\/em><br>60<\/span> <span class="col statcol"><em>SpD<\/em><br>60<\/span> <span class="col statcol"><em>Spe<\/em><br>85<\/span> <\/span><\/li><li style="clear: both"><\/li><\/ul>
|-hint|Falinks-Terracotta was created by Hematite!
|move|p1a: Curski|Baddy Bad|p2a: Falinks
|-resisted|p2a: Falinks
|-damage|p2a: Falinks|52\/100
|-sidestart|p1: inkbug1|Reflect
|
|-heal|p2a: Falinks|58\/100|[from] item: Leftovers
|upkeep
|turn|13
|c| tkmof~11209|a
|
|t:|1642837529
|switch|p1a: Freedling|Freedling, F|383\/383
|-start|p1a: Freedling|typechange|Grass|[silent]
|raw|<ul class="utilichart"><li class="result"><span class="col pokemonnamecol" style="white-space: nowrap">Freedling<\/span> <span class="col typecol"><img src="https:\/\/play.pokemonshowdown.com\/sprites\/types\/Grass.png" alt="Grass" height="14" width="32"><\/span> <span style="float: left ; min-height: 26px"><span class="col abilitycol">Natural Cure \/ Sticky Hold \/ Gooey<\/span><span class="col abilitycol"><\/span><\/span><\/li><li style="clear: both"><\/li><\/ul>
|raw|<ul class="utilichart"><li class="result"><span style="float: left ; min-height: 26px"><span class="col statcol"><em>HP<\/em><br>90<\/span> <span class="col statcol"><em>Atk<\/em><br>110<\/span> <span class="col statcol"><em>Def<\/em><br>106<\/span> <span class="col statcol"><em>SpA<\/em><br>65<\/span> <span class="col statcol"><em>SpD<\/em><br>92<\/span> <span class="col statcol"><em>Spe<\/em><br>73<\/span> <\/span><\/li><li style="clear: both"><\/li><\/ul>
|-hint|Freedling was created by ausma!
|move|p2a: Falinks|Stealth Rock|p1a: Freedling
|-sidestart|p1: inkbug1|move: Stealth Rock
|
|-heal|p2a: Falinks|64\/100|[from] item: Leftovers
|upkeep
|turn|14
|c|☆ausma|good morning freedling
|c|☆ausma|i lose to u
|c|☆inkbug1|asdfasdf
|
|t:|1642837551
|move|p2a: Falinks|No Retreat|p2a: Falinks
|-boost|p2a: Falinks|atk|1
|-boost|p2a: Falinks|def|1
|-boost|p2a: Falinks|spa|1
|-boost|p2a: Falinks|spd|1
|-boost|p2a: Falinks|spe|1
|-start|p2a: Falinks|move: No Retreat
|move|p1a: Freedling|Curse|p1a: Freedling
|-unboost|p1a: Freedling|spe|1
|-boost|p1a: Freedling|atk|1
|-boost|p1a: Freedling|def|1
|
|-heal|p2a: Falinks|70\/100|[from] item: Leftovers
|upkeep
|turn|15
|c|☆ausma|oh
|c|☆ausma|oh no
|c| tkmof~11209|oh yeah the alchemissus
|c|☆ausma|oh no.
|c| tkmof~11209|oh no.
|
|t:|1642837563
|move|p2a: Falinks|Stone Edge|p1a: Freedling
|-damage|p1a: Freedling|317\/383
|move|p1a: Freedling|Leech Seed|p2a: Falinks
|-start|p2a: Falinks|move: Leech Seed
|
|-heal|p2a: Falinks|75\/100|[from] item: Leftovers
|-damage|p2a: Falinks|63\/100|[from] Leech Seed|[of] p1a: Freedling
|-heal|p1a: Freedling|350\/383|[silent]
|upkeep
|turn|16
|c|☆ausma|random bullshit go 
|c|☆inkbug1|oh wow that did
|c|☆inkbug1|nothing
|c| tkmof~11209|oh that actually wasn't very bad
|c|☆ausma|freedling is stupid fat 
|c|☆ausma|im guessing you're natural cure on this?
|
|t:|1642837591
|move|p2a: Falinks|Stone Edge|p1a: Freedling
|-damage|p1a: Freedling|290\/383
|move|p1a: Freedling|Horn Leech|p2a: Falinks
|-supereffective|p2a: Falinks
|-damage|p2a: Falinks|0 fnt
|-heal|p1a: Freedling|375\/383|[from] drain|[of] p2a: Falinks
|faint|p2a: Falinks
|
|upkeep
|
|t:|1642837602
|switch|p2a: Bafflack|Bafflack, F|88\/100
|-start|p2a: Bafflack|typechange|Water|[silent]
|-damage|p2a: Bafflack|76\/100|[from] Spikes
|turn|17
|c|☆inkbug1|should have thrown more spikes on the ground while i had free turns 
|
|t:|1642837635
|move|p2a: Bafflack|Expanding Force|p1a: Freedling
|-damage|p1a: Freedling|203\/383
|move|p1a: Freedling|Horn Leech|p2a: Bafflack
|-supereffective|p2a: Bafflack
|-crit|p2a: Bafflack
|-damage|p2a: Bafflack|0 fnt
|-heal|p1a: Freedling|317\/383|[from] drain|[of] p2a: Bafflack
|faint|p2a: Bafflack
|
|-fieldend|move: Psychic Terrain
|upkeep
|c| tkmof~11209|my guess
|c|☆inkbug1|on god 
|c|☆inkbug1|that is a safe switch in ?? 
|c| tkmof~11209|is that
|c|☆ausma|i have built a monster
|
|t:|1642837653
|switch|p2a: Curski|Curski, M|47\/100
|-damage|p2a: Curski|35\/100|[from] Spikes
|-start|p2a: Curski|typechange|Dark|[silent]
|-ability|p2a: Curski|Dark Aura
|turn|18
|c| tkmof~11209|daym freedling
|
|t:|1642837682
|move|p1a: Freedling|Horn Leech|p2a: Curski
|-damage|p2a: Curski|0 fnt
|-heal|p1a: Freedling|369\/383|[from] drain|[of] p2a: Curski
|faint|p2a: Curski
|
|upkeep
|c|☆inkbug1|huh. 
|
|t:|1642837698
|switch|p2a: Ballistic|Ballistic, M|71\/100
|-damage|p2a: Ballistic|59\/100|[from] Spikes
|-start|p2a: Ballistic|typechange|Electric\/Normal|[silent]
|turn|19
|c|☆inkbug1|ok.
|c|☆ausma|i am dying on my own terms 
|
|t:|1642837710
|move|p2a: Ballistic|Explosion|p1a: Freedling
|-damage|p1a: Freedling|221\/383
|faint|p2a: Ballistic
|
|win|inkbug1
|c| tkmof~11209|gg
|c|☆ausma|nice.
|c|☆inkbug1|OH i just
|c|☆inkbug1|remembered that
|c|☆inkbug1|i have reflect up
|c|☆ausma|hy,,ea,h,
|c|☆inkbug1|so that is affecting it
|c|☆ausma|ok so freedling is also a demon
|c| tkmof~11209|normally freedling is fat af lol
|c|☆inkbug1|'normally' 
|c| tkmof~11209|which is saying without reflect
|c|☆ausma|i forgot ghost curse becomes bulk up curse now 
|c|☆inkbug1|aksjhd
|c|☆ausma|completely forgot about that
|c|☆ausma|im for it tho
|c|☆inkbug1|fair,,
|c|☆ausma|that sfire
|c|☆inkbug1|yeah im -- ill post the set rq 
|l| KeroseneZanchu</script>
</div>
<div class="battle-log battle-log-inline"><div class="inner"><div class="battle-options"><div style="padding-top: 3px; padding-right: 3px; text-align: right"><button class="icon button" name="openBattleOptions" title="Options">Battle Options</button></div></div><div class="inner message-log"><div class="chat"><small>☆inkbug1 and ☆ausma joined</small></div><div class=""><small>Format:</small> <br><strong>[Gen 8] Evolution Project</strong></div><div class=""><small><em>HP Percentage Mod:</em> HP is shown in percentages</small></div><div class=""><small><em>Endless Battle Clause:</em> Forcing endless battles is banned</small></div><div class=""><small><em>OHKO Clause:</em> OHKO moves are banned</small></div><div class=""><small><em>Evasion Moves Clause:</em> Evasion moves are banned</small></div><div class=""><small><em>Species Clause:</em> Limit one of each Pokémon</small></div><div class=""><small><em>Dynamax Clause:</em> You cannot dynamax</small></div><div class=""><small><em>Sleep Clause Mod:</em> Limit one foe put to sleep</small></div><div class=""><small><em>Z-Move Clause:</em> Type-based Z-Moves are banned</small></div><div class="chat battle-history"><strong>inkbug1's team:</strong> <em style="color:#445566;display:block;">Slurpuff-Variant / Curski / Aromatisse / Freedling / Froslass / Excadrill-Hisui</em></div><div class="chat battle-history"><strong>ausma's team:</strong> <em style="color:#445566;display:block;">Ballistic / Jolteon / Falinks-Terracotta / Bafflack / Hocuspocus / Curski</em></div><div class="chat chatmessage-ausma"><strong style="color:#774de1"><small>☆</small><span class="username" data-name="ausma">ausma</span>:</strong> <em>ooo</em></div><div class="chat chatmessage-ausma"><strong style="color:#774de1"><small>☆</small><span class="username" data-name="ausma">ausma</span>:</strong> <em>havent seen freedling yet</em></div><div class="chat chatmessage-ausma"><strong style="color:#774de1"><small>☆</small><span class="username" data-name="ausma">ausma</span>:</strong> <em>and it's nice to see slurpuff too</em></div><div class="chat"><small> KeroseneZanchu joined</small></div><div class="chat chatmessage-inkbug1 mine"><strong style="color:#e46e0f"><small>☆</small><span class="username" data-name="inkbug1">inkbug1</span>:</strong> <em>ok hi sorry</em></div><div class="chat chatmessage-inkbug1 mine"><strong style="color:#e46e0f"><small>☆</small><span class="username" data-name="inkbug1">inkbug1</span>:</strong> <em>stepped away to </em></div><div class="chat chatmessage-inkbug1 mine"><strong style="color:#e46e0f"><small>☆</small><span class="username" data-name="inkbug1">inkbug1</span>:</strong> <em>refill water</em></div><div class="spacer battle-history"><br></div><div class="battle-history">Battle started between inkbug1 and ausma!<br></div><div class="spacer battle-history"><br></div><div class="battle-history">Go! Eve (<strong>Froslass</strong>)!<br></div><div class="spacer battle-history"><br></div><div class="battle-history">ausma sent out <strong>Bafflack</strong>!<br></div><div class="chat"><ul class="utilichart"><li class="result"><span class="col pokemonnamecol" style="white-space: nowrap">Bafflack</span> <span class="col typecol"><img src="https://play.pokemonshowdown.com/sprites/types/Water.png" alt="Water" height="14" width="32"></span> <span style="float: left ; min-height: 26px"><span class="col abilitycol">Psychic Surge / Cloud Nine / Pure Power</span><span class="col abilitycol"></span></span></li><li style="clear: both"></li></ul></div><div class="chat"><ul class="utilichart"><li class="result"><span style="float: left ; min-height: 26px"><span class="col statcol"><em>HP</em><br>80</span> <span class="col statcol"><em>Atk</em><br>69</span> <span class="col statcol"><em>Def</em><br>18</span> <span class="col statcol"><em>SpA</em><br>135</span> <span class="col statcol"><em>SpD</em><br>110</span> <span class="col statcol"><em>Spe</em><br>105</span> </span></li><li style="clear: both"></li></ul></div><div class="battle-history"><small>(Bafflack was created by KeroseneZanchu!)</small><br></div><div class="battle-history">[The opposing Bafflack's Psychic Surge]<br><small>The battlefield got weird!</small><br></div><div class="spacer battle-history"><br></div><h2 class="battle-history">Turn 1</h2><div class="chat chatmessage-ausma"><strong style="color:#774de1"><small>☆</small><span class="username" data-name="ausma">ausma</span>:</strong> <em>u are good!</em></div><div class="spacer battle-history"><br></div><div class="battle-history">Eve used <strong>Spikes</strong>!<br></div><div class="battle-history"><small>Spikes were scattered on the ground all around the opposing team!</small><br></div><div class="spacer battle-history"><br></div><div class="battle-history">The opposing Bafflack used <strong>Flip Turn</strong>!<br></div><div class="battle-history"><small>(Eve lost <abbr title="−78/344">22.7%</abbr> of its health!)</small><br></div><div class="spacer battle-history"><br></div><div class="battle-history">ausma withdrew Bafflack!<br></div><div class="battle-history">ausma sent out <strong>Hocuspocus</strong>!<br></div><div class="chat"><ul class="utilichart"><li class="result"><span class="col pokemonnamecol" style="white-space: nowrap">Hocuspocus</span> <span class="col typecol"><img src="https://play.pokemonshowdown.com/sprites/types/Psychic.png" alt="Psychic" height="14" width="32"><img src="https://play.pokemonshowdown.com/sprites/types/Ghost.png" alt="Ghost" height="14" width="32"></span> <span style="float: left ; min-height: 26px"><span class="col abilitycol">Tough Claws / Inner Focus / Super Luck</span><span class="col abilitycol"></span></span></li><li style="clear: both"></li></ul></div><div class="chat"><ul class="utilichart"><li class="result"><span style="float: left ; min-height: 26px"><span class="col statcol"><em>HP</em><br>55</span> <span class="col statcol"><em>Atk</em><br>95</span> <span class="col statcol"><em>Def</em><br>45</span> <span class="col statcol"><em>SpA</em><br>120</span> <span class="col statcol"><em>SpD</em><br>70</span> <span class="col statcol"><em>Spe</em><br>115</span> </span></li><li style="clear: both"></li></ul></div><div class="battle-history"><small>(Hocuspocus was created by ausma!)</small><br></div><div class="battle-history"><small>The opposing Hocuspocus was hurt by the spikes!</small><br></div><div class="spacer battle-history"><br></div><h2 class="battle-history">Turn 2</h2><div class="spacer battle-history"><br></div><div class="battle-history">Eve, come back!<br></div><div class="battle-history">Go! <strong>Curski</strong>!<br></div><div class="chat"><ul class="utilichart"><li class="result"><span class="col pokemonnamecol" style="white-space: nowrap">Curski</span> <span class="col typecol"><img src="https://play.pokemonshowdown.com/sprites/types/Dark.png" alt="Dark" height="14" width="32"></span> <span style="float: left ; min-height: 26px"><span class="col abilitycol">Dark Aura / Infiltrator</span><span class="col abilitycol"></span></span></li><li style="clear: both"></li></ul></div><div class="chat"><ul class="utilichart"><li class="result"><span style="float: left ; min-height: 26px"><span class="col statcol"><em>HP</em><br>50</span> <span class="col statcol"><em>Atk</em><br>117</span> <span class="col statcol"><em>Def</em><br>108</span> <span class="col statcol"><em>SpA</em><br>92</span> <span class="col statcol"><em>SpD</em><br>108</span> <span class="col statcol"><em>Spe</em><br>35</span> </span></li><li style="clear: both"></li></ul></div><div class="battle-history"><small>(Curski was created by KeroseneZanchu!)</small><br></div><div class="battle-history">[Curski's Dark Aura]<br><small>Curski is radiating a dark aura!</small><br></div><div class="spacer battle-history"><br></div><div class="battle-history">The opposing Hocuspocus used <strong>Expanding Force</strong>!<br></div><div class="battle-history"><small>It doesn't affect Curski...</small><br></div><div class="spacer battle-history"><br></div><h2 class="battle-history">Turn 3</h2><div class="spacer battle-history"><br></div><div class="battle-history">ausma withdrew Hocuspocus!<br></div><div class="battle-history">ausma sent out <strong>Curski</strong>!<br></div><div class="chat"><ul class="utilichart"><li class="result"><span class="col pokemonnamecol" style="white-space: nowrap">Curski</span> <span class="col typecol"><img src="https://play.pokemonshowdown.com/sprites/types/Dark.png" alt="Dark" height="14" width="32"></span> <span style="float: left ; min-height: 26px"><span class="col abilitycol">Dark Aura / Infiltrator</span><span class="col abilitycol"></span></span></li><li style="clear: both"></li></ul></div><div class="chat"><ul class="utilichart"><li class="result"><span style="float: left ; min-height: 26px"><span class="col statcol"><em>HP</em><br>50</span> <span class="col statcol"><em>Atk</em><br>117</span> <span class="col statcol"><em>Def</em><br>108</span> <span class="col statcol"><em>SpA</em><br>92</span> <span class="col statcol"><em>SpD</em><br>108</span> <span class="col statcol"><em>Spe</em><br>35</span> </span></li><li style="clear: both"></li></ul></div><div class="battle-history"><small>(Curski was created by KeroseneZanchu!)</small><br></div><div class="battle-history"><small>The opposing Curski was hurt by the spikes!</small><br></div><div class="battle-history">[The opposing Curski's Dark Aura]<br><small>The opposing Curski is radiating a dark aura!</small><br></div><div class="spacer battle-history"><br></div><div class="battle-history">Curski used <strong>Assurance</strong>!<br></div><div class="battle-history"><small>It's not very effective...</small><br></div><div class="battle-history"><small>(The opposing Curski lost 41% of its health!)</small><br></div><div class="spacer battle-history"><br></div><h2 class="battle-history">Turn 4</h2><div class="chat chatmessage-ausma"><strong style="color:#774de1"><small>☆</small><span class="username" data-name="ausma">ausma</span>:</strong> <em>OW</em></div><div class="chat chatmessage-ausma"><strong style="color:#774de1"><small>☆</small><span class="username" data-name="ausma">ausma</span>:</strong> <em>HEY!!!</em></div><div class="chat chatmessage-inkbug1 mine"><strong style="color:#e46e0f"><small>☆</small><span class="username" data-name="inkbug1">inkbug1</span>:</strong> <em>asjdfgsd</em></div><div class="spacer battle-history"><br></div><div class="battle-history">Curski, come back!<br></div><div class="battle-history">Go! Hearts (<strong>Aromatisse</strong>)!<br></div><div class="spacer battle-history"><br></div><div class="battle-history">The opposing Curski used <strong>Baddy Bad</strong>!<br></div><div class="battle-history"><small>It's not very effective...</small><br></div><div class="battle-history"><small>(Hearts lost <abbr title="−111/406">27.3%</abbr> of its health!)</small><br></div><div class="battle-history"><small>Reflect made the opposing team stronger against physical moves!</small><br></div><div class="spacer battle-history"><br></div><div class="battle-history"><small>Hearts restored a little HP using its Leftovers!</small><br></div><div class="spacer battle-history"><br></div><h2 class="battle-history">Turn 5</h2><div class="spacer battle-history"><br></div><div class="battle-history">ausma withdrew Curski!<br></div><div class="battle-history">ausma sent out <strong>Hocuspocus</strong>!<br></div><div class="battle-history"><small>The opposing Hocuspocus was hurt by the spikes!</small><br></div><div class="spacer battle-history"><br></div><div class="battle-history">Hearts used <strong>Moonblast</strong>!<br></div><div class="battle-history"><small>(The opposing Hocuspocus lost 56% of its health!)</small><br></div><div class="spacer battle-history"><br></div><div class="battle-history"><small>Hearts restored a little HP using its Leftovers!</small><br></div><div class="spacer battle-history"><br></div><h2 class="battle-history">Turn 6</h2><div class="spacer battle-history"><br></div><div class="battle-history">The opposing Hocuspocus used <strong>Expanding Force</strong>!<br></div><div class="battle-history"><small>(Hearts lost <abbr title="−265/406">65.3%</abbr> of its health!)</small><br></div><div class="battle-history"><small>The opposing Hocuspocus lost some of its HP!</small><br></div><div class="spacer battle-history"><br></div><div class="battle-history">Hearts used <strong>Moonblast</strong>!<br></div><div class="battle-history"><small>(The opposing Hocuspocus lost 10% of its health!)</small><br></div><div class="spacer battle-history"><br></div><div class="battle-history">The opposing Hocuspocus fainted!<br></div><div class="spacer battle-history"><br></div><div class="battle-history"><small>Hearts restored a little HP using its Leftovers!</small><br></div><div class="chat chatmessage-inkbug1 mine"><strong style="color:#e46e0f"><small>☆</small><span class="username" data-name="inkbug1">inkbug1</span>:</strong> <em>ok i should not hav</em></div><div class="chat chatmessage-inkbug1 mine"><strong style="color:#e46e0f"><small>☆</small><span class="username" data-name="inkbug1">inkbug1</span>:</strong> <em>stayed in for that </em></div><div class="spacer battle-history"><br></div><div class="battle-history">ausma sent out <strong>Jolteon</strong>!<br></div><div class="spacer battle-history"><br></div><h2 class="battle-history">Turn 7</h2><div class="chat chatmessage-inkbug1 mine"><strong style="color:#e46e0f"><small>☆</small><span class="username" data-name="inkbug1">inkbug1</span>:</strong> <em>hmmm</em></div><div class="spacer battle-history"><br></div><div class="battle-history">Hearts, come back!<br></div><div class="battle-history">Go! Excadrill (<strong>Excadrill-Hisui</strong>)!<br></div><div class="chat"><ul class="utilichart"><li class="result"><span class="col pokemonnamecol" style="white-space: nowrap">Excadrill-Hisui</span> <span class="col typecol"><img src="https://play.pokemonshowdown.com/sprites/types/Ground.png" alt="Ground" height="14" width="32"><img src="https://play.pokemonshowdown.com/sprites/types/Normal.png" alt="Normal" height="14" width="32"></span> <span style="float: left ; min-height: 26px"><span class="col abilitycol">Centrifuge / Sand Force / Technician</span><span class="col abilitycol"></span></span></li><li style="clear: both"></li></ul></div><div class="chat"><ul class="utilichart"><li class="result"><span style="float: left ; min-height: 26px"><span class="col statcol"><em>HP</em><br>110</span> <span class="col statcol"><em>Atk</em><br>135</span> <span class="col statcol"><em>Def</em><br>60</span> <span class="col statcol"><em>SpA</em><br>50</span> <span class="col statcol"><em>SpD</em><br>65</span> <span class="col statcol"><em>Spe</em><br>88</span> </span></li><li style="clear: both"></li></ul></div><div class="battle-history"><small>(Excadrill-Hisui was created by ausma!)</small><br></div><div class="spacer battle-history"><br></div><div class="battle-history">The opposing Jolteon used <strong>Thunderbolt</strong>!<br></div><div class="battle-history"><small>It doesn't affect Excadrill...</small><br></div><div class="spacer battle-history"><br></div><h2 class="battle-history">Turn 8</h2><div class="spacer battle-history"><br></div><div class="battle-history">The opposing Jolteon used <strong>Hidden Power</strong>!<br></div><div class="battle-history"><small>It's super effective!</small><br></div><div class="battle-history"><small>(Excadrill lost <abbr title="−126/361">34.9%</abbr> of its health!)</small><br></div><div class="spacer battle-history"><br></div><div class="battle-history">Excadrill used <strong>Earthquake</strong>!<br></div><div class="battle-history"><small>It's super effective!</small><br></div><div class="battle-history"><small>(The opposing Jolteon lost 87% of its health!)</small><br></div><div class="spacer battle-history"><br></div><div class="battle-history"><small>The opposing team's Reflect wore off!</small><br></div><div class="battle-history"><small>The weirdness disappeared from the battlefield!</small><br></div><div class="spacer battle-history"><br></div><h2 class="battle-history">Turn 9</h2><div class="chat chatmessage-ausma"><strong style="color:#774de1"><small>☆</small><span class="username" data-name="ausma">ausma</span>:</strong> <em>god that fr did 0</em></div><div class="chat chatmessage-inkbug1 mine"><strong style="color:#e46e0f"><small>☆</small><span class="username" data-name="inkbug1">inkbug1</span>:</strong> <em>wow i was </em></div><div class="chat chatmessage-inkbug1 mine"><strong style="color:#e46e0f"><small>☆</small><span class="username" data-name="inkbug1">inkbug1</span>:</strong> <em>second guessing av on this but tht rlly helps against coverage hp specifically</em></div><div class="chat chatmessage-inkbug1 mine"><strong style="color:#e46e0f"><small>☆</small><span class="username" data-name="inkbug1">inkbug1</span>:</strong> <em>it still might not b the best play but </em></div><div class="chat chatmessage-ausma"><strong style="color:#774de1"><small>☆</small><span class="username" data-name="ausma">ausma</span>:</strong> <em>av feels incredibly effective on hisuidrill tbh</em></div><div class="spacer battle-history"><br></div><div class="battle-history">The opposing Jolteon used <strong>Yawn</strong>!<br></div><div class="battle-history"><small>Excadrill grew drowsy!</small><br></div><div class="spacer battle-history"><br></div><div class="battle-history">Excadrill used <strong>Earthquake</strong>!<br></div><div class="battle-history"><small>It's super effective!</small><br></div><div class="battle-history"><small>(The opposing Jolteon lost 13% of its health!)</small><br></div><div class="spacer battle-history"><br></div><div class="battle-history">The opposing Jolteon fainted!<br></div><div class="chat chatmessage-ausma"><strong style="color:#774de1"><small>☆</small><span class="username" data-name="ausma">ausma</span>:</strong> <em>considering like</em></div><div class="chat chatmessage-ausma"><strong style="color:#774de1"><small>☆</small><span class="username" data-name="ausma">ausma</span>:</strong> <em>tomb spin quake then if you wanna go technician there's bulldoze and feint as options as well </em></div><div class="chat chatmessage-ausma"><strong style="color:#774de1"><small>☆</small><span class="username" data-name="ausma">ausma</span>:</strong> <em>oh and knock ofc</em></div><div class="chat chatmessage-inkbug1 mine"><strong style="color:#e46e0f"><small>☆</small><span class="username" data-name="inkbug1">inkbug1</span>:</strong> <em>right</em></div><div class="spacer battle-history"><br></div><div class="battle-history">ausma sent out <strong>Bafflack</strong>!<br></div><div class="battle-history"><small>The opposing Bafflack was hurt by the spikes!</small><br></div><div class="battle-history">[The opposing Bafflack's Psychic Surge]<br><small>The battlefield got weird!</small><br></div><div class="spacer battle-history"><br></div><h2 class="battle-history">Turn 10</h2><div class="chat chatmessage-inkbug1 mine"><strong style="color:#e46e0f"><small>☆</small><span class="username" data-name="inkbug1">inkbug1</span>:</strong> <em>and now is the part where i go back to having no switch ins</em></div><div class="spacer battle-history"><br></div><div class="battle-history">Excadrill, come back!<br></div><div class="battle-history">Go! Eve (<strong>Froslass</strong>)!<br></div><div class="spacer battle-history"><br></div><div class="battle-history">The opposing Bafflack used <strong>Flip Turn</strong>!<br></div><div class="battle-history"><small>(Eve lost <abbr title="−73/344">21.2%</abbr> of its health!)</small><br></div><div class="battle-history">[Eve's Cursed Body]<br><small>The opposing Bafflack's Flip Turn was disabled!</small><br></div><div class="spacer battle-history"><br></div><div class="battle-history">ausma withdrew Bafflack!<br></div><div class="battle-history">ausma sent out <strong>Ballistic</strong>!<br></div><div class="chat"><ul class="utilichart"><li class="result"><span class="col pokemonnamecol" style="white-space: nowrap">Ballistic</span> <span class="col typecol"><img src="https://play.pokemonshowdown.com/sprites/types/Electric.png" alt="Electric" height="14" width="32"><img src="https://play.pokemonshowdown.com/sprites/types/Normal.png" alt="Normal" height="14" width="32"></span> <span style="float: left ; min-height: 26px"><span class="col abilitycol">Soundproof / Reckless / Aftermath</span><span class="col abilitycol"></span></span></li><li style="clear: both"></li></ul></div><div class="chat"><ul class="utilichart"><li class="result"><span style="float: left ; min-height: 26px"><span class="col statcol"><em>HP</em><br>70</span> <span class="col statcol"><em>Atk</em><br>110</span> <span class="col statcol"><em>Def</em><br>10</span> <span class="col statcol"><em>SpA</em><br>90</span> <span class="col statcol"><em>SpD</em><br>110</span> <span class="col statcol"><em>Spe</em><br>150</span> </span></li><li style="clear: both"></li></ul></div><div class="battle-history"><small>(Ballistic was created by BlueRay!)</small><br></div><div class="battle-history"><small>The opposing Ballistic was hurt by the spikes!</small><br></div><div class="spacer battle-history"><br></div><h2 class="battle-history">Turn 11</h2><div class="spacer battle-history"><br></div><div class="battle-history">Eve used <strong>Will-O-Wisp</strong>!<br></div><div class="battle-history"><small>The opposing Ballistic avoided the attack!</small><br></div><div class="spacer battle-history"><br></div><div class="battle-history">The opposing Ballistic used <strong>Wild Charge</strong>!<br></div><div class="battle-history"><small>(Eve lost <abbr title="−193/344">56.1%</abbr> of its health!)</small><br></div><div class="battle-history">[Eve's Cursed Body]<br><small>The opposing Ballistic's Wild Charge was disabled!</small><br></div><div class="battle-history"><small>The opposing Ballistic was damaged by the recoil!</small><br></div><div class="spacer battle-history"><br></div><div class="battle-history">Eve fainted!<br></div><div class="chat chatmessage-inkbug1 mine"><strong style="color:#e46e0f"><small>☆</small><span class="username" data-name="inkbug1">inkbug1</span>:</strong> <em>ok</em></div><div class="chat chatmessage-ausma"><strong style="color:#774de1"><small>☆</small><span class="username" data-name="ausma">ausma</span>:</strong> <em>ah.</em></div><div class="chat chatmessage-inkbug1 mine"><strong style="color:#e46e0f"><small>☆</small><span class="username" data-name="inkbug1">inkbug1</span>:</strong> <em>TY EVE</em></div><div class="chat chatmessage-ausma"><strong style="color:#774de1"><small>☆</small><span class="username" data-name="ausma">ausma</span>:</strong> <em>eve needs glasses...</em></div><div class="chat chatmessage-ausma"><strong style="color:#774de1"><small>☆</small><span class="username" data-name="ausma">ausma</span>:</strong> <em>good lure tho</em></div><div class="chat chatmessage-inkbug1 mine"><strong style="color:#e46e0f"><small>☆</small><span class="username" data-name="inkbug1">inkbug1</span>:</strong> <em>i really love froslass bc the </em></div><div class="chat chatmessage-inkbug1 mine"><strong style="color:#e46e0f"><small>☆</small><span class="username" data-name="inkbug1">inkbug1</span>:</strong> <em>it feels very unsafe to trick Anything a scarf on this team so i havent but </em></div><div class="chat chatmessage-inkbug1 mine"><strong style="color:#e46e0f"><small>☆</small><span class="username" data-name="inkbug1">inkbug1</span>:</strong> <em>trick scarf into cursed body is </em></div><div class="chat chatmessage-inkbug1 mine"><strong style="color:#e46e0f"><small>☆</small><span class="username" data-name="inkbug1">inkbug1</span>:</strong> <em>rlly satisfying </em></div><div class="chat"><small> tkmof~11209 joined</small></div><div class="chat chatmessage-ausma"><strong style="color:#774de1"><small>☆</small><span class="username" data-name="ausma">ausma</span>:</strong> <em>that sounds terrifying</em></div><div class="chat chatmessage-inkbug1 mine"><strong style="color:#e46e0f"><small>☆</small><span class="username" data-name="inkbug1">inkbug1</span>:</strong> <em>damn where do i </em></div><div class="chat chatmessage-inkbug1 mine"><strong style="color:#e46e0f"><small>☆</small><span class="username" data-name="inkbug1">inkbug1</span>:</strong> <em>hm </em></div><div class="spacer battle-history"><br></div><div class="battle-history">Go! <strong>Curski</strong>!<br></div><div class="battle-history">[Curski's Dark Aura]<br><small>Curski is radiating a dark aura!</small><br></div><div class="spacer battle-history"><br></div><h2 class="battle-history">Turn 12</h2><div class="spacer battle-history"><br></div><div class="battle-history">The opposing Ballistic used <strong>Volt Switch</strong>!<br></div><div class="battle-history"><small>(Curski lost <abbr title="−73/303">24.1%</abbr> of its health!)</small><br></div><div class="spacer battle-history"><br></div><div class="battle-history">The opposing Ballistic went back to ausma!<br></div><div class="battle-history">ausma sent out Falinks (<strong>Falinks-Terracotta</strong>)!<br></div><div class="battle-history"><small>The opposing Falinks was hurt by the spikes!</small><br></div><div class="chat"><ul class="utilichart"><li class="result"><span class="col pokemonnamecol" style="white-space: nowrap">Falinks-Terracotta</span> <span class="col typecol"><img src="https://play.pokemonshowdown.com/sprites/types/Fighting.png" alt="Fighting" height="14" width="32"><img src="https://play.pokemonshowdown.com/sprites/types/Rock.png" alt="Rock" height="14" width="32"></span> <span style="float: left ; min-height: 26px"><span class="col abilitycol">Solid Rock / Skill Link / Defiant</span><span class="col abilitycol"></span></span></li><li style="clear: both"></li></ul></div><div class="chat"><ul class="utilichart"><li class="result"><span style="float: left ; min-height: 26px"><span class="col statcol"><em>HP</em><br>65</span> <span class="col statcol"><em>Atk</em><br>100</span> <span class="col statcol"><em>Def</em><br>100</span> <span class="col statcol"><em>SpA</em><br>60</span> <span class="col statcol"><em>SpD</em><br>60</span> <span class="col statcol"><em>Spe</em><br>85</span> </span></li><li style="clear: both"></li></ul></div><div class="battle-history"><small>(Falinks-Terracotta was created by Hematite!)</small><br></div><div class="spacer battle-history"><br></div><div class="battle-history">Curski used <strong>Baddy Bad</strong>!<br></div><div class="battle-history"><small>It's not very effective...</small><br></div><div class="battle-history"><small>(The opposing Falinks lost 36% of its health!)</small><br></div><div class="battle-history"><small>Reflect made your team stronger against physical moves!</small><br></div><div class="spacer battle-history"><br></div><div class="battle-history"><small>The opposing Falinks restored a little HP using its Leftovers!</small><br></div><div class="spacer battle-history"><br></div><h2 class="battle-history">Turn 13</h2><div class="chat chatmessage-tkmof11209"><strong style="color:#969b38"><small> </small><span class="username" data-name="tkmof~11209">tkmof~11209</span>:</strong> <em>a</em></div><div class="spacer battle-history"><br></div><div class="battle-history">Curski, come back!<br></div><div class="battle-history">Go! <strong>Freedling</strong>!<br></div><div class="chat"><ul class="utilichart"><li class="result"><span class="col pokemonnamecol" style="white-space: nowrap">Freedling</span> <span class="col typecol"><img src="https://play.pokemonshowdown.com/sprites/types/Grass.png" alt="Grass" height="14" width="32"></span> <span style="float: left ; min-height: 26px"><span class="col abilitycol">Natural Cure / Sticky Hold / Gooey</span><span class="col abilitycol"></span></span></li><li style="clear: both"></li></ul></div><div class="chat"><ul class="utilichart"><li class="result"><span style="float: left ; min-height: 26px"><span class="col statcol"><em>HP</em><br>90</span> <span class="col statcol"><em>Atk</em><br>110</span> <span class="col statcol"><em>Def</em><br>106</span> <span class="col statcol"><em>SpA</em><br>65</span> <span class="col statcol"><em>SpD</em><br>92</span> <span class="col statcol"><em>Spe</em><br>73</span> </span></li><li style="clear: both"></li></ul></div><div class="battle-history"><small>(Freedling was created by ausma!)</small><br></div><div class="spacer battle-history"><br></div><div class="battle-history">The opposing Falinks used <strong>Stealth Rock</strong>!<br></div><div class="battle-history"><small>Pointed stones float in the air around your team!</small><br></div><div class="spacer battle-history"><br></div><div class="battle-history"><small>The opposing Falinks restored a little HP using its Leftovers!</small><br></div><div class="spacer battle-history"><br></div><h2 class="battle-history">Turn 14</h2><div class="chat chatmessage-ausma"><strong style="color:#774de1"><small>☆</small><span class="username" data-name="ausma">ausma</span>:</strong> <em>good morning freedling</em></div><div class="chat chatmessage-ausma"><strong style="color:#774de1"><small>☆</small><span class="username" data-name="ausma">ausma</span>:</strong> <em>i lose to u</em></div><div class="chat chatmessage-inkbug1 mine"><strong style="color:#e46e0f"><small>☆</small><span class="username" data-name="inkbug1">inkbug1</span>:</strong> <em>asdfasdf</em></div><div class="spacer battle-history"><br></div><div class="battle-history">The opposing Falinks used <strong>No Retreat</strong>!<br></div><div class="battle-history"><small>The opposing Falinks's Attack rose!</small><br></div><div class="battle-history"><small>The opposing Falinks's Defense rose!</small><br></div><div class="battle-history"><small>The opposing Falinks's Sp. Atk rose!</small><br></div><div class="battle-history"><small>The opposing Falinks's Sp. Def rose!</small><br></div><div class="battle-history"><small>The opposing Falinks's Speed rose!</small><br></div><div class="battle-history"><small>The opposing Falinks can no longer escape because it used No Retreat!</small><br></div><div class="spacer battle-history"><br></div><div class="battle-history">Freedling used <strong>Curse</strong>!<br></div><div class="battle-history"><small>Freedling's Speed fell!</small><br></div><div class="battle-history"><small>Freedling's Attack rose!</small><br></div><div class="battle-history"><small>Freedling's Defense rose!</small><br></div><div class="spacer battle-history"><br></div><div class="battle-history"><small>The opposing Falinks restored a little HP using its Leftovers!</small><br></div><div class="spacer battle-history"><br></div><h2 class="battle-history">Turn 15</h2><div class="chat chatmessage-ausma"><strong style="color:#774de1"><small>☆</small><span class="username" data-name="ausma">ausma</span>:</strong> <em>oh</em></div><div class="chat chatmessage-ausma"><strong style="color:#774de1"><small>☆</small><span class="username" data-name="ausma">ausma</span>:</strong> <em>oh no</em></div><div class="chat chatmessage-tkmof11209"><strong style="color:#969b38"><small> </small><span class="username" data-name="tkmof~11209">tkmof~11209</span>:</strong> <em>oh yeah the alchemissus</em></div><div class="chat chatmessage-ausma"><strong style="color:#774de1"><small>☆</small><span class="username" data-name="ausma">ausma</span>:</strong> <em>oh no.</em></div><div class="chat chatmessage-tkmof11209"><strong style="color:#969b38"><small> </small><span class="username" data-name="tkmof~11209">tkmof~11209</span>:</strong> <em>oh no.</em></div><div class="spacer battle-history"><br></div><div class="battle-history">The opposing Falinks used <strong>Stone Edge</strong>!<br></div><div class="battle-history"><small>(Freedling lost <abbr title="−66/383">17.2%</abbr> of its health!)</small><br></div><div class="spacer battle-history"><br></div><div class="battle-history">Freedling used <strong>Leech Seed</strong>!<br></div><div class="battle-history"><small>The opposing Falinks was seeded!</small><br></div><div class="spacer battle-history"><br></div><div class="battle-history"><small>The opposing Falinks restored a little HP using its Leftovers!</small><br></div><div class="battle-history"><small>The opposing Falinks's health is sapped by Leech Seed!</small><br></div><div class="spacer battle-history"><br></div><h2 class="battle-history">Turn 16</h2><div class="chat chatmessage-ausma"><strong style="color:#774de1"><small>☆</small><span class="username" data-name="ausma">ausma</span>:</strong> <em>random bullshit go </em></div><div class="chat chatmessage-inkbug1 mine"><strong style="color:#e46e0f"><small>☆</small><span class="username" data-name="inkbug1">inkbug1</span>:</strong> <em>oh wow that did</em></div><div class="chat chatmessage-inkbug1 mine"><strong style="color:#e46e0f"><small>☆</small><span class="username" data-name="inkbug1">inkbug1</span>:</strong> <em>nothing</em></div><div class="chat chatmessage-tkmof11209"><strong style="color:#969b38"><small> </small><span class="username" data-name="tkmof~11209">tkmof~11209</span>:</strong> <em>oh that actually wasn't very bad</em></div><div class="chat chatmessage-ausma"><strong style="color:#774de1"><small>☆</small><span class="username" data-name="ausma">ausma</span>:</strong> <em>freedling is stupid fat </em></div><div class="chat chatmessage-ausma"><strong style="color:#774de1"><small>☆</small><span class="username" data-name="ausma">ausma</span>:</strong> <em>im guessing you're natural cure on this?</em></div><div class="spacer battle-history"><br></div><div class="battle-history">The opposing Falinks used <strong>Stone Edge</strong>!<br></div><div class="battle-history"><small>(Freedling lost <abbr title="−60/383">15.7%</abbr> of its health!)</small><br></div><div class="spacer battle-history"><br></div><div class="battle-history">Freedling used <strong>Horn Leech</strong>!<br></div><div class="battle-history"><small>It's super effective!</small><br></div><div class="battle-history"><small>(The opposing Falinks lost 63% of its health!)</small><br></div><div class="battle-history"><small>The opposing Falinks had its energy drained!</small><br></div><div class="spacer battle-history"><br></div><div class="battle-history">The opposing Falinks fainted!<br></div><div class="spacer battle-history"><br></div><div class="battle-history">ausma sent out <strong>Bafflack</strong>!<br></div><div class="battle-history"><small>The opposing Bafflack was hurt by the spikes!</small><br></div><div class="spacer battle-history"><br></div><h2 class="battle-history">Turn 17</h2><div class="chat chatmessage-inkbug1 mine"><strong style="color:#e46e0f"><small>☆</small><span class="username" data-name="inkbug1">inkbug1</span>:</strong> <em>should have thrown more spikes on the ground while i had free turns </em></div><div class="spacer battle-history"><br></div><div class="battle-history">The opposing Bafflack used <strong>Expanding Force</strong>!<br></div><div class="battle-history"><small>(Freedling lost <abbr title="−172/383">44.9%</abbr> of its health!)</small><br></div><div class="spacer battle-history"><br></div><div class="battle-history">Freedling used <strong>Horn Leech</strong>!<br></div><div class="battle-history"><small>It's super effective!</small><br></div><div class="battle-history"><small>A critical hit!</small><br></div><div class="battle-history"><small>(The opposing Bafflack lost 76% of its health!)</small><br></div><div class="battle-history"><small>The opposing Bafflack had its energy drained!</small><br></div><div class="spacer battle-history"><br></div><div class="battle-history">The opposing Bafflack fainted!<br></div><div class="spacer battle-history"><br></div><div class="battle-history"><small>The weirdness disappeared from the battlefield!</small><br></div><div class="chat chatmessage-tkmof11209"><strong style="color:#969b38"><small> </small><span class="username" data-name="tkmof~11209">tkmof~11209</span>:</strong> <em>my guess</em></div><div class="chat chatmessage-inkbug1 mine"><strong style="color:#e46e0f"><small>☆</small><span class="username" data-name="inkbug1">inkbug1</span>:</strong> <em>on god </em></div><div class="chat chatmessage-inkbug1 mine"><strong style="color:#e46e0f"><small>☆</small><span class="username" data-name="inkbug1">inkbug1</span>:</strong> <em>that is a safe switch in ?? </em></div><div class="chat chatmessage-tkmof11209"><strong style="color:#969b38"><small> </small><span class="username" data-name="tkmof~11209">tkmof~11209</span>:</strong> <em>is that</em></div><div class="chat chatmessage-ausma"><strong style="color:#774de1"><small>☆</small><span class="username" data-name="ausma">ausma</span>:</strong> <em>i have built a monster</em></div><div class="spacer battle-history"><br></div><div class="battle-history">ausma sent out <strong>Curski</strong>!<br></div><div class="battle-history"><small>The opposing Curski was hurt by the spikes!</small><br></div><div class="battle-history">[The opposing Curski's Dark Aura]<br><small>The opposing Curski is radiating a dark aura!</small><br></div><div class="spacer battle-history"><br></div><h2 class="battle-history">Turn 18</h2><div class="chat chatmessage-tkmof11209"><strong style="color:#969b38"><small> </small><span class="username" data-name="tkmof~11209">tkmof~11209</span>:</strong> <em>daym freedling</em></div><div class="spacer battle-history"><br></div><div class="battle-history">Freedling used <strong>Horn Leech</strong>!<br></div><div class="battle-history"><small>(The opposing Curski lost 35% of its health!)</small><br></div><div class="battle-history"><small>The opposing Curski had its energy drained!</small><br></div><div class="spacer battle-history"><br></div><div class="battle-history">The opposing Curski fainted!<br></div><div class="chat chatmessage-inkbug1 mine"><strong style="color:#e46e0f"><small>☆</small><span class="username" data-name="inkbug1">inkbug1</span>:</strong> <em>huh. </em></div><div class="spacer battle-history"><br></div><div class="battle-history">ausma sent out <strong>Ballistic</strong>!<br></div><div class="battle-history"><small>The opposing Ballistic was hurt by the spikes!</small><br></div><div class="spacer battle-history"><br></div><h2 class="battle-history">Turn 19</h2><div class="chat chatmessage-inkbug1 mine"><strong style="color:#e46e0f"><small>☆</small><span class="username" data-name="inkbug1">inkbug1</span>:</strong> <em>ok.</em></div><div class="chat chatmessage-ausma"><strong style="color:#774de1"><small>☆</small><span class="username" data-name="ausma">ausma</span>:</strong> <em>i am dying on my own terms </em></div><div class="spacer battle-history"><br></div><div class="battle-history">The opposing Ballistic used <strong>Explosion</strong>!<br></div><div class="battle-history"><small>(Freedling lost <abbr title="−148/383">38.6%</abbr> of its health!)</small><br></div><div class="spacer battle-history"><br></div><div class="battle-history">The opposing Ballistic fainted!<br></div><div class="spacer battle-history"><br></div><div class="battle-history"><strong>inkbug1</strong> won the battle!<br></div><div class="chat chatmessage-tkmof11209"><strong style="color:#969b38"><small> </small><span class="username" data-name="tkmof~11209">tkmof~11209</span>:</strong> <em>gg</em></div><div class="chat chatmessage-ausma"><strong style="color:#774de1"><small>☆</small><span class="username" data-name="ausma">ausma</span>:</strong> <em>nice.</em></div><div class="chat chatmessage-inkbug1 mine"><strong style="color:#e46e0f"><small>☆</small><span class="username" data-name="inkbug1">inkbug1</span>:</strong> <em>OH i just</em></div><div class="chat chatmessage-inkbug1 mine"><strong style="color:#e46e0f"><small>☆</small><span class="username" data-name="inkbug1">inkbug1</span>:</strong> <em>remembered that</em></div><div class="chat chatmessage-inkbug1 mine"><strong style="color:#e46e0f"><small>☆</small><span class="username" data-name="inkbug1">inkbug1</span>:</strong> <em>i have reflect up</em></div><div class="chat chatmessage-ausma"><strong style="color:#774de1"><small>☆</small><span class="username" data-name="ausma">ausma</span>:</strong> <em>hy,,ea,h,</em></div><div class="chat chatmessage-inkbug1 mine"><strong style="color:#e46e0f"><small>☆</small><span class="username" data-name="inkbug1">inkbug1</span>:</strong> <em>so that is affecting it</em></div><div class="chat chatmessage-ausma"><strong style="color:#774de1"><small>☆</small><span class="username" data-name="ausma">ausma</span>:</strong> <em>ok so freedling is also a demon</em></div><div class="chat chatmessage-tkmof11209"><strong style="color:#969b38"><small> </small><span class="username" data-name="tkmof~11209">tkmof~11209</span>:</strong> <em>normally freedling is fat af lol</em></div><div class="chat chatmessage-inkbug1 mine"><strong style="color:#e46e0f"><small>☆</small><span class="username" data-name="inkbug1">inkbug1</span>:</strong> <em>'normally' </em></div><div class="chat chatmessage-tkmof11209"><strong style="color:#969b38"><small> </small><span class="username" data-name="tkmof~11209">tkmof~11209</span>:</strong> <em>which is saying without reflect</em></div><div class="chat chatmessage-ausma"><strong style="color:#774de1"><small>☆</small><span class="username" data-name="ausma">ausma</span>:</strong> <em>i forgot ghost curse becomes bulk up curse now </em></div><div class="chat chatmessage-inkbug1 mine"><strong style="color:#e46e0f"><small>☆</small><span class="username" data-name="inkbug1">inkbug1</span>:</strong> <em>aksjhd</em></div><div class="chat chatmessage-ausma"><strong style="color:#774de1"><small>☆</small><span class="username" data-name="ausma">ausma</span>:</strong> <em>completely forgot about that</em></div><div class="chat chatmessage-ausma"><strong style="color:#774de1"><small>☆</small><span class="username" data-name="ausma">ausma</span>:</strong> <em>im for it tho</em></div><div class="chat chatmessage-inkbug1 mine"><strong style="color:#e46e0f"><small>☆</small><span class="username" data-name="inkbug1">inkbug1</span>:</strong> <em>fair,,</em></div><div class="chat chatmessage-ausma"><strong style="color:#774de1"><small>☆</small><span class="username" data-name="ausma">ausma</span>:</strong> <em>that sfire</em></div><div class="chat chatmessage-inkbug1 mine"><strong style="color:#e46e0f"><small>☆</small><span class="username" data-name="inkbug1">inkbug1</span>:</strong> <em>yeah im -- ill post the set rq </em></div><div class="chat"><small> KeroseneZanchu left</small></div></div><div class="inner-preempt message-log"></div></div></div>
</div>
<script>
let daily = Math.floor(Date.now()/1000/60/60/24);document.write('<script src="https://dragonheaven.herokuapp.com/js/replay-embed.js?version'+daily+'"></'+'script>');
</script>
