<!DOCTYPE html>
<meta charset="utf-8" />
<!-- version 1 -->
<title>[Gen 8] Evolution Project replay: abismal vs. KeroseneZanchu</title>
<style>
html,body {font-family:Verdana, sans-serif;font-size:10pt;margin:0;padding:0;}body{padding:12px 0;} .battle-log {font-family:Verdana, sans-serif;font-size:10pt;} .battle-log-inline {border:1px solid #AAAAAA;background:#EEF2F5;color:black;max-width:640px;margin:0 auto 80px;padding-bottom:5px;} .battle-log .inner {padding:4px 8px 0px 8px;} .battle-log .inner-preempt {padding:0 8px 4px 8px;} .battle-log .inner-after {margin-top:0.5em;} .battle-log h2 {margin:0.5em -8px;padding:4px 8px;border:1px solid #AAAAAA;background:#E0E7EA;border-left:0;border-right:0;font-family:Verdana, sans-serif;font-size:13pt;} .battle-log .chat {vertical-align:middle;padding:3px 0 3px 0;font-size:8pt;} .battle-log .chat strong {color:#40576A;} .battle-log .chat em {padding:1px 4px 1px 3px;color:#000000;font-style:normal;} .chat.mine {background:rgba(0,0,0,0.05);margin-left:-8px;margin-right:-8px;padding-left:8px;padding-right:8px;} .spoiler {color:#BBBBBB;background:#BBBBBB;padding:0px 3px;} .spoiler:hover, .spoiler:active, .spoiler-shown {color:#000000;background:#E2E2E2;padding:0px 3px;} .spoiler a {color:#BBBBBB;} .spoiler:hover a, .spoiler:active a, .spoiler-shown a {color:#2288CC;} .chat code, .chat .spoiler:hover code, .chat .spoiler:active code, .chat .spoiler-shown code {border:1px solid #C0C0C0;background:#EEEEEE;color:black;padding:0 2px;} .chat .spoiler code {border:1px solid #CCCCCC;background:#CCCCCC;color:#CCCCCC;} .battle-log .rated {padding:3px 4px;} .battle-log .rated strong {color:white;background:#89A;padding:1px 4px;border-radius:4px;} .spacer {margin-top:0.5em;} .message-announce {background:#6688AA;color:white;padding:1px 4px 2px;} .message-announce a, .broadcast-green a, .broadcast-blue a, .broadcast-red a {color:#DDEEFF;} .broadcast-green {background-color:#559955;color:white;padding:2px 4px;} .broadcast-blue {background-color:#6688AA;color:white;padding:2px 4px;} .infobox {border:1px solid #6688AA;padding:2px 4px;} .infobox-limited {max-height:200px;overflow:auto;overflow-x:hidden;} .broadcast-red {background-color:#AA5544;color:white;padding:2px 4px;} .message-learn-canlearn {font-weight:bold;color:#228822;text-decoration:underline;} .message-learn-cannotlearn {font-weight:bold;color:#CC2222;text-decoration:underline;} .message-effect-weak {font-weight:bold;color:#CC2222;} .message-effect-resist {font-weight:bold;color:#6688AA;} .message-effect-immune {font-weight:bold;color:#666666;} .message-learn-list {margin-top:0;margin-bottom:0;} .message-throttle-notice, .message-error {color:#992222;} .message-overflow, .chat small.message-overflow {font-size:0pt;} .message-overflow::before {font-size:9pt;content:'...';} .subtle {color:#3A4A66;}
</style>
<div class="wrapper replay-wrapper" style="max-width:1180px;margin:0 auto">
<input type="hidden" name="replayid" value="dragonheaven-gen8evolutionproject-319" />
<div class="battle"></div><div class="battle-log"></div><div class="replay-controls"></div><div class="replay-controls-2"></div>
<h1 style="font-weight:normal;text-align:center"><strong>[Gen 8] Evolution Project</strong><br /><a href="http://pokemonshowdown.com/users/abismal" class="subtle" target="_blank">abismal</a> vs. <a href="http://pokemonshowdown.com/users/kerosenezanchu" class="subtle" target="_blank">KeroseneZanchu</a></h1>
<script type="text/plain" class="battle-log-data">|j|☆abismal
|j|☆KeroseneZanchu

|t:|1641517668
|player|p1|abismal|clemont|
|player|p2|KeroseneZanchu|riley|
|teamsize|p1|6
|teamsize|p2|6
|gametype|singles
|gen|8
|tier|[Gen 8] Evolution Project
|clearpoke
|poke|p1|Gigalith-Kalos, M|
|poke|p1|Nown, F|
|poke|p1|Rotom-Heat|
|poke|p1|Leafeon, M|
|poke|p1|Gardevoir, F|
|poke|p1|Inkay-Alola, F|
|poke|p2|Gourgeist-*, F|
|poke|p2|Scrafty, M|
|poke|p2|Noctowl, M|
|poke|p2|Dusclops, M|
|poke|p2|Sandaconda, F|
|poke|p2|Kadabra, F|
|rule|HP Percentage Mod: HP is shown in percentages
|rule|Endless Battle Clause: Forcing endless battles is banned
|rule|OHKO Clause: OHKO moves are banned
|rule|Evasion Moves Clause: Evasion moves are banned
|rule|Species Clause: Limit one of each Pokémon
|rule|Dynamax Clause: You cannot dynamax
|rule|Sleep Clause Mod: Limit one foe put to sleep
|rule|Z-Move Clause: Type-based Z-Moves are banned
|teampreview
|c|☆KeroseneZanchu|glhf
|c|☆abismal|u2
|c|☆abismal|oh look a "normal" team
|c|☆KeroseneZanchu|:^)
|c|☆abismal|sigh
|c|☆abismal|everything on there has eviolite
|c|☆abismal|im boutta knock all of that shit off
|c|☆KeroseneZanchu|yes
|c|☆KeroseneZanchu|yes it does
|
|t:|1641517718
|start
|switch|p1a: Gigalith|Gigalith-Kalos, M|100\/100
|switch|p2a: Sandaconda|Sandaconda, F|348\/348
|-start|p1a: Gigalith|typechange|Rock\/Electric|[silent]
|raw|<ul class="utilichart"><li class="result"><span class="col pokemonnamecol" style="white-space: nowrap">Gigalith-Kalos<\/span> <span class="col typecol"><img src="https:\/\/play.pokemonshowdown.com\/sprites\/types\/Rock.png" alt="Rock" height="14" width="32"><img src="https:\/\/play.pokemonshowdown.com\/sprites\/types\/Electric.png" alt="Electric" height="14" width="32"><\/span> <span style="float: left ; min-height: 26px"><span class="col abilitycol">Sturdy \/ Drought \/ Solar Power<\/span><span class="col abilitycol"><\/span><\/span><\/li><li style="clear: both"><\/li><\/ul>
|raw|<ul class="utilichart"><li class="result"><span style="float: left ; min-height: 26px"><span class="col statcol"><em>HP<\/em><br>85<\/span> <span class="col statcol"><em>Atk<\/em><br>60<\/span> <span class="col statcol"><em>Def<\/em><br>130<\/span> <span class="col statcol"><em>SpA<\/em><br>135<\/span> <span class="col statcol"><em>SpD<\/em><br>80<\/span> <span class="col statcol"><em>Spe<\/em><br>25<\/span> <\/span><\/li><li style="clear: both"><\/li><\/ul>
|-hint|Gigalith-Kalos was created by Violet!
|-weather|SunnyDay|[from] ability: Drought|[of] p1a: Gigalith
|turn|1
|
|t:|1641517725
|switch|p1a: Rotom|Rotom-Heat|100\/100
|move|p2a: Sandaconda|Earthquake|p1a: Rotom
|-immune|p1a: Rotom|[from] ability: Levitate
|
|-weather|SunnyDay|[upkeep]
|upkeep
|turn|2
|
|t:|1641517729
|move|p1a: Rotom|Will-O-Wisp|p2a: Sandaconda
|-status|p2a: Sandaconda|brn
|move|p2a: Sandaconda|Stealth Rock|p1a: Rotom
|-sidestart|p1: abismal|move: Stealth Rock
|
|-weather|SunnyDay|[upkeep]
|-damage|p2a: Sandaconda|327\/348 brn|[from] brn
|upkeep
|turn|3
|c|☆KeroseneZanchu|yeah you really do just have
|c|☆KeroseneZanchu|chlorophyll knock off
|
|t:|1641517742
|move|p1a: Rotom|Defog|p2a: Sandaconda
|-unboost|p2a: Sandaconda|evasion|1
|-sideend|p1: abismal|Stealth Rock|[from] move: Defog|[of] p1a: Rotom
|move|p2a: Sandaconda|Fire Fang|p1a: Rotom
|-resisted|p1a: Rotom
|-damage|p1a: Rotom|92\/100
|
|-weather|SunnyDay|[upkeep]
|-damage|p2a: Sandaconda|306\/348 brn|[from] brn
|upkeep
|turn|4
|
|t:|1641517758
|move|p1a: Rotom|Volt Switch|p2a: Sandaconda
|-immune|p2a: Sandaconda
|move|p2a: Sandaconda|Stealth Rock|p1a: Rotom
|-sidestart|p1: abismal|move: Stealth Rock
|
|-weather|SunnyDay|[upkeep]
|-damage|p2a: Sandaconda|285\/348 brn|[from] brn
|upkeep
|turn|5
|
|t:|1641517765
|move|p1a: Rotom|Volt Switch|p2a: Sandaconda
|-immune|p2a: Sandaconda
|move|p2a: Sandaconda|Stone Edge|p1a: Rotom
|-supereffective|p1a: Rotom
|-crit|p1a: Rotom
|-damage|p1a: Rotom|43\/100
|
|-weather|SunnyDay|[upkeep]
|-damage|p2a: Sandaconda|264\/348 brn|[from] brn
|upkeep
|turn|6
|
|t:|1641517775
|move|p1a: Rotom|Defog|p2a: Sandaconda
|-unboost|p2a: Sandaconda|evasion|1
|-sideend|p1: abismal|Stealth Rock|[from] move: Defog|[of] p1a: Rotom
|move|p2a: Sandaconda|Earthquake|p1a: Rotom
|-immune|p1a: Rotom|[from] ability: Levitate
|
|-weather|SunnyDay|[upkeep]
|-damage|p2a: Sandaconda|243\/348 brn|[from] brn
|upkeep
|turn|7
|
|t:|1641517781
|move|p1a: Rotom|Volt Switch|p2a: Sandaconda
|-immune|p2a: Sandaconda
|move|p2a: Sandaconda|Stealth Rock|p1a: Rotom
|-sidestart|p1: abismal|move: Stealth Rock
|
|-weather|SunnyDay|[upkeep]
|-damage|p2a: Sandaconda|222\/348 brn|[from] brn
|upkeep
|turn|8
|
|t:|1641517786
|move|p1a: Rotom|Defog|p2a: Sandaconda
|-unboost|p2a: Sandaconda|evasion|1
|-sideend|p1: abismal|Stealth Rock|[from] move: Defog|[of] p1a: Rotom
|move|p2a: Sandaconda|Fire Fang|p1a: Rotom
|-resisted|p1a: Rotom
|-damage|p1a: Rotom|34\/100
|
|-weather|none
|-activate|p2a: Sandaconda|ability: Shed Skin
|-curestatus|p2a: Sandaconda|brn|[msg]
|upkeep
|turn|9
|
|t:|1641517791
|move|p1a: Rotom|Pain Split|p2a: Sandaconda
|-sethp|p2a: Sandaconda|161\/348|[from] move: Pain Split|[silent]
|-sethp|p1a: Rotom|54\/100|[from] move: Pain Split
|move|p2a: Sandaconda|Stealth Rock|p1a: Rotom
|-sidestart|p1: abismal|move: Stealth Rock
|
|upkeep
|turn|10
|c|☆KeroseneZanchu|damn
|c|☆KeroseneZanchu|that long
|c|☆KeroseneZanchu|for fucking shed skin
|
|t:|1641517799
|move|p1a: Rotom|Will-O-Wisp|p2a: Sandaconda
|-status|p2a: Sandaconda|brn
|move|p2a: Sandaconda|Stone Edge|p1a: Rotom|[miss]
|-miss|p2a: Sandaconda|p1a: Rotom
|
|-damage|p2a: Sandaconda|140\/348 brn|[from] brn
|upkeep
|turn|11
|c|☆abismal|i didnt even know hje had it
|
|t:|1641517807
|move|p1a: Rotom|Defog|p2a: Sandaconda
|-unboost|p2a: Sandaconda|evasion|1
|-sideend|p1: abismal|Stealth Rock|[from] move: Defog|[of] p1a: Rotom
|move|p2a: Sandaconda|Stone Edge|p1a: Rotom
|-supereffective|p1a: Rotom
|-damage|p1a: Rotom|15\/100
|
|-damage|p2a: Sandaconda|119\/348 brn|[from] brn
|upkeep
|turn|12
|
|t:|1641517813
|switch|p1a: Nown|Nown, F|100\/100
|-start|p1a: Nown|typechange|Psychic|[silent]
|raw|<ul class="utilichart"><li class="result"><span class="col pokemonnamecol" style="white-space: nowrap">Nown<\/span> <span class="col typecol"><img src="https:\/\/play.pokemonshowdown.com\/sprites\/types\/Psychic.png" alt="Psychic" height="14" width="32"><\/span> <span style="float: left ; min-height: 26px"><span class="col abilitycol">Protean<\/span><span class="col abilitycol"><\/span><\/span><\/li><li style="clear: both"><\/li><\/ul>
|raw|<ul class="utilichart"><li class="result"><span style="float: left ; min-height: 26px"><span class="col statcol"><em>HP<\/em><br>108<\/span> <span class="col statcol"><em>Atk<\/em><br>91<\/span> <span class="col statcol"><em>Def<\/em><br>28<\/span> <span class="col statcol"><em>SpA<\/em><br>132<\/span> <span class="col statcol"><em>SpD<\/em><br>23<\/span> <span class="col statcol"><em>Spe<\/em><br>98<\/span> <\/span><\/li><li style="clear: both"><\/li><\/ul>
|-hint|Nown was created by abismal!
|move|p2a: Sandaconda|Stone Edge|p1a: Nown
|-damage|p1a: Nown|60\/100
|
|-damage|p2a: Sandaconda|98\/348 brn|[from] brn
|upkeep
|turn|13
|c|☆KeroseneZanchu|frail my ass
|
|t:|1641517827
|move|p1a: Nown|Hidden Power|p2a: Sandaconda
|-start|p1a: Nown|typechange|Ghost|[from] ability: Protean
|-damage|p2a: Sandaconda|0 fnt
|faint|p2a: Sandaconda
|
|upkeep
|
|t:|1641517832
|switch|p2a: Gourgeist|Gourgeist-Super, F|374\/374
|-item|p1a: Nown|Choice Specs|[from] ability: Frisk|[of] p2a: Gourgeist|[identify]
|turn|14
|
|t:|1641517838
|move|p2a: Gourgeist|Shadow Sneak|p1a: Nown
|-supereffective|p1a: Nown
|-damage|p1a: Nown|0 fnt
|faint|p1a: Nown
|
|upkeep
|
|t:|1641517852
|switch|p1a: Leafeon|Leafeon, M|100\/100
|turn|15
|
|t:|1641517876
|switch|p2a: Scrafty|Scrafty, M|334\/334
|move|p1a: Leafeon|Knock Off|p2a: Scrafty
|-resisted|p2a: Scrafty
|-damage|p2a: Scrafty|318\/334
|-enditem|p2a: Scrafty|Eviolite|[from] move: Knock Off|[of] p1a: Leafeon
|
|upkeep
|turn|16
|
|t:|1641517889
|switch|p1a: Inkay|Inkay-Alola, F|100\/100
|-start|p1a: Inkay|typechange|Dark\/Water|[silent]
|raw|<ul class="utilichart"><li class="result"><span class="col pokemonnamecol" style="white-space: nowrap">Inkay-Alola<\/span> <span class="col typecol"><img src="https:\/\/play.pokemonshowdown.com\/sprites\/types\/Dark.png" alt="Dark" height="14" width="32"><img src="https:\/\/play.pokemonshowdown.com\/sprites\/types\/Water.png" alt="Water" height="14" width="32"><\/span> <span style="float: left ; min-height: 26px"><span class="col abilitycol">Keen Eye \/ Prankster \/ Mimicry<\/span><span class="col abilitycol"><\/span><\/span><\/li><li style="clear: both"><\/li><\/ul>
|raw|<ul class="utilichart"><li class="result"><span style="float: left ; min-height: 26px"><span class="col statcol"><em>HP<\/em><br>53<\/span> <span class="col statcol"><em>Atk<\/em><br>59<\/span> <span class="col statcol"><em>Def<\/em><br>53<\/span> <span class="col statcol"><em>SpA<\/em><br>27<\/span> <span class="col statcol"><em>SpD<\/em><br>56<\/span> <span class="col statcol"><em>Spe<\/em><br>40<\/span> <\/span><\/li><li style="clear: both"><\/li><\/ul>
|-hint|Inkay-Alola was created by Violet!
|move|p2a: Scrafty|Bulk Up|p2a: Scrafty
|-boost|p2a: Scrafty|atk|1
|-boost|p2a: Scrafty|def|1
|
|upkeep
|turn|17
|
|t:|1641517898
|move|p1a: Inkay|Simple Beam|p2a: Scrafty
|-hint|Since gen 7, Dark is immune to Prankster moves.
|-immune|p2a: Scrafty
|move|p2a: Scrafty|Dragon Tail|p1a: Inkay
|-damage|p1a: Inkay|34\/100
|drag|p1a: Gardevoir|Gardevoir, F|100\/100
|-ability|p1a: Gardevoir|Shed Skin|[from] ability: Trace|[of] p2a: Scrafty
|
|upkeep
|turn|18
|
|t:|1641517914
|switch|p2a: Dusclops|Dusclops, M|221\/221
|-ability|p2a: Dusclops|Pressure
|move|p1a: Gardevoir|Substitute|p1a: Gardevoir
|-start|p1a: Gardevoir|Substitute
|-damage|p1a: Gardevoir|76\/100
|
|upkeep
|turn|19
|
|t:|1641517922
|move|p1a: Gardevoir|Calm Mind|p1a: Gardevoir
|-boost|p1a: Gardevoir|spa|1
|-boost|p1a: Gardevoir|spd|1
|move|p2a: Dusclops|Shadow Ball|p1a: Gardevoir
|-supereffective|p1a: Gardevoir
|-end|p1a: Gardevoir|Substitute
|
|upkeep
|turn|20
|
|t:|1641517928
|move|p1a: Gardevoir|Calm Mind|p1a: Gardevoir
|-boost|p1a: Gardevoir|spa|1
|-boost|p1a: Gardevoir|spd|1
|move|p2a: Dusclops|Shadow Ball|p1a: Gardevoir
|-supereffective|p1a: Gardevoir
|-damage|p1a: Gardevoir|53\/100
|-unboost|p1a: Gardevoir|spd|1
|
|upkeep
|turn|21
|
|t:|1641517932
|move|p1a: Gardevoir|Calm Mind|p1a: Gardevoir
|-boost|p1a: Gardevoir|spa|1
|-boost|p1a: Gardevoir|spd|1
|move|p2a: Dusclops|Calm Mind|p2a: Dusclops
|-boost|p2a: Dusclops|spa|1
|-boost|p2a: Dusclops|spd|1
|
|upkeep
|turn|22
|
|t:|1641517938
|move|p1a: Gardevoir|Substitute|p1a: Gardevoir
|-start|p1a: Gardevoir|Substitute
|-damage|p1a: Gardevoir|28\/100
|move|p2a: Dusclops|Calm Mind|p2a: Dusclops
|-boost|p2a: Dusclops|spa|1
|-boost|p2a: Dusclops|spd|1
|
|upkeep
|turn|23
|
|t:|1641517942
|move|p1a: Gardevoir|Calm Mind|p1a: Gardevoir
|-boost|p1a: Gardevoir|spa|1
|-boost|p1a: Gardevoir|spd|1
|move|p2a: Dusclops|Shadow Ball|p1a: Gardevoir
|-supereffective|p1a: Gardevoir
|-end|p1a: Gardevoir|Substitute
|
|upkeep
|turn|24
|
|t:|1641517946
|move|p1a: Gardevoir|Stored Power|p2a: Dusclops
|-damage|p2a: Dusclops|46\/221
|move|p2a: Dusclops|Shadow Ball|p1a: Gardevoir
|-supereffective|p1a: Gardevoir
|-damage|p1a: Gardevoir|0 fnt
|faint|p1a: Gardevoir
|
|upkeep
|
|t:|1641517949
|switch|p1a: Leafeon|Leafeon, M|100\/100
|turn|25
|
|t:|1641517955
|switch|p2a: Scrafty|Scrafty, M|318\/334
|move|p1a: Leafeon|Leaf Blade|p2a: Scrafty
|-damage|p2a: Scrafty|171\/334
|
|upkeep
|turn|26
|
|t:|1641517964
|move|p1a: Leafeon|Swords Dance|p1a: Leafeon
|-boost|p1a: Leafeon|atk|2
|move|p2a: Scrafty|Rest|p2a: Scrafty
|-status|p2a: Scrafty|slp|[from] move: Rest
|-heal|p2a: Scrafty|334\/334 slp|[silent]
|
|-activate|p2a: Scrafty|ability: Shed Skin
|-curestatus|p2a: Scrafty|slp|[msg]
|upkeep
|turn|27
|
|t:|1641517970
|move|p1a: Leafeon|Leaf Blade|p2a: Scrafty
|-damage|p2a: Scrafty|40\/334
|move|p2a: Scrafty|Dragon Tail|p1a: Leafeon
|-damage|p1a: Leafeon|88\/100
|drag|p1a: Gigalith|Gigalith-Kalos, M|100\/100
|-start|p1a: Gigalith|typechange|Rock\/Electric|[silent]
|-weather|SunnyDay|[from] ability: Drought|[of] p1a: Gigalith
|
|-weather|SunnyDay|[upkeep]
|upkeep
|turn|28
|
|t:|1641517979
|switch|p1a: Inkay|Inkay-Alola, F|34\/100
|-start|p1a: Inkay|typechange|Dark\/Water|[silent]
|move|p2a: Scrafty|Drain Punch|p1a: Inkay
|-supereffective|p1a: Inkay
|-damage|p1a: Inkay|0 fnt
|-heal|p2a: Scrafty|77\/334|[from] drain|[of] p1a: Inkay
|faint|p1a: Inkay
|
|-weather|SunnyDay|[upkeep]
|upkeep
|
|t:|1641517982
|switch|p1a: Leafeon|Leafeon, M|88\/100
|turn|29
|
|t:|1641517990
|move|p1a: Leafeon|Swords Dance|p1a: Leafeon
|-boost|p1a: Leafeon|atk|2
|move|p2a: Scrafty|Drain Punch|p1a: Leafeon
|-damage|p1a: Leafeon|64\/100
|-heal|p2a: Scrafty|110\/334|[from] drain|[of] p1a: Leafeon
|
|-weather|SunnyDay|[upkeep]
|upkeep
|turn|30
|
|t:|1641518001
|switch|p2a: Noctowl|Noctowl, M|403\/403
|move|p1a: Leafeon|Leaf Blade|p2a: Noctowl
|-resisted|p2a: Noctowl
|-damage|p2a: Noctowl|214\/403
|
|-weather|SunnyDay|[upkeep]
|upkeep
|turn|31
|
|t:|1641518011
|move|p1a: Leafeon|Knock Off|p2a: Noctowl
|-damage|p2a: Noctowl|0 fnt
|-enditem|p2a: Noctowl|Eviolite|[from] move: Knock Off|[of] p1a: Leafeon
|faint|p2a: Noctowl
|
|-weather|SunnyDay|[upkeep]
|upkeep
|
|t:|1641518021
|switch|p2a: Gourgeist|Gourgeist-Super, F|374\/374
|-item|p1a: Leafeon|Power Herb|[from] ability: Frisk|[of] p2a: Gourgeist|[identify]
|turn|32
|
|t:|1641518030
|move|p2a: Gourgeist|Shadow Sneak|p1a: Leafeon
|-crit|p1a: Leafeon
|-damage|p1a: Leafeon|37\/100
|move|p1a: Leafeon|Knock Off|p2a: Gourgeist
|-supereffective|p2a: Gourgeist
|-damage|p2a: Gourgeist|136\/374
|-enditem|p2a: Gourgeist|Eviolite|[from] move: Knock Off|[of] p1a: Leafeon
|
|-weather|SunnyDay|[upkeep]
|upkeep
|turn|33
|c|☆abismal|double crit
|
|t:|1641518042
|move|p1a: Leafeon|Knock Off|p2a: Gourgeist
|-supereffective|p2a: Gourgeist
|-damage|p2a: Gourgeist|0 fnt
|faint|p2a: Gourgeist
|
|-weather|SunnyDay|[upkeep]
|upkeep
|
|t:|1641518068
|switch|p2a: Dusclops|Dusclops, M|46\/221
|-ability|p2a: Dusclops|Pressure
|turn|34
|
|t:|1641518073
|move|p1a: Leafeon|Dig||[still]
|-prepare|p1a: Leafeon|Dig
|-enditem|p1a: Leafeon|Power Herb
|-anim|p1a: Leafeon|Dig|p2a: Dusclops
|-damage|p2a: Dusclops|0 fnt
|faint|p2a: Dusclops
|
|-weather|none
|upkeep
|
|t:|1641518082
|switch|p2a: Kadabra|Kadabra, F|221\/221
|turn|35
|
|t:|1641518087
|switch|p1a: Gigalith|Gigalith-Kalos, M|100\/100
|-start|p1a: Gigalith|typechange|Rock\/Electric|[silent]
|-weather|SunnyDay|[from] ability: Drought|[of] p1a: Gigalith
|move|p2a: Kadabra|Psychic|p1a: Gigalith
|-damage|p1a: Gigalith|54\/100
|
|-weather|SunnyDay|[upkeep]
|upkeep
|turn|36
|
|t:|1641518096
|move|p2a: Kadabra|Psychic|p1a: Gigalith
|-damage|p1a: Gigalith|7\/100
|move|p1a: Gigalith|Thunderbolt|p2a: Kadabra
|-damage|p2a: Kadabra|107\/221
|
|-weather|SunnyDay|[upkeep]
|upkeep
|turn|37
|
|t:|1641518104
|move|p2a: Kadabra|Psychic|p1a: Gigalith
|-damage|p1a: Gigalith|0 fnt
|faint|p1a: Gigalith
|
|-weather|SunnyDay|[upkeep]
|upkeep
|
|t:|1641518106
|switch|p1a: Leafeon|Leafeon, M|37\/100
|turn|38
|
|t:|1641518117
|move|p1a: Leafeon|Knock Off|p2a: Kadabra
|-supereffective|p2a: Kadabra
|-damage|p2a: Kadabra|0 fnt
|-enditem|p2a: Kadabra|Eviolite|[from] move: Knock Off|[of] p1a: Leafeon
|faint|p2a: Kadabra
|
|-weather|SunnyDay|[upkeep]
|upkeep
|
|t:|1641518119
|switch|p2a: Scrafty|Scrafty, M|110\/334
|turn|39
|c|☆KeroseneZanchu|yeah
|c|☆abismal|i like the team
|c|☆KeroseneZanchu|i hate yours
|c|☆KeroseneZanchu|:^)
|c|☆abismal|fair enough
|
|t:|1641518144
|move|p1a: Leafeon|Leaf Blade|p2a: Scrafty
|-damage|p2a: Scrafty|0 fnt
|faint|p2a: Scrafty
|
|win|abismal
|c|☆abismal|gg
|c|☆KeroseneZanchu|maybe ink was right to be
|c|☆KeroseneZanchu|wary of autosetting sun</script>
</div>
<div class="battle-log battle-log-inline"><div class="inner"><div class="battle-options"><div style="padding-top: 3px; padding-right: 3px; text-align: right"><button class="icon button" name="openBattleOptions" title="Options">Battle Options</button></div></div><div class="inner message-log"><div class="chat"><small>☆abismal and ☆KeroseneZanchu joined</small></div><div class=""><small>Format:</small> <br><strong>[Gen 8] Evolution Project</strong></div><div class=""><small><em>HP Percentage Mod:</em> HP is shown in percentages</small></div><div class=""><small><em>Endless Battle Clause:</em> Forcing endless battles is banned</small></div><div class=""><small><em>OHKO Clause:</em> OHKO moves are banned</small></div><div class=""><small><em>Evasion Moves Clause:</em> Evasion moves are banned</small></div><div class=""><small><em>Species Clause:</em> Limit one of each Pokémon</small></div><div class=""><small><em>Dynamax Clause:</em> You cannot dynamax</small></div><div class=""><small><em>Sleep Clause Mod:</em> Limit one foe put to sleep</small></div><div class=""><small><em>Z-Move Clause:</em> Type-based Z-Moves are banned</small></div><div class="chat battle-history"><strong>abismal's team:</strong> <em style="color:#445566;display:block;">Gigalith-Kalos / Nown / Rotom-Heat / Leafeon / Gardevoir / Inkay-Alola</em></div><div class="chat battle-history"><strong>KeroseneZanchu's team:</strong> <em style="color:#445566;display:block;">Gourgeist-* / Scrafty / Noctowl / Dusclops / Sandaconda / Kadabra</em></div><div class="chat chatmessage-kerosenezanchu mine"><strong style="color:#4094b0"><small>☆</small><span class="username" data-name="KeroseneZanchu">KeroseneZanchu</span>:</strong> <em>glhf</em></div><div class="chat chatmessage-abismal"><strong style="color:#68a730"><small>☆</small><span class="username" data-name="abismal">abismal</span>:</strong> <em>u2</em></div><div class="chat chatmessage-abismal"><strong style="color:#68a730"><small>☆</small><span class="username" data-name="abismal">abismal</span>:</strong> <em>oh look a "normal" team</em></div><div class="chat chatmessage-kerosenezanchu mine"><strong style="color:#4094b0"><small>☆</small><span class="username" data-name="KeroseneZanchu">KeroseneZanchu</span>:</strong> <em>:^)</em></div><div class="chat chatmessage-abismal"><strong style="color:#68a730"><small>☆</small><span class="username" data-name="abismal">abismal</span>:</strong> <em>sigh</em></div><div class="chat chatmessage-abismal"><strong style="color:#68a730"><small>☆</small><span class="username" data-name="abismal">abismal</span>:</strong> <em>everything on there has eviolite</em></div><div class="chat chatmessage-abismal"><strong style="color:#68a730"><small>☆</small><span class="username" data-name="abismal">abismal</span>:</strong> <em>im boutta knock all of that shit off</em></div><div class="chat chatmessage-kerosenezanchu mine"><strong style="color:#4094b0"><small>☆</small><span class="username" data-name="KeroseneZanchu">KeroseneZanchu</span>:</strong> <em>yes</em></div><div class="chat chatmessage-kerosenezanchu mine"><strong style="color:#4094b0"><small>☆</small><span class="username" data-name="KeroseneZanchu">KeroseneZanchu</span>:</strong> <em>yes it does</em></div><div class="spacer battle-history"><br></div><div class="battle-history">Battle started between abismal and KeroseneZanchu!<br></div><div class="spacer battle-history"><br></div><div class="battle-history">abismal sent out Gigalith (<strong>Gigalith-Kalos</strong>)!<br></div><div class="spacer battle-history"><br></div><div class="battle-history">Go! <strong>Sandaconda</strong>!<br></div><div class="chat"><ul class="utilichart"><li class="result"><span class="col pokemonnamecol" style="white-space: nowrap">Gigalith-Kalos</span> <span class="col typecol"><img src="https://play.pokemonshowdown.com/sprites/types/Rock.png" alt="Rock" height="14" width="32"><img src="https://play.pokemonshowdown.com/sprites/types/Electric.png" alt="Electric" height="14" width="32"></span> <span style="float: left ; min-height: 26px"><span class="col abilitycol">Sturdy / Drought / Solar Power</span><span class="col abilitycol"></span></span></li><li style="clear: both"></li></ul></div><div class="chat"><ul class="utilichart"><li class="result"><span style="float: left ; min-height: 26px"><span class="col statcol"><em>HP</em><br>85</span> <span class="col statcol"><em>Atk</em><br>60</span> <span class="col statcol"><em>Def</em><br>130</span> <span class="col statcol"><em>SpA</em><br>135</span> <span class="col statcol"><em>SpD</em><br>80</span> <span class="col statcol"><em>Spe</em><br>25</span> </span></li><li style="clear: both"></li></ul></div><div class="battle-history"><small>(Gigalith-Kalos was created by Violet!)</small><br></div><div class="battle-history">[The opposing Gigalith's Drought]<br><small>The sunlight turned harsh!</small><br></div><div class="spacer battle-history"><br></div><h2 class="battle-history">Turn 1</h2><div class="spacer battle-history"><br></div><div class="battle-history">abismal withdrew Gigalith!<br></div><div class="battle-history">abismal sent out Rotom (<strong>Rotom-Heat</strong>)!<br></div><div class="spacer battle-history"><br></div><div class="battle-history">Sandaconda used <strong>Earthquake</strong>!<br></div><div class="battle-history">[The opposing Rotom's Levitate]<br><small>It doesn't affect the opposing Rotom...</small><br></div><div class="spacer battle-history"><br></div><div class="battle-history"><small>(The sunlight is strong.)</small><br></div><div class="spacer battle-history"><br></div><h2 class="battle-history">Turn 2</h2><div class="spacer battle-history"><br></div><div class="battle-history">The opposing Rotom used <strong>Will-O-Wisp</strong>!<br></div><div class="battle-history"><small>Sandaconda was burned!</small><br></div><div class="spacer battle-history"><br></div><div class="battle-history">Sandaconda used <strong>Stealth Rock</strong>!<br></div><div class="battle-history"><small>Pointed stones float in the air around the opposing team!</small><br></div><div class="spacer battle-history"><br></div><div class="battle-history"><small>(The sunlight is strong.)</small><br></div><div class="battle-history"><small>Sandaconda was hurt by its burn!</small><br></div><div class="spacer battle-history"><br></div><h2 class="battle-history">Turn 3</h2><div class="chat chatmessage-kerosenezanchu mine"><strong style="color:#4094b0"><small>☆</small><span class="username" data-name="KeroseneZanchu">KeroseneZanchu</span>:</strong> <em>yeah you really do just have</em></div><div class="chat chatmessage-kerosenezanchu mine"><strong style="color:#4094b0"><small>☆</small><span class="username" data-name="KeroseneZanchu">KeroseneZanchu</span>:</strong> <em>chlorophyll knock off</em></div><div class="spacer battle-history"><br></div><div class="battle-history">The opposing Rotom used <strong>Defog</strong>!<br></div><div class="battle-history"><small>Sandaconda's evasiveness fell!</small><br></div><div class="battle-history"><small>The pointed stones disappeared from around the opposing team!</small><br></div><div class="spacer battle-history"><br></div><div class="battle-history">Sandaconda used <strong>Fire Fang</strong>!<br></div><div class="battle-history"><small>It's not very effective...</small><br></div><div class="battle-history"><small>(The opposing Rotom lost 8% of its health!)</small><br></div><div class="spacer battle-history"><br></div><div class="battle-history"><small>(The sunlight is strong.)</small><br></div><div class="battle-history"><small>Sandaconda was hurt by its burn!</small><br></div><div class="spacer battle-history"><br></div><h2 class="battle-history">Turn 4</h2><div class="spacer battle-history"><br></div><div class="battle-history">The opposing Rotom used <strong>Volt Switch</strong>!<br></div><div class="battle-history"><small>It doesn't affect Sandaconda...</small><br></div><div class="spacer battle-history"><br></div><div class="battle-history">Sandaconda used <strong>Stealth Rock</strong>!<br></div><div class="battle-history"><small>Pointed stones float in the air around the opposing team!</small><br></div><div class="spacer battle-history"><br></div><div class="battle-history"><small>(The sunlight is strong.)</small><br></div><div class="battle-history"><small>Sandaconda was hurt by its burn!</small><br></div><div class="spacer battle-history"><br></div><h2 class="battle-history">Turn 5</h2><div class="spacer battle-history"><br></div><div class="battle-history">The opposing Rotom used <strong>Volt Switch</strong>!<br></div><div class="battle-history"><small>It doesn't affect Sandaconda...</small><br></div><div class="spacer battle-history"><br></div><div class="battle-history">Sandaconda used <strong>Stone Edge</strong>!<br></div><div class="battle-history"><small>It's super effective!</small><br></div><div class="battle-history"><small>A critical hit!</small><br></div><div class="battle-history"><small>(The opposing Rotom lost 49% of its health!)</small><br></div><div class="spacer battle-history"><br></div><div class="battle-history"><small>(The sunlight is strong.)</small><br></div><div class="battle-history"><small>Sandaconda was hurt by its burn!</small><br></div><div class="spacer battle-history"><br></div><h2 class="battle-history">Turn 6</h2><div class="spacer battle-history"><br></div><div class="battle-history">The opposing Rotom used <strong>Defog</strong>!<br></div><div class="battle-history"><small>Sandaconda's evasiveness fell!</small><br></div><div class="battle-history"><small>The pointed stones disappeared from around the opposing team!</small><br></div><div class="spacer battle-history"><br></div><div class="battle-history">Sandaconda used <strong>Earthquake</strong>!<br></div><div class="battle-history">[The opposing Rotom's Levitate]<br><small>It doesn't affect the opposing Rotom...</small><br></div><div class="spacer battle-history"><br></div><div class="battle-history"><small>(The sunlight is strong.)</small><br></div><div class="battle-history"><small>Sandaconda was hurt by its burn!</small><br></div><div class="spacer battle-history"><br></div><h2 class="battle-history">Turn 7</h2><div class="spacer battle-history"><br></div><div class="battle-history">The opposing Rotom used <strong>Volt Switch</strong>!<br></div><div class="battle-history"><small>It doesn't affect Sandaconda...</small><br></div><div class="spacer battle-history"><br></div><div class="battle-history">Sandaconda used <strong>Stealth Rock</strong>!<br></div><div class="battle-history"><small>Pointed stones float in the air around the opposing team!</small><br></div><div class="spacer battle-history"><br></div><div class="battle-history"><small>(The sunlight is strong.)</small><br></div><div class="battle-history"><small>Sandaconda was hurt by its burn!</small><br></div><div class="spacer battle-history"><br></div><h2 class="battle-history">Turn 8</h2><div class="spacer battle-history"><br></div><div class="battle-history">The opposing Rotom used <strong>Defog</strong>!<br></div><div class="battle-history"><small>Sandaconda's evasiveness fell!</small><br></div><div class="battle-history"><small>The pointed stones disappeared from around the opposing team!</small><br></div><div class="spacer battle-history"><br></div><div class="battle-history">Sandaconda used <strong>Fire Fang</strong>!<br></div><div class="battle-history"><small>It's not very effective...</small><br></div><div class="battle-history"><small>(The opposing Rotom lost 9% of its health!)</small><br></div><div class="spacer battle-history"><br></div><div class="battle-history"><small>The harsh sunlight faded.</small><br></div><div class="battle-history">[Sandaconda's Shed Skin]<br></div><div class="battle-history"><small>Sandaconda's burn was healed!</small><br></div><div class="spacer battle-history"><br></div><h2 class="battle-history">Turn 9</h2><div class="spacer battle-history"><br></div><div class="battle-history">The opposing Rotom used <strong>Pain Split</strong>!<br></div><div class="battle-history"><small>The battlers shared their pain!</small><br></div><div class="spacer battle-history"><br></div><div class="battle-history">Sandaconda used <strong>Stealth Rock</strong>!<br></div><div class="battle-history"><small>Pointed stones float in the air around the opposing team!</small><br></div><div class="spacer battle-history"><br></div><h2 class="battle-history">Turn 10</h2><div class="chat chatmessage-kerosenezanchu mine"><strong style="color:#4094b0"><small>☆</small><span class="username" data-name="KeroseneZanchu">KeroseneZanchu</span>:</strong> <em>damn</em></div><div class="chat chatmessage-kerosenezanchu mine"><strong style="color:#4094b0"><small>☆</small><span class="username" data-name="KeroseneZanchu">KeroseneZanchu</span>:</strong> <em>that long</em></div><div class="chat chatmessage-kerosenezanchu mine"><strong style="color:#4094b0"><small>☆</small><span class="username" data-name="KeroseneZanchu">KeroseneZanchu</span>:</strong> <em>for fucking shed skin</em></div><div class="spacer battle-history"><br></div><div class="battle-history">The opposing Rotom used <strong>Will-O-Wisp</strong>!<br></div><div class="battle-history"><small>Sandaconda was burned!</small><br></div><div class="spacer battle-history"><br></div><div class="battle-history">Sandaconda used <strong>Stone Edge</strong>!<br></div><div class="battle-history"><small>The opposing Rotom avoided the attack!</small><br></div><div class="spacer battle-history"><br></div><div class="battle-history"><small>Sandaconda was hurt by its burn!</small><br></div><div class="spacer battle-history"><br></div><h2 class="battle-history">Turn 11</h2><div class="chat chatmessage-abismal"><strong style="color:#68a730"><small>☆</small><span class="username" data-name="abismal">abismal</span>:</strong> <em>i didnt even know hje had it</em></div><div class="spacer battle-history"><br></div><div class="battle-history">The opposing Rotom used <strong>Defog</strong>!<br></div><div class="battle-history"><small>Sandaconda's evasiveness fell!</small><br></div><div class="battle-history"><small>The pointed stones disappeared from around the opposing team!</small><br></div><div class="spacer battle-history"><br></div><div class="battle-history">Sandaconda used <strong>Stone Edge</strong>!<br></div><div class="battle-history"><small>It's super effective!</small><br></div><div class="battle-history"><small>(The opposing Rotom lost 39% of its health!)</small><br></div><div class="spacer battle-history"><br></div><div class="battle-history"><small>Sandaconda was hurt by its burn!</small><br></div><div class="spacer battle-history"><br></div><h2 class="battle-history">Turn 12</h2><div class="spacer battle-history"><br></div><div class="battle-history">abismal withdrew Rotom!<br></div><div class="battle-history">abismal sent out <strong>Nown</strong>!<br></div><div class="chat"><ul class="utilichart"><li class="result"><span class="col pokemonnamecol" style="white-space: nowrap">Nown</span> <span class="col typecol"><img src="https://play.pokemonshowdown.com/sprites/types/Psychic.png" alt="Psychic" height="14" width="32"></span> <span style="float: left ; min-height: 26px"><span class="col abilitycol">Protean</span><span class="col abilitycol"></span></span></li><li style="clear: both"></li></ul></div><div class="chat"><ul class="utilichart"><li class="result"><span style="float: left ; min-height: 26px"><span class="col statcol"><em>HP</em><br>108</span> <span class="col statcol"><em>Atk</em><br>91</span> <span class="col statcol"><em>Def</em><br>28</span> <span class="col statcol"><em>SpA</em><br>132</span> <span class="col statcol"><em>SpD</em><br>23</span> <span class="col statcol"><em>Spe</em><br>98</span> </span></li><li style="clear: both"></li></ul></div><div class="battle-history"><small>(Nown was created by abismal!)</small><br></div><div class="spacer battle-history"><br></div><div class="battle-history">Sandaconda used <strong>Stone Edge</strong>!<br></div><div class="battle-history"><small>(The opposing Nown lost 40% of its health!)</small><br></div><div class="spacer battle-history"><br></div><div class="battle-history"><small>Sandaconda was hurt by its burn!</small><br></div><div class="spacer battle-history"><br></div><h2 class="battle-history">Turn 13</h2><div class="chat chatmessage-kerosenezanchu mine"><strong style="color:#4094b0"><small>☆</small><span class="username" data-name="KeroseneZanchu">KeroseneZanchu</span>:</strong> <em>frail my ass</em></div><div class="spacer battle-history"><br></div><div class="battle-history">The opposing Nown used <strong>Hidden Power</strong>!<br></div><div class="spacer battle-history"><br></div><div class="battle-history">[The opposing Nown's Protean]<br><small>The opposing Nown's type changed to Ghost!</small><br></div><div class="battle-history"><small>(Sandaconda lost <abbr title="−98/348">28.2%</abbr> of its health!)</small><br></div><div class="spacer battle-history"><br></div><div class="battle-history">Sandaconda fainted!<br></div><div class="spacer battle-history"><br></div><div class="battle-history">Go! Gourgeist (<strong>Gourgeist-Super</strong>)!<br></div><div class="battle-history">[Gourgeist's Frisk]<br><small>Gourgeist frisked the opposing Nown and found its Choice Specs!</small><br></div><div class="spacer battle-history"><br></div><h2 class="battle-history">Turn 14</h2><div class="spacer battle-history"><br></div><div class="battle-history">Gourgeist used <strong>Shadow Sneak</strong>!<br></div><div class="battle-history"><small>It's super effective!</small><br></div><div class="battle-history"><small>(The opposing Nown lost 60% of its health!)</small><br></div><div class="spacer battle-history"><br></div><div class="battle-history">The opposing Nown fainted!<br></div><div class="spacer battle-history"><br></div><div class="battle-history">abismal sent out <strong>Leafeon</strong>!<br></div><div class="spacer battle-history"><br></div><h2 class="battle-history">Turn 15</h2><div class="spacer battle-history"><br></div><div class="battle-history">Gourgeist, come back!<br></div><div class="battle-history">Go! <strong>Scrafty</strong>!<br></div><div class="spacer battle-history"><br></div><div class="battle-history">The opposing Leafeon used <strong>Knock Off</strong>!<br></div><div class="battle-history"><small>It's not very effective...</small><br></div><div class="battle-history"><small>(Scrafty lost <abbr title="−16/334">4.8%</abbr> of its health!)</small><br></div><div class="battle-history"><small>The opposing Leafeon knocked off Scrafty's Eviolite!</small><br></div><div class="spacer battle-history"><br></div><h2 class="battle-history">Turn 16</h2><div class="spacer battle-history"><br></div><div class="battle-history">abismal withdrew Leafeon!<br></div><div class="battle-history">abismal sent out Inkay (<strong>Inkay-Alola</strong>)!<br></div><div class="chat"><ul class="utilichart"><li class="result"><span class="col pokemonnamecol" style="white-space: nowrap">Inkay-Alola</span> <span class="col typecol"><img src="https://play.pokemonshowdown.com/sprites/types/Dark.png" alt="Dark" height="14" width="32"><img src="https://play.pokemonshowdown.com/sprites/types/Water.png" alt="Water" height="14" width="32"></span> <span style="float: left ; min-height: 26px"><span class="col abilitycol">Keen Eye / Prankster / Mimicry</span><span class="col abilitycol"></span></span></li><li style="clear: both"></li></ul></div><div class="chat"><ul class="utilichart"><li class="result"><span style="float: left ; min-height: 26px"><span class="col statcol"><em>HP</em><br>53</span> <span class="col statcol"><em>Atk</em><br>59</span> <span class="col statcol"><em>Def</em><br>53</span> <span class="col statcol"><em>SpA</em><br>27</span> <span class="col statcol"><em>SpD</em><br>56</span> <span class="col statcol"><em>Spe</em><br>40</span> </span></li><li style="clear: both"></li></ul></div><div class="battle-history"><small>(Inkay-Alola was created by Violet!)</small><br></div><div class="spacer battle-history"><br></div><div class="battle-history">Scrafty used <strong>Bulk Up</strong>!<br></div><div class="battle-history"><small>Scrafty's Attack rose!</small><br></div><div class="battle-history"><small>Scrafty's Defense rose!</small><br></div><div class="spacer battle-history"><br></div><h2 class="battle-history">Turn 17</h2><div class="spacer battle-history"><br></div><div class="battle-history">The opposing Inkay used <strong>Simple Beam</strong>!<br></div><div class="battle-history"><small>(Since gen 7, Dark is immune to Prankster moves.)</small><br></div><div class="battle-history"><small>It doesn't affect Scrafty...</small><br></div><div class="spacer battle-history"><br></div><div class="battle-history">Scrafty used <strong>Dragon Tail</strong>!<br></div><div class="battle-history"><small>(The opposing Inkay lost 66% of its health!)</small><br></div><div class="spacer battle-history"><br></div><div class="battle-history"><strong>Gardevoir</strong> was dragged out!<br></div><div class="battle-history">[The opposing Gardevoir's Trace]<br>[The opposing Gardevoir's Shed Skin]<br><small>The opposing Gardevoir traced Scrafty's Shed Skin!</small><br></div><div class="spacer battle-history"><br></div><h2 class="battle-history">Turn 18</h2><div class="spacer battle-history"><br></div><div class="battle-history">Scrafty, come back!<br></div><div class="battle-history">Go! <strong>Dusclops</strong>!<br></div><div class="battle-history">[Dusclops's Pressure]<br><small>Dusclops is exerting its pressure!</small><br></div><div class="spacer battle-history"><br></div><div class="battle-history">The opposing Gardevoir used <strong>Substitute</strong>!<br></div><div class="battle-history"><small>The opposing Gardevoir put in a substitute!</small><br></div><div class="battle-history"><small>(The opposing Gardevoir lost 24% of its health!)</small><br></div><div class="spacer battle-history"><br></div><h2 class="battle-history">Turn 19</h2><div class="spacer battle-history"><br></div><div class="battle-history">The opposing Gardevoir used <strong>Calm Mind</strong>!<br></div><div class="battle-history"><small>The opposing Gardevoir's Sp. Atk rose!</small><br></div><div class="battle-history"><small>The opposing Gardevoir's Sp. Def rose!</small><br></div><div class="spacer battle-history"><br></div><div class="battle-history">Dusclops used <strong>Shadow Ball</strong>!<br></div><div class="battle-history"><small>It's super effective!</small><br></div><div class="battle-history"><small>The opposing Gardevoir's substitute faded!</small><br></div><div class="spacer battle-history"><br></div><h2 class="battle-history">Turn 20</h2><div class="spacer battle-history"><br></div><div class="battle-history">The opposing Gardevoir used <strong>Calm Mind</strong>!<br></div><div class="battle-history"><small>The opposing Gardevoir's Sp. Atk rose!</small><br></div><div class="battle-history"><small>The opposing Gardevoir's Sp. Def rose!</small><br></div><div class="spacer battle-history"><br></div><div class="battle-history">Dusclops used <strong>Shadow Ball</strong>!<br></div><div class="battle-history"><small>It's super effective!</small><br></div><div class="battle-history"><small>(The opposing Gardevoir lost 23% of its health!)</small><br></div><div class="battle-history"><small>The opposing Gardevoir's Sp. Def fell!</small><br></div><div class="spacer battle-history"><br></div><h2 class="battle-history">Turn 21</h2><div class="spacer battle-history"><br></div><div class="battle-history">The opposing Gardevoir used <strong>Calm Mind</strong>!<br></div><div class="battle-history"><small>The opposing Gardevoir's Sp. Atk rose!</small><br></div><div class="battle-history"><small>The opposing Gardevoir's Sp. Def rose!</small><br></div><div class="spacer battle-history"><br></div><div class="battle-history">Dusclops used <strong>Calm Mind</strong>!<br></div><div class="battle-history"><small>Dusclops's Sp. Atk rose!</small><br></div><div class="battle-history"><small>Dusclops's Sp. Def rose!</small><br></div><div class="spacer battle-history"><br></div><h2 class="battle-history">Turn 22</h2><div class="spacer battle-history"><br></div><div class="battle-history">The opposing Gardevoir used <strong>Substitute</strong>!<br></div><div class="battle-history"><small>The opposing Gardevoir put in a substitute!</small><br></div><div class="battle-history"><small>(The opposing Gardevoir lost 25% of its health!)</small><br></div><div class="spacer battle-history"><br></div><div class="battle-history">Dusclops used <strong>Calm Mind</strong>!<br></div><div class="battle-history"><small>Dusclops's Sp. Atk rose!</small><br></div><div class="battle-history"><small>Dusclops's Sp. Def rose!</small><br></div><div class="spacer battle-history"><br></div><h2 class="battle-history">Turn 23</h2><div class="spacer battle-history"><br></div><div class="battle-history">The opposing Gardevoir used <strong>Calm Mind</strong>!<br></div><div class="battle-history"><small>The opposing Gardevoir's Sp. Atk rose!</small><br></div><div class="battle-history"><small>The opposing Gardevoir's Sp. Def rose!</small><br></div><div class="spacer battle-history"><br></div><div class="battle-history">Dusclops used <strong>Shadow Ball</strong>!<br></div><div class="battle-history"><small>It's super effective!</small><br></div><div class="battle-history"><small>The opposing Gardevoir's substitute faded!</small><br></div><div class="spacer battle-history"><br></div><h2 class="battle-history">Turn 24</h2><div class="spacer battle-history"><br></div><div class="battle-history">The opposing Gardevoir used <strong>Stored Power</strong>!<br></div><div class="battle-history"><small>(Dusclops lost <abbr title="−175/221">79.2%</abbr> of its health!)</small><br></div><div class="spacer battle-history"><br></div><div class="battle-history">Dusclops used <strong>Shadow Ball</strong>!<br></div><div class="battle-history"><small>It's super effective!</small><br></div><div class="battle-history"><small>(The opposing Gardevoir lost 28% of its health!)</small><br></div><div class="spacer battle-history"><br></div><div class="battle-history">The opposing Gardevoir fainted!<br></div><div class="spacer battle-history"><br></div><div class="battle-history">abismal sent out <strong>Leafeon</strong>!<br></div><div class="spacer battle-history"><br></div><h2 class="battle-history">Turn 25</h2><div class="spacer battle-history"><br></div><div class="battle-history">Dusclops, come back!<br></div><div class="battle-history">Go! <strong>Scrafty</strong>!<br></div><div class="spacer battle-history"><br></div><div class="battle-history">The opposing Leafeon used <strong>Leaf Blade</strong>!<br></div><div class="battle-history"><small>(Scrafty lost <abbr title="−147/334">44.0%</abbr> of its health!)</small><br></div><div class="spacer battle-history"><br></div><h2 class="battle-history">Turn 26</h2><div class="spacer battle-history"><br></div><div class="battle-history">The opposing Leafeon used <strong>Swords Dance</strong>!<br></div><div class="battle-history"><small>The opposing Leafeon's Attack rose sharply!</small><br></div><div class="spacer battle-history"><br></div><div class="battle-history">Scrafty used <strong>Rest</strong>!<br></div><div class="battle-history"><small>Scrafty slept and became healthy!</small><br></div><div class="spacer battle-history"><br></div><div class="battle-history">[Scrafty's Shed Skin]<br></div><div class="battle-history"><small>Scrafty woke up!</small><br></div><div class="spacer battle-history"><br></div><h2 class="battle-history">Turn 27</h2><div class="spacer battle-history"><br></div><div class="battle-history">The opposing Leafeon used <strong>Leaf Blade</strong>!<br></div><div class="battle-history"><small>(Scrafty lost <abbr title="−294/334">88.0%</abbr> of its health!)</small><br></div><div class="spacer battle-history"><br></div><div class="battle-history">Scrafty used <strong>Dragon Tail</strong>!<br></div><div class="battle-history"><small>(The opposing Leafeon lost 12% of its health!)</small><br></div><div class="spacer battle-history"><br></div><div class="battle-history">Gigalith (<strong>Gigalith-Kalos</strong>) was dragged out!<br></div><div class="battle-history">[The opposing Gigalith's Drought]<br><small>The sunlight turned harsh!</small><br></div><div class="spacer battle-history"><br></div><div class="battle-history"><small>(The sunlight is strong.)</small><br></div><div class="spacer battle-history"><br></div><h2 class="battle-history">Turn 28</h2><div class="spacer battle-history"><br></div><div class="battle-history">abismal withdrew Gigalith!<br></div><div class="battle-history">abismal sent out Inkay (<strong>Inkay-Alola</strong>)!<br></div><div class="spacer battle-history"><br></div><div class="battle-history">Scrafty used <strong>Drain Punch</strong>!<br></div><div class="battle-history"><small>It's super effective!</small><br></div><div class="battle-history"><small>(The opposing Inkay lost 34% of its health!)</small><br></div><div class="battle-history"><small>The opposing Inkay had its energy drained!</small><br></div><div class="spacer battle-history"><br></div><div class="battle-history">The opposing Inkay fainted!<br></div><div class="spacer battle-history"><br></div><div class="battle-history"><small>(The sunlight is strong.)</small><br></div><div class="spacer battle-history"><br></div><div class="battle-history">abismal sent out <strong>Leafeon</strong>!<br></div><div class="spacer battle-history"><br></div><h2 class="battle-history">Turn 29</h2><div class="spacer battle-history"><br></div><div class="battle-history">The opposing Leafeon used <strong>Swords Dance</strong>!<br></div><div class="battle-history"><small>The opposing Leafeon's Attack rose sharply!</small><br></div><div class="spacer battle-history"><br></div><div class="battle-history">Scrafty used <strong>Drain Punch</strong>!<br></div><div class="battle-history"><small>(The opposing Leafeon lost 24% of its health!)</small><br></div><div class="battle-history"><small>The opposing Leafeon had its energy drained!</small><br></div><div class="spacer battle-history"><br></div><div class="battle-history"><small>(The sunlight is strong.)</small><br></div><div class="spacer battle-history"><br></div><h2 class="battle-history">Turn 30</h2><div class="spacer battle-history"><br></div><div class="battle-history">Scrafty, come back!<br></div><div class="battle-history">Go! <strong>Noctowl</strong>!<br></div><div class="spacer battle-history"><br></div><div class="battle-history">The opposing Leafeon used <strong>Leaf Blade</strong>!<br></div><div class="battle-history"><small>It's not very effective...</small><br></div><div class="battle-history"><small>(Noctowl lost <abbr title="−189/403">46.9%</abbr> of its health!)</small><br></div><div class="spacer battle-history"><br></div><div class="battle-history"><small>(The sunlight is strong.)</small><br></div><div class="spacer battle-history"><br></div><h2 class="battle-history">Turn 31</h2><div class="spacer battle-history"><br></div><div class="battle-history">The opposing Leafeon used <strong>Knock Off</strong>!<br></div><div class="battle-history"><small>(Noctowl lost <abbr title="−214/403">53.1%</abbr> of its health!)</small><br></div><div class="battle-history"><small>The opposing Leafeon knocked off Noctowl's Eviolite!</small><br></div><div class="spacer battle-history"><br></div><div class="battle-history">Noctowl fainted!<br></div><div class="spacer battle-history"><br></div><div class="battle-history"><small>(The sunlight is strong.)</small><br></div><div class="spacer battle-history"><br></div><div class="battle-history">Go! Gourgeist (<strong>Gourgeist-Super</strong>)!<br></div><div class="battle-history">[Gourgeist's Frisk]<br><small>Gourgeist frisked the opposing Leafeon and found its Power Herb!</small><br></div><div class="spacer battle-history"><br></div><h2 class="battle-history">Turn 32</h2><div class="spacer battle-history"><br></div><div class="battle-history">Gourgeist used <strong>Shadow Sneak</strong>!<br></div><div class="battle-history"><small>A critical hit!</small><br></div><div class="battle-history"><small>(The opposing Leafeon lost 27% of its health!)</small><br></div><div class="spacer battle-history"><br></div><div class="battle-history">The opposing Leafeon used <strong>Knock Off</strong>!<br></div><div class="battle-history"><small>It's super effective!</small><br></div><div class="battle-history"><small>(Gourgeist lost <abbr title="−238/374">63.6%</abbr> of its health!)</small><br></div><div class="battle-history"><small>The opposing Leafeon knocked off Gourgeist's Eviolite!</small><br></div><div class="spacer battle-history"><br></div><div class="battle-history"><small>(The sunlight is strong.)</small><br></div><div class="spacer battle-history"><br></div><h2 class="battle-history">Turn 33</h2><div class="chat chatmessage-abismal"><strong style="color:#68a730"><small>☆</small><span class="username" data-name="abismal">abismal</span>:</strong> <em>double crit</em></div><div class="spacer battle-history"><br></div><div class="battle-history">The opposing Leafeon used <strong>Knock Off</strong>!<br></div><div class="battle-history"><small>It's super effective!</small><br></div><div class="battle-history"><small>(Gourgeist lost <abbr title="−136/374">36.4%</abbr> of its health!)</small><br></div><div class="spacer battle-history"><br></div><div class="battle-history">Gourgeist fainted!<br></div><div class="spacer battle-history"><br></div><div class="battle-history"><small>(The sunlight is strong.)</small><br></div><div class="spacer battle-history"><br></div><div class="battle-history">Go! <strong>Dusclops</strong>!<br></div><div class="battle-history">[Dusclops's Pressure]<br><small>Dusclops is exerting its pressure!</small><br></div><div class="spacer battle-history"><br></div><h2 class="battle-history">Turn 34</h2><div class="spacer battle-history"><br></div><div class="battle-history">The opposing Leafeon used <strong>Dig</strong>!<br></div><div class="battle-history">The opposing Leafeon burrowed its way under the ground!<br></div><div class="battle-history"><small>The opposing Leafeon became fully charged due to its Power Herb!</small><br></div><div class="battle-history"><small>(Dusclops lost <abbr title="−46/221">20.8%</abbr> of its health!)</small><br></div><div class="spacer battle-history"><br></div><div class="battle-history">Dusclops fainted!<br></div><div class="spacer battle-history"><br></div><div class="battle-history"><small>The harsh sunlight faded.</small><br></div><div class="spacer battle-history"><br></div><div class="battle-history">Go! <strong>Kadabra</strong>!<br></div><div class="spacer battle-history"><br></div><h2 class="battle-history">Turn 35</h2><div class="spacer battle-history"><br></div><div class="battle-history">abismal withdrew Leafeon!<br></div><div class="battle-history">abismal sent out Gigalith (<strong>Gigalith-Kalos</strong>)!<br></div><div class="battle-history">[The opposing Gigalith's Drought]<br><small>The sunlight turned harsh!</small><br></div><div class="spacer battle-history"><br></div><div class="battle-history">Kadabra used <strong>Psychic</strong>!<br></div><div class="battle-history"><small>(The opposing Gigalith lost 46% of its health!)</small><br></div><div class="spacer battle-history"><br></div><div class="battle-history"><small>(The sunlight is strong.)</small><br></div><div class="spacer battle-history"><br></div><h2 class="battle-history">Turn 36</h2><div class="spacer battle-history"><br></div><div class="battle-history">Kadabra used <strong>Psychic</strong>!<br></div><div class="battle-history"><small>(The opposing Gigalith lost 47% of its health!)</small><br></div><div class="spacer battle-history"><br></div><div class="battle-history">The opposing Gigalith used <strong>Thunderbolt</strong>!<br></div><div class="battle-history"><small>(Kadabra lost <abbr title="−114/221">51.6%</abbr> of its health!)</small><br></div><div class="spacer battle-history"><br></div><div class="battle-history"><small>(The sunlight is strong.)</small><br></div><div class="spacer battle-history"><br></div><h2 class="battle-history">Turn 37</h2><div class="spacer battle-history"><br></div><div class="battle-history">Kadabra used <strong>Psychic</strong>!<br></div><div class="battle-history"><small>(The opposing Gigalith lost 7% of its health!)</small><br></div><div class="spacer battle-history"><br></div><div class="battle-history">The opposing Gigalith fainted!<br></div><div class="spacer battle-history"><br></div><div class="battle-history"><small>(The sunlight is strong.)</small><br></div><div class="spacer battle-history"><br></div><div class="battle-history">abismal sent out <strong>Leafeon</strong>!<br></div><div class="spacer battle-history"><br></div><h2 class="battle-history">Turn 38</h2><div class="spacer battle-history"><br></div><div class="battle-history">The opposing Leafeon used <strong>Knock Off</strong>!<br></div><div class="battle-history"><small>It's super effective!</small><br></div><div class="battle-history"><small>(Kadabra lost <abbr title="−107/221">48.4%</abbr> of its health!)</small><br></div><div class="battle-history"><small>The opposing Leafeon knocked off Kadabra's Eviolite!</small><br></div><div class="spacer battle-history"><br></div><div class="battle-history">Kadabra fainted!<br></div><div class="spacer battle-history"><br></div><div class="battle-history"><small>(The sunlight is strong.)</small><br></div><div class="spacer battle-history"><br></div><div class="battle-history">Go! <strong>Scrafty</strong>!<br></div><div class="spacer battle-history"><br></div><h2 class="battle-history">Turn 39</h2><div class="chat chatmessage-kerosenezanchu mine"><strong style="color:#4094b0"><small>☆</small><span class="username" data-name="KeroseneZanchu">KeroseneZanchu</span>:</strong> <em>yeah</em></div><div class="chat chatmessage-abismal"><strong style="color:#68a730"><small>☆</small><span class="username" data-name="abismal">abismal</span>:</strong> <em>i like the team</em></div><div class="chat chatmessage-kerosenezanchu mine"><strong style="color:#4094b0"><small>☆</small><span class="username" data-name="KeroseneZanchu">KeroseneZanchu</span>:</strong> <em>i hate yours</em></div><div class="chat chatmessage-kerosenezanchu mine"><strong style="color:#4094b0"><small>☆</small><span class="username" data-name="KeroseneZanchu">KeroseneZanchu</span>:</strong> <em>:^)</em></div><div class="chat chatmessage-abismal"><strong style="color:#68a730"><small>☆</small><span class="username" data-name="abismal">abismal</span>:</strong> <em>fair enough</em></div><div class="spacer battle-history"><br></div><div class="battle-history">The opposing Leafeon used <strong>Leaf Blade</strong>!<br></div><div class="battle-history"><small>(Scrafty lost <abbr title="−110/334">32.9%</abbr> of its health!)</small><br></div><div class="spacer battle-history"><br></div><div class="battle-history">Scrafty fainted!<br></div><div class="spacer battle-history"><br></div><div class="battle-history"><strong>abismal</strong> won the battle!<br></div><div class="chat chatmessage-abismal"><strong style="color:#68a730"><small>☆</small><span class="username" data-name="abismal">abismal</span>:</strong> <em>gg</em></div><div class="chat chatmessage-kerosenezanchu mine"><strong style="color:#4094b0"><small>☆</small><span class="username" data-name="KeroseneZanchu">KeroseneZanchu</span>:</strong> <em>maybe ink was right to be</em></div><div class="chat chatmessage-kerosenezanchu mine"><strong style="color:#4094b0"><small>☆</small><span class="username" data-name="KeroseneZanchu">KeroseneZanchu</span>:</strong> <em>wary of autosetting sun</em></div></div><div class="inner-preempt message-log"></div></div></div>
</div>
<script>
let daily = Math.floor(Date.now()/1000/60/60/24);document.write('<script src="https://dragonheaven.herokuapp.com/js/replay-embed.js?version'+daily+'"></'+'script>');
</script>
