<!DOCTYPE html>
<meta charset="utf-8" />
<!-- version 1 -->
<title>[Gen 8] Evolution Project replay: H2OPulse vs. inkbug1</title>
<style>
html,body {font-family:Verdana, sans-serif;font-size:10pt;margin:0;padding:0;}body{padding:12px 0;} .battle-log {font-family:Verdana, sans-serif;font-size:10pt;} .battle-log-inline {border:1px solid #AAAAAA;background:#EEF2F5;color:black;max-width:640px;margin:0 auto 80px;padding-bottom:5px;} .battle-log .inner {padding:4px 8px 0px 8px;} .battle-log .inner-preempt {padding:0 8px 4px 8px;} .battle-log .inner-after {margin-top:0.5em;} .battle-log h2 {margin:0.5em -8px;padding:4px 8px;border:1px solid #AAAAAA;background:#E0E7EA;border-left:0;border-right:0;font-family:Verdana, sans-serif;font-size:13pt;} .battle-log .chat {vertical-align:middle;padding:3px 0 3px 0;font-size:8pt;} .battle-log .chat strong {color:#40576A;} .battle-log .chat em {padding:1px 4px 1px 3px;color:#000000;font-style:normal;} .chat.mine {background:rgba(0,0,0,0.05);margin-left:-8px;margin-right:-8px;padding-left:8px;padding-right:8px;} .spoiler {color:#BBBBBB;background:#BBBBBB;padding:0px 3px;} .spoiler:hover, .spoiler:active, .spoiler-shown {color:#000000;background:#E2E2E2;padding:0px 3px;} .spoiler a {color:#BBBBBB;} .spoiler:hover a, .spoiler:active a, .spoiler-shown a {color:#2288CC;} .chat code, .chat .spoiler:hover code, .chat .spoiler:active code, .chat .spoiler-shown code {border:1px solid #C0C0C0;background:#EEEEEE;color:black;padding:0 2px;} .chat .spoiler code {border:1px solid #CCCCCC;background:#CCCCCC;color:#CCCCCC;} .battle-log .rated {padding:3px 4px;} .battle-log .rated strong {color:white;background:#89A;padding:1px 4px;border-radius:4px;} .spacer {margin-top:0.5em;} .message-announce {background:#6688AA;color:white;padding:1px 4px 2px;} .message-announce a, .broadcast-green a, .broadcast-blue a, .broadcast-red a {color:#DDEEFF;} .broadcast-green {background-color:#559955;color:white;padding:2px 4px;} .broadcast-blue {background-color:#6688AA;color:white;padding:2px 4px;} .infobox {border:1px solid #6688AA;padding:2px 4px;} .infobox-limited {max-height:200px;overflow:auto;overflow-x:hidden;} .broadcast-red {background-color:#AA5544;color:white;padding:2px 4px;} .message-learn-canlearn {font-weight:bold;color:#228822;text-decoration:underline;} .message-learn-cannotlearn {font-weight:bold;color:#CC2222;text-decoration:underline;} .message-effect-weak {font-weight:bold;color:#CC2222;} .message-effect-resist {font-weight:bold;color:#6688AA;} .message-effect-immune {font-weight:bold;color:#666666;} .message-learn-list {margin-top:0;margin-bottom:0;} .message-throttle-notice, .message-error {color:#992222;} .message-overflow, .chat small.message-overflow {font-size:0pt;} .message-overflow::before {font-size:9pt;content:'...';} .subtle {color:#3A4A66;}
</style>
<div class="wrapper replay-wrapper" style="max-width:1180px;margin:0 auto">
<input type="hidden" name="replayid" value="dragonheaven-gen8evolutionproject-87" />
<div class="battle"></div><div class="battle-log"></div><div class="replay-controls"></div><div class="replay-controls-2"></div>
<h1 style="font-weight:normal;text-align:center"><strong>[Gen 8] Evolution Project</strong><br /><a href="http://pokemonshowdown.com/users/h2opulse" class="subtle" target="_blank">H2OPulse</a> vs. <a href="http://pokemonshowdown.com/users/inkbug1" class="subtle" target="_blank">inkbug1</a></h1>
<script type="text/plain" class="battle-log-data">|j|☆H2OPulse
|j|☆inkbug1

|t:|1658378746
|player|p1|H2OPulse|aetherfoundation|
|player|p2|inkbug1|emmet|
|teamsize|p1|6
|teamsize|p2|6
|gametype|singles
|gen|8
|tier|[Gen 8] Evolution Project
|clearpoke
|poke|p1|Orbeetle-Variant, M|
|poke|p1|Shiinotic-Kalos, F|
|poke|p1|Klefki-Galar, F|
|poke|p1|Vaporeon, F|
|poke|p1|Noivern-Variant, M|
|poke|p1|Resurrectric, M|
|poke|p2|Pollugonal, F|
|poke|p2|Cofagrigus-Unbound, M|
|poke|p2|Rotom|
|poke|p2|Plaguicate, F|
|poke|p2|Adourami, F|
|poke|p2|Scolipede-Variant, M|
|rule|HP Percentage Mod: HP is shown in percentages
|rule|Endless Battle Clause: Forcing endless battles is banned
|rule|OHKO Clause: OHKO moves are banned
|rule|Evasion Moves Clause: Evasion moves are banned
|rule|Species Clause: Limit one of each Pokémon
|rule|Dynamax Clause: You cannot dynamax
|rule|Sleep Clause Mod: Limit one foe put to sleep
|rule|Z-Move Clause: Type-based Z-Moves are banned
|teampreview
|c|☆inkbug1|hewwo i remember absolutely none of this
|c|☆inkbug1|gl hf
|c|☆H2OPulse|MSKFH NICE
|c|☆H2OPulse|Good luck and have fun!!! OO:
|c|☆inkbug1|what the fuck is wrong with this adourami what was i DOING
|c|☆inkbug1|ahem
|c|☆H2OPulse|Trying something __just a little__ different with Zante's EVs than before - I'm curious to see if I like
|c|☆H2OPulse|notice a difference for better or worse
|c|☆inkbug1|interesting ok O: 
|
|t:|1658378822
|start
|switch|p1a: Snakey|Orbeetle-Variant, M|100\/100
|switch|p2a: Ratsploder Runway|Plaguicate, F|291\/291
|-start|p2a: Ratsploder Runway|typechange|Normal\/Poison|[silent]
|raw|<ul class="utilichart"><li class="result"><span class="col pokemonnamecol" style="white-space: nowrap">Plaguicate<\/span> <span class="col typecol"><img src="https:\/\/dragonheaven.herokuapp.com\/sprites\/types\/Normal.png" alt="Normal" height="14" width="32"><img src="https:\/\/dragonheaven.herokuapp.com\/sprites\/types\/Poison.png" alt="Poison" height="14" width="32"><\/span> <span style="float: left ; min-height: 26px"><span class="col abilitycol">Poison Touch \/ Guts \/ Hustle<\/span><span class="col abilitycol"><\/span><\/span><\/li><li style="clear: both"><\/li><\/ul>
|raw|<ul class="utilichart"><li class="result"><span style="float: left ; min-height: 26px"><span class="col statcol"><em>HP<\/em><br>75<\/span> <span class="col statcol"><em>Atk<\/em><br>91<\/span> <span class="col statcol"><em>Def<\/em><br>80<\/span> <span class="col statcol"><em>SpA<\/em><br>65<\/span> <span class="col statcol"><em>SpD<\/em><br>90<\/span> <span class="col statcol"><em>Spe<\/em><br>97<\/span> <\/span><\/li><li style="clear: both"><\/li><\/ul>
|-hint|Plaguicate was created by ausma!
|-start|p1a: Snakey|typechange|Bug\/Electric|[silent]
|raw|<ul class="utilichart"><li class="result"><span class="col pokemonnamecol" style="white-space: nowrap">Orbeetle-Variant<\/span> <span class="col typecol"><img src="https:\/\/dragonheaven.herokuapp.com\/sprites\/types\/Bug.png" alt="Bug" height="14" width="32"><img src="https:\/\/dragonheaven.herokuapp.com\/sprites\/types\/Electric.png" alt="Electric" height="14" width="32"><\/span> <span style="float: left ; min-height: 26px"><span class="col abilitycol">Swarm \/ Frisk \/ Cotton Down<\/span><span class="col abilitycol"><\/span><\/span><\/li><li style="clear: both"><\/li><\/ul>
|raw|<ul class="utilichart"><li class="result"><span style="float: left ; min-height: 26px"><span class="col statcol"><em>HP<\/em><br>60<\/span> <span class="col statcol"><em>Atk<\/em><br>45<\/span> <span class="col statcol"><em>Def<\/em><br>110<\/span> <span class="col statcol"><em>SpA<\/em><br>120<\/span> <span class="col statcol"><em>SpD<\/em><br>80<\/span> <span class="col statcol"><em>Spe<\/em><br>90<\/span> <\/span><\/li><li style="clear: both"><\/li><\/ul>
|-hint|Orbeetle-Variant was created by Magmajudis!
|turn|1
|
|t:|1658378830
|move|p2a: Ratsploder Runway|Poison Fang|p1a: Snakey
|-crit|p1a: Snakey
|-damage|p1a: Snakey|72\/100
|-status|p1a: Snakey|psn|[from] ability: Poison Touch|[of] p2a: Ratsploder Runway
|-ability|p1a: Snakey|Cotton Down
|-unboost|p2a: Ratsploder Runway|spe|1
|move|p1a: Snakey|Sticky Web|p2a: Ratsploder Runway
|-sidestart|p2: inkbug1|move: Sticky Web
|
|-damage|p1a: Snakey|59\/100 psn|[from] psn
|upkeep
|turn|2
|
|t:|1658378859
|switch|p1a: Pandorea|Klefki-Galar, F|100\/100
|-start|p1a: Pandorea|typechange|Steel\/Dark|[silent]
|raw|<ul class="utilichart"><li class="result"><span class="col pokemonnamecol" style="white-space: nowrap">Klefki-Galar<\/span> <span class="col typecol"><img src="https:\/\/dragonheaven.herokuapp.com\/sprites\/types\/Steel.png" alt="Steel" height="14" width="32"><img src="https:\/\/dragonheaven.herokuapp.com\/sprites\/types\/Dark.png" alt="Dark" height="14" width="32"><\/span> <span style="float: left ; min-height: 26px"><span class="col abilitycol">Hunger Switch<\/span><span class="col abilitycol"><\/span><\/span><\/li><li style="clear: both"><\/li><\/ul>
|raw|<ul class="utilichart"><li class="result"><span style="float: left ; min-height: 26px"><span class="col statcol"><em>HP<\/em><br>57<\/span> <span class="col statcol"><em>Atk<\/em><br>60<\/span> <span class="col statcol"><em>Def<\/em><br>106<\/span> <span class="col statcol"><em>SpA<\/em><br>70<\/span> <span class="col statcol"><em>SpD<\/em><br>87<\/span> <span class="col statcol"><em>Spe<\/em><br>90<\/span> <\/span><\/li><li style="clear: both"><\/li><\/ul>
|-hint|Klefki-Galar was created by Albatross!
|move|p2a: Ratsploder Runway|Swords Dance|p2a: Ratsploder Runway
|-boost|p2a: Ratsploder Runway|atk|2
|
|-formechange|p1a: Pandorea|Klefki-Galar-Revealed||[from] ability: Hunger Switch
|-start|p1a: Pandorea|typechange|Fairy\/Dark|[silent]
|-message|Pandorea changed to Revealed Mode!
|raw|<ul class="utilichart"><li class="result"><span class="col pokemonnamecol" style="white-space: nowrap">Klefki-Galar-Revealed<\/span> <span class="col typecol"><img src="https:\/\/dragonheaven.herokuapp.com\/sprites\/types\/Fairy.png" alt="Fairy" height="14" width="32"><img src="https:\/\/dragonheaven.herokuapp.com\/sprites\/types\/Dark.png" alt="Dark" height="14" width="32"><\/span> <span style="float: left ; min-height: 26px"><span class="col abilitycol">Hunger Switch<\/span><span class="col abilitycol"><\/span><\/span><span style="float: left ; min-height: 26px"><span class="col statcol"><em>HP<\/em><br>57<\/span> <span class="col statcol"><em>Atk<\/em><br>116<\/span> <span class="col statcol"><em>Def<\/em><br>50<\/span> <span class="col statcol"><em>SpA<\/em><br>70<\/span> <span class="col statcol"><em>SpD<\/em><br>87<\/span> <span class="col statcol"><em>Spe<\/em><br>90<\/span> <\/span><\/li><li style="clear: both"><\/li><\/ul>
|upkeep
|turn|3
|c|☆H2OPulse|Ummmm hmm
|c|☆H2OPulse|That was a bad choice for me
|
|t:|1658378887
|move|p1a: Pandorea|Protect|p1a: Pandorea
|-singleturn|p1a: Pandorea|Protect
|move|p2a: Ratsploder Runway|Poison Fang|p1a: Pandorea
|-activate|p1a: Pandorea|move: Protect
|
|-formechange|p1a: Pandorea|Klefki-Galar||[from] ability: Hunger Switch
|-start|p1a: Pandorea|typechange|Steel\/Dark|[silent]
|-message|Pandorea changed to Lure Mode!
|upkeep
|turn|4
|
|t:|1658378904
|move|p1a: Pandorea|Knock Off|p2a: Ratsploder Runway
|-damage|p2a: Ratsploder Runway|186\/291
|-enditem|p2a: Ratsploder Runway|Black Sludge|[from] move: Knock Off|[of] p1a: Pandorea
|move|p2a: Ratsploder Runway|U-turn|p1a: Pandorea
|-damage|p1a: Pandorea|61\/100
|
|t:|1658378910
|switch|p2a: Ruxxtin the Great|Cofagrigus-Unbound, M|319\/319
|-start|p2a: Ruxxtin the Great|typechange|Dark|[silent]
|raw|<ul class="utilichart"><li class="result"><span class="col pokemonnamecol" style="white-space: nowrap">Cofagrigus-Unbound<\/span> <span class="col typecol"><img src="https:\/\/dragonheaven.herokuapp.com\/sprites\/types\/Dark.png" alt="Dark" height="14" width="32"><\/span> <span style="float: left ; min-height: 26px"><span class="col abilitycol">Pickpocket \/ Unburden<\/span><span class="col abilitycol"><\/span><\/span><\/li><li style="clear: both"><\/li><\/ul>
|raw|<ul class="utilichart"><li class="result"><span style="float: left ; min-height: 26px"><span class="col statcol"><em>HP<\/em><br>58<\/span> <span class="col statcol"><em>Atk<\/em><br>95<\/span> <span class="col statcol"><em>Def<\/em><br>145<\/span> <span class="col statcol"><em>SpA<\/em><br>50<\/span> <span class="col statcol"><em>SpD<\/em><br>90<\/span> <span class="col statcol"><em>Spe<\/em><br>45<\/span> <\/span><\/li><li style="clear: both"><\/li><\/ul>
|-hint|Cofagrigus-Unbound was created by inkbug!
|-activate|p2a: Ruxxtin the Great|move: Sticky Web
|-unboost|p2a: Ruxxtin the Great|spe|1
|
|-heal|p1a: Pandorea|67\/100|[from] item: Leftovers
|-formechange|p1a: Pandorea|Klefki-Galar-Revealed||[from] ability: Hunger Switch
|-start|p1a: Pandorea|typechange|Fairy\/Dark|[silent]
|-message|Pandorea changed to Revealed Mode!
|upkeep
|turn|5
|
|t:|1658378926
|move|p1a: Pandorea|Play Rough|p2a: Ruxxtin the Great
|-supereffective|p2a: Ruxxtin the Great
|-damage|p2a: Ruxxtin the Great|125\/319
|-damage|p1a: Pandorea|51\/100|[from] item: Rocky Helmet|[of] p2a: Ruxxtin the Great
|move|p2a: Ruxxtin the Great|Body Press|p1a: Pandorea
|-damage|p1a: Pandorea|6\/100
|
|-heal|p1a: Pandorea|12\/100|[from] item: Leftovers
|-formechange|p1a: Pandorea|Klefki-Galar||[from] ability: Hunger Switch
|-start|p1a: Pandorea|typechange|Steel\/Dark|[silent]
|-message|Pandorea changed to Lure Mode!
|upkeep
|turn|6
|
|t:|1658378940
|move|p1a: Pandorea|Protect|p1a: Pandorea
|-singleturn|p1a: Pandorea|Protect
|move|p2a: Ruxxtin the Great|Toxic Spikes|p1a: Pandorea
|-sidestart|p1: H2OPulse|move: Toxic Spikes
|
|-heal|p1a: Pandorea|18\/100|[from] item: Leftovers
|-formechange|p1a: Pandorea|Klefki-Galar-Revealed||[from] ability: Hunger Switch
|-start|p1a: Pandorea|typechange|Fairy\/Dark|[silent]
|-message|Pandorea changed to Revealed Mode!
|upkeep
|turn|7
|
|t:|1658378961
|switch|p1a: Foxfire|Shiinotic-Kalos, F|100\/100
|-sideend|p1: H2OPulse|move: Toxic Spikes|[of] p1a: Foxfire
|-start|p1a: Foxfire|typechange|Poison\/Fairy|[silent]
|raw|<ul class="utilichart"><li class="result"><span class="col pokemonnamecol" style="white-space: nowrap">Shiinotic-Kalos<\/span> <span class="col typecol"><img src="https:\/\/dragonheaven.herokuapp.com\/sprites\/types\/Poison.png" alt="Poison" height="14" width="32"><img src="https:\/\/dragonheaven.herokuapp.com\/sprites\/types\/Fairy.png" alt="Fairy" height="14" width="32"><\/span> <span style="float: left ; min-height: 26px"><span class="col abilitycol">Illuminate \/ Effect Spore \/ Technician<\/span><span class="col abilitycol"><\/span><\/span><\/li><li style="clear: both"><\/li><\/ul>
|raw|<ul class="utilichart"><li class="result"><span style="float: left ; min-height: 26px"><span class="col statcol"><em>HP<\/em><br>60<\/span> <span class="col statcol"><em>Atk<\/em><br>61<\/span> <span class="col statcol"><em>Def<\/em><br>60<\/span> <span class="col statcol"><em>SpA<\/em><br>90<\/span> <span class="col statcol"><em>SpD<\/em><br>80<\/span> <span class="col statcol"><em>Spe<\/em><br>54<\/span> <\/span><\/li><li style="clear: both"><\/li><\/ul>
|-hint|Shiinotic-Kalos was created by Hematite!
|switch|p2a: Prism|Pollugonal, F|383\/383
|-start|p2a: Prism|typechange|Ice\/Poison|[silent]
|raw|<ul class="utilichart"><li class="result"><span class="col pokemonnamecol" style="white-space: nowrap">Pollugonal<\/span> <span class="col typecol"><img src="https:\/\/dragonheaven.herokuapp.com\/sprites\/types\/Ice.png" alt="Ice" height="14" width="32"><img src="https:\/\/dragonheaven.herokuapp.com\/sprites\/types\/Poison.png" alt="Poison" height="14" width="32"><\/span> <span style="float: left ; min-height: 26px"><span class="col abilitycol">Levitate<\/span><span class="col abilitycol"><\/span><\/span><\/li><li style="clear: both"><\/li><\/ul>
|raw|<ul class="utilichart"><li class="result"><span style="float: left ; min-height: 26px"><span class="col statcol"><em>HP<\/em><br>90<\/span> <span class="col statcol"><em>Atk<\/em><br>50<\/span> <span class="col statcol"><em>Def<\/em><br>50<\/span> <span class="col statcol"><em>SpA<\/em><br>95<\/span> <span class="col statcol"><em>SpD<\/em><br>140<\/span> <span class="col statcol"><em>Spe<\/em><br>105<\/span> <\/span><\/li><li style="clear: both"><\/li><\/ul>
|-hint|Pollugonal was created by Magmajudis!
|
|upkeep
|turn|8
|
|t:|1658378981
|move|p2a: Prism|Rapid Spin|p1a: Foxfire
|-damage|p1a: Foxfire|91\/100
|-boost|p2a: Prism|spe|1
|-sideend|p2: inkbug1|Sticky Web|[from] move: Rapid Spin|[of] p2a: Prism
|move|p1a: Foxfire|Spore|p2a: Prism
|-status|p2a: Prism|slp|[from] move: Spore
|
|-heal|p1a: Foxfire|97\/100|[from] item: Black Sludge
|upkeep
|turn|9
|
|t:|1658379002
|switch|p2a: Cyd|Rotom|303\/303
|move|p1a: Foxfire|Hidden Power|p2a: Cyd
|-damage|p2a: Cyd|195\/303
|
|-heal|p2a: Cyd|213\/303|[from] item: Leftovers
|-heal|p1a: Foxfire|100\/100|[from] item: Black Sludge
|upkeep
|turn|10
|
|t:|1658379014
|move|p2a: Cyd|Light Screen|p2a: Cyd
|-sidestart|p2: inkbug1|move: Light Screen
|move|p1a: Foxfire|Acid Spray|p2a: Cyd
|-resisted|p2a: Cyd
|-damage|p2a: Cyd|190\/303
|-unboost|p2a: Cyd|spd|2
|
|-heal|p2a: Cyd|208\/303|[from] item: Leftovers
|upkeep
|turn|11
|
|t:|1658379026
|move|p2a: Cyd|Volt Switch|p1a: Foxfire
|-damage|p1a: Foxfire|66\/100
|
|t:|1658379029
|switch|p2a: Ratsploder Runway|Plaguicate, F|186\/291
|-start|p2a: Ratsploder Runway|typechange|Normal\/Poison|[silent]
|move|p1a: Foxfire|Draining Kiss|p2a: Ratsploder Runway
|-resisted|p2a: Ratsploder Runway
|-damage|p2a: Ratsploder Runway|159\/291
|-heal|p1a: Foxfire|74\/100|[from] drain|[of] p2a: Ratsploder Runway
|
|-heal|p1a: Foxfire|80\/100|[from] item: Black Sludge
|upkeep
|turn|12
|
|t:|1658379050
|switch|p1a: Zantedeschia|Resurrectric, M|100\/100
|-start|p1a: Zantedeschia|typechange|Ground\/Electric|[silent]
|raw|<ul class="utilichart"><li class="result"><span class="col pokemonnamecol" style="white-space: nowrap">Resurrectric<\/span> <span class="col typecol"><img src="https:\/\/dragonheaven.herokuapp.com\/sprites\/types\/Ground.png" alt="Ground" height="14" width="32"><img src="https:\/\/dragonheaven.herokuapp.com\/sprites\/types\/Electric.png" alt="Electric" height="14" width="32"><\/span> <span style="float: left ; min-height: 26px"><span class="col abilitycol">Inner Focus \/ Lightning Rod \/ Battle Armor<\/span><span class="col abilitycol"><\/span><\/span><\/li><li style="clear: both"><\/li><\/ul>
|raw|<ul class="utilichart"><li class="result"><span style="float: left ; min-height: 26px"><span class="col statcol"><em>HP<\/em><br>80<\/span> <span class="col statcol"><em>Atk<\/em><br>60<\/span> <span class="col statcol"><em>Def<\/em><br>130<\/span> <span class="col statcol"><em>SpA<\/em><br>90<\/span> <span class="col statcol"><em>SpD<\/em><br>80<\/span> <span class="col statcol"><em>Spe<\/em><br>45<\/span> <\/span><\/li><li style="clear: both"><\/li><\/ul>
|-hint|Resurrectric was created by Hematite!
|move|p2a: Ratsploder Runway|Swords Dance|p2a: Ratsploder Runway
|-boost|p2a: Ratsploder Runway|atk|2
|
|upkeep
|turn|13
|c|~|\/raw <div class="infobox">Ground:<br \/><span class="message-effect-weak">Weaknesses<\/span>: Grass, Ice, Water<br \/><span class="message-effect-resist">Resistances<\/span>: Poison, Rock<br \/><span class="message-effect-immune">Immunities<\/span>: Electric, Sandstorm damage<\/div>
|
|t:|1658379076
|move|p2a: Ratsploder Runway|Fury Swipes|p1a: Zantedeschia
|-damage|p1a: Zantedeschia|90\/100
|-damage|p1a: Zantedeschia|78\/100
|-damage|p1a: Zantedeschia|68\/100
|-status|p1a: Zantedeschia|psn|[from] ability: Poison Touch|[of] p2a: Ratsploder Runway
|-damage|p1a: Zantedeschia|56\/100 psn
|-hitcount|p1a: Zantedeschia|4
|move|p1a: Zantedeschia|Earthquake|p2a: Ratsploder Runway
|-supereffective|p2a: Ratsploder Runway
|-damage|p2a: Ratsploder Runway|0 fnt
|faint|p2a: Ratsploder Runway
|
|-damage|p1a: Zantedeschia|44\/100 psn|[from] psn
|upkeep
|c|☆inkbug1|oh no my bluff
|c|☆H2OPulse|Mad respect
|c|☆H2OPulse|Shfjfjf
|
|t:|1658379097
|switch|p2a: Cyd|Rotom|208\/303
|turn|14
|
|t:|1658379109
|switch|p1a: Cattail|Vaporeon, F|100\/100
|move|p2a: Cyd|Hex|p1a: Cattail
|-damage|p1a: Cattail|89\/100
|
|-heal|p2a: Cyd|226\/303|[from] item: Leftovers
|-heal|p1a: Cattail|96\/100|[from] item: Leftovers
|-sideend|p2: inkbug1|move: Light Screen
|upkeep
|turn|15
|
|t:|1658379118
|move|p2a: Cyd|Will-O-Wisp|p1a: Cattail|[miss]
|-miss|p2a: Cyd|p1a: Cattail
|move|p1a: Cattail|Heal Bell|p1a: Cattail
|-activate|p1a: Cattail|move: Heal Bell
|-curestatus|p1: Snakey|psn|[msg]
|-curestatus|p1: Zantedeschia|psn|[msg]
|
|-heal|p2a: Cyd|244\/303|[from] item: Leftovers
|-heal|p1a: Cattail|100\/100|[from] item: Leftovers
|upkeep
|turn|16
|c|☆H2OPulse|WELL AT LEAST THE MISS DIDN'T MATTER
|c|☆inkbug1|asdfafdasfd
|c|☆H2OPulse|you can't prove she dodged it
|c|☆H2OPulse|you can't
|
|t:|1658379146
|switch|p2a: Juliet|Adourami, F|267\/267
|-start|p2a: Juliet|typechange|Water\/Fairy|[silent]
|raw|<ul class="utilichart"><li class="result"><span class="col pokemonnamecol" style="white-space: nowrap">Adourami<\/span> <span class="col typecol"><img src="https:\/\/dragonheaven.herokuapp.com\/sprites\/types\/Water.png" alt="Water" height="14" width="32"><img src="https:\/\/dragonheaven.herokuapp.com\/sprites\/types\/Fairy.png" alt="Fairy" height="14" width="32"><\/span> <span style="float: left ; min-height: 26px"><span class="col abilitycol">Swift Swim \/ Soul-Heart \/ Unburden<\/span><span class="col abilitycol"><\/span><\/span><\/li><li style="clear: both"><\/li><\/ul>
|raw|<ul class="utilichart"><li class="result"><span style="float: left ; min-height: 26px"><span class="col statcol"><em>HP<\/em><br>63<\/span> <span class="col statcol"><em>Atk<\/em><br>30<\/span> <span class="col statcol"><em>Def<\/em><br>85<\/span> <span class="col statcol"><em>SpA<\/em><br>95<\/span> <span class="col statcol"><em>SpD<\/em><br>105<\/span> <span class="col statcol"><em>Spe<\/em><br>112<\/span> <\/span><\/li><li style="clear: both"><\/li><\/ul>
|-hint|Adourami was created by BlueRay!
|move|p1a: Cattail|Wish|p1a: Cattail
|
|upkeep
|turn|17
|c|☆inkbug1|its true
|
|t:|1658379159
|move|p2a: Juliet|Substitute|p2a: Juliet
|-start|p2a: Juliet|Substitute
|-damage|p2a: Juliet|201\/267
|move|p1a: Cattail|Flip Turn|p2a: Juliet
|-resisted|p2a: Juliet
|-activate|p2a: Juliet|move: Substitute|[damage]
|
|t:|1658379168
|switch|p1a: Zantedeschia|Resurrectric, M|44\/100|[from]move: Flip Turn
|-start|p1a: Zantedeschia|typechange|Ground\/Electric|[silent]
|
|-heal|p1a: Zantedeschia|100\/100|[from] move: Wish|[wisher] Cattail
|upkeep
|turn|18
|
|t:|1658379176
|switch|p1a: Cattail|Vaporeon, F|100\/100
|move|p2a: Juliet|Aqua Ring|p2a: Juliet
|-start|p2a: Juliet|Aqua Ring
|
|-heal|p2a: Juliet|222\/267|[from] Aqua Ring
|upkeep
|turn|19
|
|t:|1658379188
|move|p2a: Juliet|Draining Kiss|p1a: Cattail
|-damage|p1a: Cattail|88\/100
|-heal|p2a: Juliet|267\/267|[from] drain|[of] p1a: Cattail
|move|p1a: Cattail|Wish|p1a: Cattail
|
|-heal|p1a: Cattail|94\/100|[from] item: Leftovers
|upkeep
|turn|20
|c|☆H2OPulse|(I don't know well enough what Adourami does so I am just going to keep acting like it's passive until I figure out exactly how to regret it I hope you know that)
|
|t:|1658379245
|move|p2a: Juliet|Fake Tears|p1a: Cattail
|-unboost|p1a: Cattail|spd|2
|move|p1a: Cattail|Flip Turn|p2a: Juliet
|-resisted|p2a: Juliet
|-activate|p2a: Juliet|move: Substitute|[damage]
|
|t:|1658379247
|switch|p1a: Pandorea|Klefki-Galar, F|18\/100|[from]move: Flip Turn
|-start|p1a: Pandorea|typechange|Steel\/Dark|[silent]
|
|-heal|p1a: Pandorea|93\/100|[from] move: Wish|[wisher] Cattail
|-heal|p1a: Pandorea|99\/100|[from] item: Leftovers
|-formechange|p1a: Pandorea|Klefki-Galar-Revealed||[from] ability: Hunger Switch
|-start|p1a: Pandorea|typechange|Fairy\/Dark|[silent]
|-message|Pandorea changed to Revealed Mode!
|upkeep
|turn|21
|c|☆H2OPulse|OH THAT'S FUN
|
|t:|1658379281
|switch|p1a: Foxfire|Shiinotic-Kalos, F|80\/100
|-start|p1a: Foxfire|typechange|Poison\/Fairy|[silent]
|move|p2a: Juliet|Fake Tears|p1a: Foxfire
|-unboost|p1a: Foxfire|spd|2
|
|-heal|p1a: Foxfire|86\/100|[from] item: Black Sludge
|upkeep
|turn|22
|
|t:|1658379289
|move|p2a: Juliet|Draining Kiss|p1a: Foxfire
|-resisted|p1a: Foxfire
|-damage|p1a: Foxfire|55\/100
|move|p1a: Foxfire|Acid Spray|p2a: Juliet
|-supereffective|p2a: Juliet
|-end|p2a: Juliet|Substitute
|
|-heal|p1a: Foxfire|61\/100|[from] item: Black Sludge
|upkeep
|turn|23
|
|t:|1658379297
|move|p2a: Juliet|Substitute|p2a: Juliet
|-start|p2a: Juliet|Substitute
|-damage|p2a: Juliet|201\/267
|move|p1a: Foxfire|Acid Spray|p2a: Juliet
|-supereffective|p2a: Juliet
|-end|p2a: Juliet|Substitute
|
|-heal|p1a: Foxfire|67\/100|[from] item: Black Sludge
|-heal|p2a: Juliet|222\/267|[from] Aqua Ring
|upkeep
|turn|24
|c|☆H2OPulse|man I really want to try Adourami at some point
|c|☆H2OPulse|it has such a fun kit
|
|t:|1658379351
|switch|p2a: Prism|Pollugonal, F|383\/383 slp
|-start|p2a: Prism|typechange|Ice\/Poison|[silent]
|move|p1a: Foxfire|Acid Spray|p2a: Prism
|-resisted|p2a: Prism
|-damage|p2a: Prism|353\/383 slp
|-unboost|p2a: Prism|spd|2
|
|-heal|p1a: Foxfire|73\/100|[from] item: Black Sludge
|upkeep
|turn|25
|
|t:|1658379377
|switch|p2a: Cyd|Rotom|244\/303
|move|p1a: Foxfire|Hidden Power|p2a: Cyd
|-damage|p2a: Cyd|135\/303
|
|-heal|p2a: Cyd|153\/303|[from] item: Leftovers
|-heal|p1a: Foxfire|80\/100|[from] item: Black Sludge
|upkeep
|turn|26
|
|t:|1658379385
|move|p2a: Cyd|Light Screen|p2a: Cyd
|-sidestart|p2: inkbug1|move: Light Screen
|move|p1a: Foxfire|Draining Kiss|p2a: Cyd
|-damage|p2a: Cyd|87\/303
|-heal|p1a: Foxfire|99\/100|[from] drain|[of] p2a: Cyd
|
|-heal|p2a: Cyd|105\/303|[from] item: Leftovers
|-heal|p1a: Foxfire|100\/100|[from] item: Black Sludge
|upkeep
|turn|27
|
|t:|1658379392
|switch|p1a: Zantedeschia|Resurrectric, M|100\/100
|-start|p1a: Zantedeschia|typechange|Ground\/Electric|[silent]
|move|p2a: Cyd|Hex|p1a: Zantedeschia
|-damage|p1a: Zantedeschia|79\/100
|
|-heal|p2a: Cyd|123\/303|[from] item: Leftovers
|upkeep
|turn|28
|c|☆inkbug1|mmm i cant remember what 
|c|☆inkbug1|moves 
|
|t:|1658379423
|switch|p1a: Cattail|Vaporeon, F|94\/100
|move|p2a: Cyd|Will-O-Wisp|p1a: Cattail
|-status|p1a: Cattail|brn
|
|-heal|p2a: Cyd|141\/303|[from] item: Leftovers
|-heal|p1a: Cattail|99\/100 brn|[from] item: Leftovers
|-damage|p1a: Cattail|94\/100 brn|[from] brn
|upkeep
|turn|29
|c|☆inkbug1|alright fair
|
|t:|1658379446
|switch|p2a: Skully|Scolipede-Variant, M|341\/341
|-start|p2a: Skully|typechange|Bug\/Ground|[silent]
|raw|<ul class="utilichart"><li class="result"><span class="col pokemonnamecol" style="white-space: nowrap">Scolipede-Variant<\/span> <span class="col typecol"><img src="https:\/\/dragonheaven.herokuapp.com\/sprites\/types\/Bug.png" alt="Bug" height="14" width="32"><img src="https:\/\/dragonheaven.herokuapp.com\/sprites\/types\/Ground.png" alt="Ground" height="14" width="32"><\/span> <span style="float: left ; min-height: 26px"><span class="col abilitycol">Poison Heal \/ Swarm \/ Quick Feet<\/span><span class="col abilitycol"><\/span><\/span><\/li><li style="clear: both"><\/li><\/ul>
|raw|<ul class="utilichart"><li class="result"><span style="float: left ; min-height: 26px"><span class="col statcol"><em>HP<\/em><br>100<\/span> <span class="col statcol"><em>Atk<\/em><br>100<\/span> <span class="col statcol"><em>Def<\/em><br>49<\/span> <span class="col statcol"><em>SpA<\/em><br>85<\/span> <span class="col statcol"><em>SpD<\/em><br>39<\/span> <span class="col statcol"><em>Spe<\/em><br>112<\/span> <\/span><\/li><li style="clear: both"><\/li><\/ul>
|-hint|Scolipede-Variant was created by BlueRay!
|move|p1a: Cattail|Heal Bell|p1a: Cattail
|-activate|p1a: Cattail|move: Heal Bell
|-curestatus|p1a: Cattail|brn|[msg]
|
|-heal|p1a: Cattail|99\/100|[from] item: Leftovers
|-status|p2a: Skully|tox|[from] item: Toxic Orb
|upkeep
|turn|30
|c|☆H2OPulse|Oh! Right now Zante is Earthquake, Toxic, Volt Switch, Ice Beam if that's what you were wondering
|c|☆inkbug1|< isnt sure if he can trust this things sub to not break to a flip turn
|c|☆H2OPulse|Yeah--
|
|t:|1658379505
|move|p2a: Skully|Substitute|p2a: Skully
|-start|p2a: Skully|Substitute
|-damage|p2a: Skully|256\/341 tox
|move|p1a: Cattail|Flip Turn|p2a: Skully
|-supereffective|p2a: Skully
|-end|p2a: Skully|Substitute
|c|☆H2OPulse|I was in fact about to try exactly that I'm also wondering
|c|☆H2OPulse|YEAH okay
|c|☆H2OPulse|msjfhkf
|
|t:|1658379523
|switch|p1a: Snakey|Orbeetle-Variant, M|59\/100|[from]move: Flip Turn
|-start|p1a: Snakey|typechange|Bug\/Electric|[silent]
|
|-heal|p2a: Skully|298\/341 tox|[from] ability: Poison Heal
|-sideend|p2: inkbug1|move: Light Screen
|upkeep
|turn|31
|
|t:|1658379543
|move|p2a: Skully|Megahorn|p1a: Snakey
|-damage|p1a: Snakey|6\/100
|-ability|p1a: Snakey|Cotton Down
|-unboost|p2a: Skully|spe|1
|move|p1a: Snakey|Sticky Web|p2a: Skully
|-sidestart|p2: inkbug1|move: Sticky Web
|
|-heal|p2a: Skully|340\/341 tox|[from] ability: Poison Heal
|upkeep
|turn|32
|c|☆H2OPulse|Oh that does a lot
|j|+Paul(Paulluxx)
|
|t:|1658379604
|switch|p1a: Mango|Noivern-Variant, M|100\/100
|-start|p1a: Mango|typechange|Fighting\/Dragon|[silent]
|raw|<ul class="utilichart"><li class="result"><span class="col pokemonnamecol" style="white-space: nowrap">Noivern-Variant<\/span> <span class="col typecol"><img src="https:\/\/dragonheaven.herokuapp.com\/sprites\/types\/Fighting.png" alt="Fighting" height="14" width="32"><img src="https:\/\/dragonheaven.herokuapp.com\/sprites\/types\/Dragon.png" alt="Dragon" height="14" width="32"><\/span> <span style="float: left ; min-height: 26px"><span class="col abilitycol">Levitate<\/span><span class="col abilitycol"><\/span><\/span><\/li><li style="clear: both"><\/li><\/ul>
|raw|<ul class="utilichart"><li class="result"><span style="float: left ; min-height: 26px"><span class="col statcol"><em>HP<\/em><br>95<\/span> <span class="col statcol"><em>Atk<\/em><br>70<\/span> <span class="col statcol"><em>Def<\/em><br>80<\/span> <span class="col statcol"><em>SpA<\/em><br>97<\/span> <span class="col statcol"><em>SpD<\/em><br>80<\/span> <span class="col statcol"><em>Spe<\/em><br>113<\/span> <\/span><\/li><li style="clear: both"><\/li><\/ul>
|-hint|Noivern-Variant was created by Hematite!
|move|p2a: Skully|Swords Dance|p2a: Skully
|-boost|p2a: Skully|atk|2
|
|-heal|p2a: Skully|341\/341 tox|[from] ability: Poison Heal
|upkeep
|turn|33
|c|☆inkbug1|this definitely kills me huh
|c|☆H2OPulse|Oh hi Paul!
|c|☆H2OPulse|Probably yeah
|c|+Paul(Paulluxx)|Hey guys
|c|☆inkbug1|using this thing is terrifying i dont know how to sub
|
|t:|1658379638
|switch|p2a: Juliet|Adourami, F|222\/267
|-start|p2a: Juliet|typechange|Water\/Fairy|[silent]
|-activate|p2a: Juliet|move: Sticky Web
|-unboost|p2a: Juliet|spe|1
|move|p1a: Mango|Draco Meteor|p2a: Juliet
|-immune|p2a: Juliet
|
|upkeep
|turn|34
|
|t:|1658379662
|switch|p1a: Cattail|Vaporeon, F|99\/100
|move|p2a: Juliet|Aqua Ring|p2a: Juliet
|-start|p2a: Juliet|Aqua Ring
|
|-heal|p1a: Cattail|100\/100|[from] item: Leftovers
|-heal|p2a: Juliet|243\/267|[from] Aqua Ring
|upkeep
|turn|35
|
|t:|1658379673
|move|p2a: Juliet|Fake Tears|p1a: Cattail
|-unboost|p1a: Cattail|spd|2
|move|p1a: Cattail|Wish|p1a: Cattail
|
|-heal|p2a: Juliet|264\/267|[from] Aqua Ring
|upkeep
|turn|36
|c|+Paul(Paulluxx)|indigo didn't want to play anymore games cause he said I should go to sleep :[. But this is looking as fun as ever, I'll go build something
|c|☆H2OPulse|I feel bad about it but I do feel kind of safe around this Adourami set right now
|c|☆H2OPulse|Oh hype!!
|c|☆inkbug1|no, thats fair
|
|t:|1658379701
|move|p2a: Juliet|Draining Kiss|p1a: Cattail
|-damage|p1a: Cattail|78\/100
|-heal|p2a: Juliet|267\/267|[from] drain|[of] p1a: Cattail
|move|p1a: Cattail|Flip Turn|p2a: Juliet
|-resisted|p2a: Juliet
|-damage|p2a: Juliet|238\/267
|
|t:|1658379705
|switch|p1a: Snakey|Orbeetle-Variant, M|6\/100|[from]move: Flip Turn
|-start|p1a: Snakey|typechange|Bug\/Electric|[silent]
|
|-heal|p1a: Snakey|78\/100|[from] move: Wish|[wisher] Cattail
|-heal|p2a: Juliet|259\/267|[from] Aqua Ring
|upkeep
|turn|37
|c|☆inkbug1|vaporeon is as stupid as ever
|
|t:|1658379716
|switch|p1a: Foxfire|Shiinotic-Kalos, F|100\/100
|-start|p1a: Foxfire|typechange|Poison\/Fairy|[silent]
|move|p2a: Juliet|Fake Tears|p1a: Foxfire
|-unboost|p1a: Foxfire|spd|2
|
|-heal|p2a: Juliet|267\/267|[from] Aqua Ring
|upkeep
|turn|38
|
|t:|1658379723
|move|p2a: Juliet|Fake Tears|p1a: Foxfire
|-unboost|p1a: Foxfire|spd|2
|move|p1a: Foxfire|Acid Spray|p2a: Juliet
|-supereffective|p2a: Juliet
|-damage|p2a: Juliet|121\/267
|-unboost|p2a: Juliet|spd|2
|
|-heal|p2a: Juliet|142\/267|[from] Aqua Ring
|upkeep
|turn|39
|
|t:|1658379752
|switch|p2a: Prism|Pollugonal, F|353\/383 slp
|-start|p2a: Prism|typechange|Ice\/Poison|[silent]
|move|p1a: Foxfire|Draining Kiss|p2a: Prism
|-resisted|p2a: Prism
|-damage|p2a: Prism|311\/383 slp
|
|upkeep
|turn|40
|
|t:|1658379769
|switch|p1a: Pandorea|Klefki-Galar, F|99\/100
|-start|p1a: Pandorea|typechange|Steel\/Dark|[silent]
|cant|p2a: Prism|slp
|
|-heal|p1a: Pandorea|100\/100|[from] item: Leftovers
|-formechange|p1a: Pandorea|Klefki-Galar-Revealed||[from] ability: Hunger Switch
|-start|p1a: Pandorea|typechange|Fairy\/Dark|[silent]
|-message|Pandorea changed to Revealed Mode!
|upkeep
|turn|41
|c|☆inkbug1|mmmmmmmmmmmmmmmm
|
|t:|1658379779
|-curestatus|p2a: Prism|slp|[msg]
|move|p2a: Prism|Rapid Spin|p1a: Pandorea
|-crit|p1a: Pandorea
|-damage|p1a: Pandorea|87\/100
|-boost|p2a: Prism|spe|1
|-sideend|p2: inkbug1|Sticky Web|[from] move: Rapid Spin|[of] p2a: Prism
|move|p1a: Pandorea|Swords Dance|p1a: Pandorea
|-boost|p1a: Pandorea|atk|2
|
|-heal|p1a: Pandorea|93\/100|[from] item: Leftovers
|-formechange|p1a: Pandorea|Klefki-Galar||[from] ability: Hunger Switch
|-start|p1a: Pandorea|typechange|Steel\/Dark|[silent]
|-message|Pandorea changed to Lure Mode!
|upkeep
|turn|42
|
|t:|1658379803
|switch|p2a: Ruxxtin the Great|Cofagrigus-Unbound, M|125\/319
|-start|p2a: Ruxxtin the Great|typechange|Dark|[silent]
|move|p1a: Pandorea|Swords Dance|p1a: Pandorea
|-boost|p1a: Pandorea|atk|2
|
|-heal|p1a: Pandorea|99\/100|[from] item: Leftovers
|-formechange|p1a: Pandorea|Klefki-Galar-Revealed||[from] ability: Hunger Switch
|-start|p1a: Pandorea|typechange|Fairy\/Dark|[silent]
|-message|Pandorea changed to Revealed Mode!
|upkeep
|turn|43
|c|☆inkbug1|yea
|c|☆inkbug1|idt i can win this
|
|t:|1658379830
|move|p1a: Pandorea|Play Rough|p2a: Ruxxtin the Great
|-supereffective|p2a: Ruxxtin the Great
|-damage|p2a: Ruxxtin the Great|0 fnt
|-damage|p1a: Pandorea|82\/100|[from] item: Rocky Helmet|[of] p2a: Ruxxtin the Great
|faint|p2a: Ruxxtin the Great
|
|-heal|p1a: Pandorea|89\/100|[from] item: Leftovers
|-formechange|p1a: Pandorea|Klefki-Galar||[from] ability: Hunger Switch
|-start|p1a: Pandorea|typechange|Steel\/Dark|[silent]
|-message|Pandorea changed to Lure Mode!
|upkeep
|
|t:|1658379840
|switch|p2a: Juliet|Adourami, F|142\/267
|-start|p2a: Juliet|typechange|Water\/Fairy|[silent]
|turn|44
|
|t:|1658379861
|move|p2a: Juliet|Draining Kiss|p1a: Pandorea
|-damage|p1a: Pandorea|64\/100
|-heal|p2a: Juliet|215\/267|[from] drain|[of] p1a: Pandorea
|move|p1a: Pandorea|Play Rough|p2a: Juliet
|-damage|p2a: Juliet|52\/267
|
|-heal|p1a: Pandorea|70\/100|[from] item: Leftovers
|-formechange|p1a: Pandorea|Klefki-Galar-Revealed||[from] ability: Hunger Switch
|-start|p1a: Pandorea|typechange|Fairy\/Dark|[silent]
|-message|Pandorea changed to Revealed Mode!
|upkeep
|turn|45
|
|t:|1658379898
|move|p1a: Pandorea|Protect|p1a: Pandorea
|-singleturn|p1a: Pandorea|Protect
|move|p2a: Juliet|Draining Kiss|p1a: Pandorea
|-activate|p1a: Pandorea|move: Protect
|
|-heal|p1a: Pandorea|77\/100|[from] item: Leftovers
|-formechange|p1a: Pandorea|Klefki-Galar||[from] ability: Hunger Switch
|-start|p1a: Pandorea|typechange|Steel\/Dark|[silent]
|-message|Pandorea changed to Lure Mode!
|upkeep
|turn|46
|
|t:|1658379917
|move|p2a: Juliet|Fake Tears|p1a: Pandorea
|-unboost|p1a: Pandorea|spd|2
|move|p1a: Pandorea|Knock Off|p2a: Juliet
|-resisted|p2a: Juliet
|-damage|p2a: Juliet|0 fnt
|-enditem|p2a: Juliet|Big Root|[from] move: Knock Off|[of] p1a: Pandorea
|faint|p2a: Juliet
|
|-heal|p1a: Pandorea|83\/100|[from] item: Leftovers
|-formechange|p1a: Pandorea|Klefki-Galar-Revealed||[from] ability: Hunger Switch
|-start|p1a: Pandorea|typechange|Fairy\/Dark|[silent]
|-message|Pandorea changed to Revealed Mode!
|upkeep
|
|t:|1658379931
|switch|p2a: Prism|Pollugonal, F|311\/383
|-start|p2a: Prism|typechange|Ice\/Poison|[silent]
|turn|47
|
|t:|1658379937
|move|p2a: Prism|Freeze-Dry|p1a: Pandorea
|-damage|p1a: Pandorea|18\/100
|move|p1a: Pandorea|Knock Off|p2a: Prism
|-damage|p2a: Prism|0 fnt
|-enditem|p2a: Prism|Heavy-Duty Boots|[from] move: Knock Off|[of] p1a: Pandorea
|faint|p2a: Prism
|
|-heal|p1a: Pandorea|24\/100|[from] item: Leftovers
|-formechange|p1a: Pandorea|Klefki-Galar||[from] ability: Hunger Switch
|-start|p1a: Pandorea|typechange|Steel\/Dark|[silent]
|-message|Pandorea changed to Lure Mode!
|upkeep
|c|☆inkbug1|:\/
|
|t:|1658379949
|switch|p2a: Skully|Scolipede-Variant, M|341\/341 tox
|-start|p2a: Skully|typechange|Bug\/Ground|[silent]
|turn|48
|c|☆H2OPulse|I should maybe have switched to Steel there whoops
|c|☆H2OPulse|but
|
|t:|1658379960
|move|p2a: Skully|Megahorn|p1a: Pandorea
|-damage|p1a: Pandorea|0 fnt
|faint|p1a: Pandorea
|
|upkeep
|
|t:|1658379967
|switch|p1a: Mango|Noivern-Variant, M|100\/100
|-start|p1a: Mango|typechange|Fighting\/Dragon|[silent]
|turn|49
|
|t:|1658379974
|move|p1a: Mango|Draco Meteor|p2a: Skully
|-damage|p2a: Skully|56\/341 tox
|-unboost|p1a: Mango|spa|2
|-enditem|p1a: Mango|Eject Pack
|
|t:|1658379987
|switch|p1a: Zantedeschia|Resurrectric, M|79\/100
|-start|p1a: Zantedeschia|typechange|Ground\/Electric|[silent]
|move|p2a: Skully|Substitute|p2a: Skully
|-fail|p2a: Skully|move: Substitute|[weak]
|
|-heal|p2a: Skully|98\/341 tox|[from] ability: Poison Heal
|upkeep
|turn|50
|c|☆inkbug1|i did kind of forget u were faster tbh
|
|t:|1658379995
|move|p2a: Skully|Protect|p2a: Skully
|-singleturn|p2a: Skully|Protect
|move|p1a: Zantedeschia|Ice Beam|p2a: Skully
|-activate|p2a: Skully|move: Protect
|
|-heal|p2a: Skully|140\/341 tox|[from] ability: Poison Heal
|upkeep
|turn|51
|
|t:|1658380013
|switch|p2a: Cyd|Rotom|141\/303
|move|p1a: Zantedeschia|Ice Beam|p2a: Cyd
|-damage|p2a: Cyd|52\/303
|
|-heal|p2a: Cyd|70\/303|[from] item: Leftovers
|upkeep
|turn|52
|c|☆H2OPulse|I think only by 1 point
|
|t:|1658380023
|move|p2a: Cyd|Light Screen|p2a: Cyd
|-sidestart|p2: inkbug1|move: Light Screen
|move|p1a: Zantedeschia|Ice Beam|p2a: Cyd
|-damage|p2a: Cyd|26\/303
|-status|p2a: Cyd|frz
|
|-heal|p2a: Cyd|44\/303 frz|[from] item: Leftovers
|upkeep
|turn|53
|c|☆H2OPulse|ONDF SORRY
|c|☆inkbug1|yeah 
|
|t:|1658380044
|-curestatus|p2a: Cyd|frz|[msg]
|move|p2a: Cyd|Will-O-Wisp|p1a: Zantedeschia|[miss]
|-miss|p2a: Cyd|p1a: Zantedeschia
|move|p1a: Zantedeschia|Ice Beam|p2a: Cyd
|-damage|p2a: Cyd|0 fnt
|faint|p2a: Cyd
|
|upkeep
|c|☆H2OPulse|MSMJFK
|c|☆inkbug1|you tried 
|
|t:|1658380051
|switch|p2a: Skully|Scolipede-Variant, M|140\/341 tox
|-start|p2a: Skully|typechange|Bug\/Ground|[silent]
|turn|54
|
|t:|1658380065
|move|p2a: Skully|Substitute|p2a: Skully
|-start|p2a: Skully|Substitute
|-damage|p2a: Skully|55\/341 tox
|move|p1a: Zantedeschia|Ice Beam|p2a: Skully
|-supereffective|p2a: Skully
|-end|p2a: Skully|Substitute
|
|-heal|p2a: Skully|97\/341 tox|[from] ability: Poison Heal
|upkeep
|turn|55
|
|t:|1658380073
|move|p2a: Skully|Megahorn|p1a: Zantedeschia
|-damage|p1a: Zantedeschia|41\/100
|move|p1a: Zantedeschia|Ice Beam|p2a: Skully
|-supereffective|p2a: Skully
|-damage|p2a: Skully|0 fnt
|faint|p2a: Skully
|
|win|H2OPulse
|c|☆inkbug1|so moral of the story is 
|c|☆H2OPulse|Good game :'D
|c|☆inkbug1|i still dont know how to use sets, </script>
</div>
<div class="battle-log battle-log-inline"><div class="inner"><div class="battle-options"><div style="padding-top: 3px; padding-right: 3px; text-align: right"><button class="icon button" name="openBattleOptions" title="Options">Battle Options</button></div></div><div class="inner message-log"><div class="chat"><small>☆H2OPulse and ☆inkbug1 joined</small></div><div class=""><small>Format:</small> <br><strong>[Gen 8] Evolution Project</strong></div><div class=""><small><em>HP Percentage Mod:</em> HP is shown in percentages</small></div><div class=""><small><em>Endless Battle Clause:</em> Forcing endless battles is banned</small></div><div class=""><small><em>OHKO Clause:</em> OHKO moves are banned</small></div><div class=""><small><em>Evasion Moves Clause:</em> Evasion moves are banned</small></div><div class=""><small><em>Species Clause:</em> Limit one of each Pokémon</small></div><div class=""><small><em>Dynamax Clause:</em> You cannot dynamax</small></div><div class=""><small><em>Sleep Clause Mod:</em> Limit one foe put to sleep</small></div><div class=""><small><em>Z-Move Clause:</em> Type-based Z-Moves are banned</small></div><div class="chat battle-history"><strong>H2OPulse's team:</strong> <em style="color:#445566;display:block;">Orbeetle-Variant / Shiinotic-Kalos / Klefki-Galar / Vaporeon / Noivern-Variant / Resurrectric</em></div><div class="chat battle-history"><strong>inkbug1's team:</strong> <em style="color:#445566;display:block;">Pollugonal / Cofagrigus-Unbound / Rotom / Plaguicate / Adourami / Scolipede-Variant</em></div><div class="chat chatmessage-inkbug1 mine"><strong style="color:#e46e0f"><small>☆</small><span class="username" data-name="inkbug1">inkbug1</span>:</strong> <em>hewwo i remember absolutely none of this</em></div><div class="chat chatmessage-inkbug1 mine"><strong style="color:#e46e0f"><small>☆</small><span class="username" data-name="inkbug1">inkbug1</span>:</strong> <em>gl hf</em></div><div class="chat chatmessage-h2opulse"><strong style="color:#6e8c2b"><small>☆</small><span class="username" data-name="H2OPulse">H2OPulse</span>:</strong> <em>MSKFH NICE</em></div><div class="chat chatmessage-h2opulse"><strong style="color:#6e8c2b"><small>☆</small><span class="username" data-name="H2OPulse">H2OPulse</span>:</strong> <em>Good luck and have fun!!! OO:</em></div><div class="chat chatmessage-inkbug1 mine"><strong style="color:#e46e0f"><small>☆</small><span class="username" data-name="inkbug1">inkbug1</span>:</strong> <em>what the fuck is wrong with this adourami what was i DOING</em></div><div class="chat chatmessage-inkbug1 mine"><strong style="color:#e46e0f"><small>☆</small><span class="username" data-name="inkbug1">inkbug1</span>:</strong> <em>ahem</em></div><div class="chat chatmessage-h2opulse"><strong style="color:#6e8c2b"><small>☆</small><span class="username" data-name="H2OPulse">H2OPulse</span>:</strong> <em>Trying something <i>just a little</i> different with Zante's EVs than before - I'm curious to see if I like</em></div><div class="chat chatmessage-h2opulse"><strong style="color:#6e8c2b"><small>☆</small><span class="username" data-name="H2OPulse">H2OPulse</span>:</strong> <em>notice a difference for better or worse</em></div><div class="chat chatmessage-inkbug1 mine"><strong style="color:#e46e0f"><small>☆</small><span class="username" data-name="inkbug1">inkbug1</span>:</strong> <em>interesting ok O: </em></div><div class="spacer battle-history"><br></div><div class="battle-history">Battle started between H2OPulse and inkbug1!<br></div><div class="spacer battle-history"><br></div><div class="battle-history">H2OPulse sent out Snakey (<strong>Orbeetle-Variant</strong>)!<br></div><div class="spacer battle-history"><br></div><div class="battle-history">Go! Ratsploder Runway (<strong>Plaguicate</strong>)!<br></div><div class="chat"><ul class="utilichart"><li class="result"><span class="col pokemonnamecol" style="white-space: nowrap">Plaguicate</span> <span class="col typecol"><img src="https://dragonheaven.herokuapp.com/sprites/types/Normal.png" alt="Normal" height="14" width="32"><img src="https://dragonheaven.herokuapp.com/sprites/types/Poison.png" alt="Poison" height="14" width="32"></span> <span style="float: left ; min-height: 26px"><span class="col abilitycol">Poison Touch / Guts / Hustle</span><span class="col abilitycol"></span></span></li><li style="clear: both"></li></ul></div><div class="chat"><ul class="utilichart"><li class="result"><span style="float: left ; min-height: 26px"><span class="col statcol"><em>HP</em><br>75</span> <span class="col statcol"><em>Atk</em><br>91</span> <span class="col statcol"><em>Def</em><br>80</span> <span class="col statcol"><em>SpA</em><br>65</span> <span class="col statcol"><em>SpD</em><br>90</span> <span class="col statcol"><em>Spe</em><br>97</span> </span></li><li style="clear: both"></li></ul></div><div class="battle-history"><small>(Plaguicate was created by ausma!)</small><br></div><div class="chat"><ul class="utilichart"><li class="result"><span class="col pokemonnamecol" style="white-space: nowrap">Orbeetle-Variant</span> <span class="col typecol"><img src="https://dragonheaven.herokuapp.com/sprites/types/Bug.png" alt="Bug" height="14" width="32"><img src="https://dragonheaven.herokuapp.com/sprites/types/Electric.png" alt="Electric" height="14" width="32"></span> <span style="float: left ; min-height: 26px"><span class="col abilitycol">Swarm / Frisk / Cotton Down</span><span class="col abilitycol"></span></span></li><li style="clear: both"></li></ul></div><div class="chat"><ul class="utilichart"><li class="result"><span style="float: left ; min-height: 26px"><span class="col statcol"><em>HP</em><br>60</span> <span class="col statcol"><em>Atk</em><br>45</span> <span class="col statcol"><em>Def</em><br>110</span> <span class="col statcol"><em>SpA</em><br>120</span> <span class="col statcol"><em>SpD</em><br>80</span> <span class="col statcol"><em>Spe</em><br>90</span> </span></li><li style="clear: both"></li></ul></div><div class="battle-history"><small>(Orbeetle-Variant was created by Magmajudis!)</small><br></div><div class="spacer battle-history"><br></div><h2 class="battle-history">Turn 1</h2><div class="spacer battle-history"><br></div><div class="battle-history">Ratsploder Runway used <strong>Poison Fang</strong>!<br></div><div class="battle-history"><small>A critical hit!</small><br></div><div class="battle-history"><small>(The opposing Snakey lost 28% of its health!)</small><br></div><div class="battle-history">[Ratsploder Runway's Poison Touch]<br><small>The opposing Snakey was poisoned!</small><br></div><div class="battle-history">[The opposing Snakey's Cotton Down]<br></div><div class="battle-history"><small>Ratsploder Runway's Speed fell!</small><br></div><div class="spacer battle-history"><br></div><div class="battle-history">The opposing Snakey used <strong>Sticky Web</strong>!<br></div><div class="battle-history"><small>A sticky web has been laid out on the ground around your team!</small><br></div><div class="spacer battle-history"><br></div><div class="battle-history"><small>The opposing Snakey was hurt by poison!</small><br></div><div class="spacer battle-history"><br></div><h2 class="battle-history">Turn 2</h2><div class="spacer battle-history"><br></div><div class="battle-history">H2OPulse withdrew Snakey!<br></div><div class="battle-history">H2OPulse sent out Pandorea (<strong>Klefki-Galar</strong>)!<br></div><div class="chat"><ul class="utilichart"><li class="result"><span class="col pokemonnamecol" style="white-space: nowrap">Klefki-Galar</span> <span class="col typecol"><img src="https://dragonheaven.herokuapp.com/sprites/types/Steel.png" alt="Steel" height="14" width="32"><img src="https://dragonheaven.herokuapp.com/sprites/types/Dark.png" alt="Dark" height="14" width="32"></span> <span style="float: left ; min-height: 26px"><span class="col abilitycol">Hunger Switch</span><span class="col abilitycol"></span></span></li><li style="clear: both"></li></ul></div><div class="chat"><ul class="utilichart"><li class="result"><span style="float: left ; min-height: 26px"><span class="col statcol"><em>HP</em><br>57</span> <span class="col statcol"><em>Atk</em><br>60</span> <span class="col statcol"><em>Def</em><br>106</span> <span class="col statcol"><em>SpA</em><br>70</span> <span class="col statcol"><em>SpD</em><br>87</span> <span class="col statcol"><em>Spe</em><br>90</span> </span></li><li style="clear: both"></li></ul></div><div class="battle-history"><small>(Klefki-Galar was created by Albatross!)</small><br></div><div class="spacer battle-history"><br></div><div class="battle-history">Ratsploder Runway used <strong>Swords Dance</strong>!<br></div><div class="battle-history"><small>Ratsploder Runway's Attack rose sharply!</small><br></div><div class="spacer battle-history"><br></div><div class="battle-history">[The opposing Pandorea's Hunger Switch]<br></div><div class="battle-history"><small>Pandorea changed to Revealed Mode!</small><br></div><div class="chat"><ul class="utilichart"><li class="result"><span class="col pokemonnamecol" style="white-space: nowrap">Klefki-Galar-Revealed</span> <span class="col typecol"><img src="https://dragonheaven.herokuapp.com/sprites/types/Fairy.png" alt="Fairy" height="14" width="32"><img src="https://dragonheaven.herokuapp.com/sprites/types/Dark.png" alt="Dark" height="14" width="32"></span> <span style="float: left ; min-height: 26px"><span class="col abilitycol">Hunger Switch</span><span class="col abilitycol"></span></span><span style="float: left ; min-height: 26px"><span class="col statcol"><em>HP</em><br>57</span> <span class="col statcol"><em>Atk</em><br>116</span> <span class="col statcol"><em>Def</em><br>50</span> <span class="col statcol"><em>SpA</em><br>70</span> <span class="col statcol"><em>SpD</em><br>87</span> <span class="col statcol"><em>Spe</em><br>90</span> </span></li><li style="clear: both"></li></ul></div><div class="spacer battle-history"><br></div><h2 class="battle-history">Turn 3</h2><div class="chat chatmessage-h2opulse"><strong style="color:#6e8c2b"><small>☆</small><span class="username" data-name="H2OPulse">H2OPulse</span>:</strong> <em>Ummmm hmm</em></div><div class="chat chatmessage-h2opulse"><strong style="color:#6e8c2b"><small>☆</small><span class="username" data-name="H2OPulse">H2OPulse</span>:</strong> <em>That was a bad choice for me</em></div><div class="spacer battle-history"><br></div><div class="battle-history">The opposing Pandorea used <strong>Protect</strong>!<br></div><div class="battle-history"><small>The opposing Pandorea protected itself!</small><br></div><div class="spacer battle-history"><br></div><div class="battle-history">Ratsploder Runway used <strong>Poison Fang</strong>!<br></div><div class="battle-history"><small>The opposing Pandorea protected itself!</small><br></div><div class="spacer battle-history"><br></div><div class="battle-history">[The opposing Pandorea's Hunger Switch]<br></div><div class="battle-history"><small>Pandorea changed to Lure Mode!</small><br></div><div class="spacer battle-history"><br></div><h2 class="battle-history">Turn 4</h2><div class="spacer battle-history"><br></div><div class="battle-history">The opposing Pandorea used <strong>Knock Off</strong>!<br></div><div class="battle-history"><small>(Ratsploder Runway lost <abbr title="−105/291">36.1%</abbr> of its health!)</small><br></div><div class="battle-history"><small>The opposing Pandorea knocked off Ratsploder Runway's Black Sludge!</small><br></div><div class="spacer battle-history"><br></div><div class="battle-history">Ratsploder Runway used <strong>U-turn</strong>!<br></div><div class="battle-history"><small>(The opposing Pandorea lost 39% of its health!)</small><br></div><div class="spacer battle-history"><br></div><div class="battle-history">Ratsploder Runway went back to inkbug1!<br></div><div class="battle-history">Go! Ruxxtin the Great (<strong>Cofagrigus-Unbound</strong>)!<br></div><div class="chat"><ul class="utilichart"><li class="result"><span class="col pokemonnamecol" style="white-space: nowrap">Cofagrigus-Unbound</span> <span class="col typecol"><img src="https://dragonheaven.herokuapp.com/sprites/types/Dark.png" alt="Dark" height="14" width="32"></span> <span style="float: left ; min-height: 26px"><span class="col abilitycol">Pickpocket / Unburden</span><span class="col abilitycol"></span></span></li><li style="clear: both"></li></ul></div><div class="chat"><ul class="utilichart"><li class="result"><span style="float: left ; min-height: 26px"><span class="col statcol"><em>HP</em><br>58</span> <span class="col statcol"><em>Atk</em><br>95</span> <span class="col statcol"><em>Def</em><br>145</span> <span class="col statcol"><em>SpA</em><br>50</span> <span class="col statcol"><em>SpD</em><br>90</span> <span class="col statcol"><em>Spe</em><br>45</span> </span></li><li style="clear: both"></li></ul></div><div class="battle-history"><small>(Cofagrigus-Unbound was created by inkbug!)</small><br></div><div class="battle-history"><small>Ruxxtin the Great was caught in a sticky web!</small><br></div><div class="battle-history"><small>Ruxxtin the Great's Speed fell!</small><br></div><div class="spacer battle-history"><br></div><div class="battle-history"><small>The opposing Pandorea restored a little HP using its Leftovers!</small><br></div><div class="battle-history">[The opposing Pandorea's Hunger Switch]<br></div><div class="battle-history"><small>Pandorea changed to Revealed Mode!</small><br></div><div class="spacer battle-history"><br></div><h2 class="battle-history">Turn 5</h2><div class="spacer battle-history"><br></div><div class="battle-history">The opposing Pandorea used <strong>Play Rough</strong>!<br></div><div class="battle-history"><small>It's super effective!</small><br></div><div class="battle-history"><small>(Ruxxtin the Great lost <abbr title="−194/319">60.8%</abbr> of its health!)</small><br></div><div class="battle-history"><small>The opposing Pandorea was hurt by the Rocky Helmet!</small><br></div><div class="spacer battle-history"><br></div><div class="battle-history">Ruxxtin the Great used <strong>Body Press</strong>!<br></div><div class="battle-history"><small>(The opposing Pandorea lost 45% of its health!)</small><br></div><div class="spacer battle-history"><br></div><div class="battle-history"><small>The opposing Pandorea restored a little HP using its Leftovers!</small><br></div><div class="battle-history">[The opposing Pandorea's Hunger Switch]<br></div><div class="battle-history"><small>Pandorea changed to Lure Mode!</small><br></div><div class="spacer battle-history"><br></div><h2 class="battle-history">Turn 6</h2><div class="spacer battle-history"><br></div><div class="battle-history">The opposing Pandorea used <strong>Protect</strong>!<br></div><div class="battle-history"><small>The opposing Pandorea protected itself!</small><br></div><div class="spacer battle-history"><br></div><div class="battle-history">Ruxxtin the Great used <strong>Toxic Spikes</strong>!<br></div><div class="battle-history"><small>Poison spikes were scattered on the ground all around the opposing team!</small><br></div><div class="spacer battle-history"><br></div><div class="battle-history"><small>The opposing Pandorea restored a little HP using its Leftovers!</small><br></div><div class="battle-history">[The opposing Pandorea's Hunger Switch]<br></div><div class="battle-history"><small>Pandorea changed to Revealed Mode!</small><br></div><div class="spacer battle-history"><br></div><h2 class="battle-history">Turn 7</h2><div class="spacer battle-history"><br></div><div class="battle-history">H2OPulse withdrew Pandorea!<br></div><div class="battle-history">H2OPulse sent out Foxfire (<strong>Shiinotic-Kalos</strong>)!<br></div><div class="battle-history"><small>The poison spikes disappeared from the ground around the opposing team!</small><br></div><div class="chat"><ul class="utilichart"><li class="result"><span class="col pokemonnamecol" style="white-space: nowrap">Shiinotic-Kalos</span> <span class="col typecol"><img src="https://dragonheaven.herokuapp.com/sprites/types/Poison.png" alt="Poison" height="14" width="32"><img src="https://dragonheaven.herokuapp.com/sprites/types/Fairy.png" alt="Fairy" height="14" width="32"></span> <span style="float: left ; min-height: 26px"><span class="col abilitycol">Illuminate / Effect Spore / Technician</span><span class="col abilitycol"></span></span></li><li style="clear: both"></li></ul></div><div class="chat"><ul class="utilichart"><li class="result"><span style="float: left ; min-height: 26px"><span class="col statcol"><em>HP</em><br>60</span> <span class="col statcol"><em>Atk</em><br>61</span> <span class="col statcol"><em>Def</em><br>60</span> <span class="col statcol"><em>SpA</em><br>90</span> <span class="col statcol"><em>SpD</em><br>80</span> <span class="col statcol"><em>Spe</em><br>54</span> </span></li><li style="clear: both"></li></ul></div><div class="battle-history"><small>(Shiinotic-Kalos was created by Hematite!)</small><br></div><div class="spacer battle-history"><br></div><div class="battle-history">Ruxxtin the Great, come back!<br></div><div class="battle-history">Go! Prism (<strong>Pollugonal</strong>)!<br></div><div class="chat"><ul class="utilichart"><li class="result"><span class="col pokemonnamecol" style="white-space: nowrap">Pollugonal</span> <span class="col typecol"><img src="https://dragonheaven.herokuapp.com/sprites/types/Ice.png" alt="Ice" height="14" width="32"><img src="https://dragonheaven.herokuapp.com/sprites/types/Poison.png" alt="Poison" height="14" width="32"></span> <span style="float: left ; min-height: 26px"><span class="col abilitycol">Levitate</span><span class="col abilitycol"></span></span></li><li style="clear: both"></li></ul></div><div class="chat"><ul class="utilichart"><li class="result"><span style="float: left ; min-height: 26px"><span class="col statcol"><em>HP</em><br>90</span> <span class="col statcol"><em>Atk</em><br>50</span> <span class="col statcol"><em>Def</em><br>50</span> <span class="col statcol"><em>SpA</em><br>95</span> <span class="col statcol"><em>SpD</em><br>140</span> <span class="col statcol"><em>Spe</em><br>105</span> </span></li><li style="clear: both"></li></ul></div><div class="battle-history"><small>(Pollugonal was created by Magmajudis!)</small><br></div><div class="spacer battle-history"><br></div><h2 class="battle-history">Turn 8</h2><div class="spacer battle-history"><br></div><div class="battle-history">Prism used <strong>Rapid Spin</strong>!<br></div><div class="battle-history"><small>(The opposing Foxfire lost 9% of its health!)</small><br></div><div class="battle-history"><small>Prism's Speed rose!</small><br></div><div class="battle-history"><small>The sticky web has disappeared from the ground around your team!</small><br></div><div class="spacer battle-history"><br></div><div class="battle-history">The opposing Foxfire used <strong>Spore</strong>!<br></div><div class="battle-history"><small>Prism fell asleep!</small><br></div><div class="spacer battle-history"><br></div><div class="battle-history"><small>The opposing Foxfire restored a little HP using its Black Sludge!</small><br></div><div class="spacer battle-history"><br></div><h2 class="battle-history">Turn 9</h2><div class="spacer battle-history"><br></div><div class="battle-history">Prism, come back!<br></div><div class="battle-history">Go! Cyd (<strong>Rotom</strong>)!<br></div><div class="spacer battle-history"><br></div><div class="battle-history">The opposing Foxfire used <strong>Hidden Power</strong>!<br></div><div class="battle-history"><small>(Cyd lost <abbr title="−108/303">35.6%</abbr> of its health!)</small><br></div><div class="spacer battle-history"><br></div><div class="battle-history"><small>Cyd restored a little HP using its Leftovers!</small><br></div><div class="battle-history"><small>The opposing Foxfire restored a little HP using its Black Sludge!</small><br></div><div class="spacer battle-history"><br></div><h2 class="battle-history">Turn 10</h2><div class="spacer battle-history"><br></div><div class="battle-history">Cyd used <strong>Light Screen</strong>!<br></div><div class="battle-history"><small>Light Screen made your team stronger against special moves!</small><br></div><div class="spacer battle-history"><br></div><div class="battle-history">The opposing Foxfire used <strong>Acid Spray</strong>!<br></div><div class="battle-history"><small>It's not very effective...</small><br></div><div class="battle-history"><small>(Cyd lost <abbr title="−23/303">7.6%</abbr> of its health!)</small><br></div><div class="battle-history"><small>Cyd's Sp. Def fell harshly!</small><br></div><div class="spacer battle-history"><br></div><div class="battle-history"><small>Cyd restored a little HP using its Leftovers!</small><br></div><div class="spacer battle-history"><br></div><h2 class="battle-history">Turn 11</h2><div class="spacer battle-history"><br></div><div class="battle-history">Cyd used <strong>Volt Switch</strong>!<br></div><div class="battle-history"><small>(The opposing Foxfire lost 34% of its health!)</small><br></div><div class="spacer battle-history"><br></div><div class="battle-history">Cyd went back to inkbug1!<br></div><div class="battle-history">Go! Ratsploder Runway (<strong>Plaguicate</strong>)!<br></div><div class="spacer battle-history"><br></div><div class="battle-history">The opposing Foxfire used <strong>Draining Kiss</strong>!<br></div><div class="battle-history"><small>It's not very effective...</small><br></div><div class="battle-history"><small>(Ratsploder Runway lost <abbr title="−27/291">9.3%</abbr> of its health!)</small><br></div><div class="battle-history"><small>Ratsploder Runway had its energy drained!</small><br></div><div class="spacer battle-history"><br></div><div class="battle-history"><small>The opposing Foxfire restored a little HP using its Black Sludge!</small><br></div><div class="spacer battle-history"><br></div><h2 class="battle-history">Turn 12</h2><div class="spacer battle-history"><br></div><div class="battle-history">H2OPulse withdrew Foxfire!<br></div><div class="battle-history">H2OPulse sent out Zantedeschia (<strong>Resurrectric</strong>)!<br></div><div class="chat"><ul class="utilichart"><li class="result"><span class="col pokemonnamecol" style="white-space: nowrap">Resurrectric</span> <span class="col typecol"><img src="https://dragonheaven.herokuapp.com/sprites/types/Ground.png" alt="Ground" height="14" width="32"><img src="https://dragonheaven.herokuapp.com/sprites/types/Electric.png" alt="Electric" height="14" width="32"></span> <span style="float: left ; min-height: 26px"><span class="col abilitycol">Inner Focus / Lightning Rod / Battle Armor</span><span class="col abilitycol"></span></span></li><li style="clear: both"></li></ul></div><div class="chat"><ul class="utilichart"><li class="result"><span style="float: left ; min-height: 26px"><span class="col statcol"><em>HP</em><br>80</span> <span class="col statcol"><em>Atk</em><br>60</span> <span class="col statcol"><em>Def</em><br>130</span> <span class="col statcol"><em>SpA</em><br>90</span> <span class="col statcol"><em>SpD</em><br>80</span> <span class="col statcol"><em>Spe</em><br>45</span> </span></li><li style="clear: both"></li></ul></div><div class="battle-history"><small>(Resurrectric was created by Hematite!)</small><br></div><div class="spacer battle-history"><br></div><div class="battle-history">Ratsploder Runway used <strong>Swords Dance</strong>!<br></div><div class="battle-history"><small>Ratsploder Runway's Attack rose sharply!</small><br></div><div class="spacer battle-history"><br></div><h2 class="battle-history">Turn 13</h2><div class="chat"><div class="infobox">Ground:<br><span class="message-effect-weak">Weaknesses</span>: Grass, Ice, Water<br><span class="message-effect-resist">Resistances</span>: Poison, Rock<br><span class="message-effect-immune">Immunities</span>: Electric, Sandstorm damage</div></div><div class="spacer battle-history"><br></div><div class="battle-history">Ratsploder Runway used <strong>Fury Swipes</strong>!<br></div><div class="battle-history"><small>(The opposing Zantedeschia lost 10% of its health!)</small><br></div><div class="battle-history"><small>(The opposing Zantedeschia lost 12% of its health!)</small><br></div><div class="battle-history"><small>(The opposing Zantedeschia lost 10% of its health!)</small><br></div><div class="battle-history">[Ratsploder Runway's Poison Touch]<br><small>The opposing Zantedeschia was poisoned!</small><br></div><div class="battle-history"><small>(The opposing Zantedeschia lost 12% of its health!)</small><br></div><div class="battle-history"><small>The Pokémon was hit 4 times!</small><br></div><div class="spacer battle-history"><br></div><div class="battle-history">The opposing Zantedeschia used <strong>Earthquake</strong>!<br></div><div class="battle-history"><small>It's super effective!</small><br></div><div class="battle-history"><small>(Ratsploder Runway lost <abbr title="−159/291">54.6%</abbr> of its health!)</small><br></div><div class="spacer battle-history"><br></div><div class="battle-history">Ratsploder Runway fainted!<br></div><div class="spacer battle-history"><br></div><div class="battle-history"><small>The opposing Zantedeschia was hurt by poison!</small><br></div><div class="chat chatmessage-inkbug1 mine"><strong style="color:#e46e0f"><small>☆</small><span class="username" data-name="inkbug1">inkbug1</span>:</strong> <em>oh no my bluff</em></div><div class="chat chatmessage-h2opulse"><strong style="color:#6e8c2b"><small>☆</small><span class="username" data-name="H2OPulse">H2OPulse</span>:</strong> <em>Mad respect</em></div><div class="chat chatmessage-h2opulse"><strong style="color:#6e8c2b"><small>☆</small><span class="username" data-name="H2OPulse">H2OPulse</span>:</strong> <em>Shfjfjf</em></div><div class="spacer battle-history"><br></div><div class="battle-history">Go! Cyd (<strong>Rotom</strong>)!<br></div><div class="spacer battle-history"><br></div><h2 class="battle-history">Turn 14</h2><div class="spacer battle-history"><br></div><div class="battle-history">H2OPulse withdrew Zantedeschia!<br></div><div class="battle-history">H2OPulse sent out Cattail (<strong>Vaporeon</strong>)!<br></div><div class="spacer battle-history"><br></div><div class="battle-history">Cyd used <strong>Hex</strong>!<br></div><div class="battle-history"><small>(The opposing Cattail lost 11% of its health!)</small><br></div><div class="spacer battle-history"><br></div><div class="battle-history"><small>Cyd restored a little HP using its Leftovers!</small><br></div><div class="battle-history"><small>The opposing Cattail restored a little HP using its Leftovers!</small><br></div><div class="battle-history"><small>Your team's Light Screen wore off!</small><br></div><div class="spacer battle-history"><br></div><h2 class="battle-history">Turn 15</h2><div class="spacer battle-history"><br></div><div class="battle-history">Cyd used <strong>Will-O-Wisp</strong>!<br></div><div class="battle-history"><small>The opposing Cattail avoided the attack!</small><br></div><div class="spacer battle-history"><br></div><div class="battle-history">The opposing Cattail used <strong>Heal Bell</strong>!<br></div><div class="battle-history"><small>A bell chimed!</small><br></div><div class="battle-history"><small>The opposing Snakey was cured of its poisoning!</small><br></div><div class="battle-history"><small>The opposing Zantedeschia was cured of its poisoning!</small><br></div><div class="spacer battle-history"><br></div><div class="battle-history"><small>Cyd restored a little HP using its Leftovers!</small><br></div><div class="battle-history"><small>The opposing Cattail restored a little HP using its Leftovers!</small><br></div><div class="spacer battle-history"><br></div><h2 class="battle-history">Turn 16</h2><div class="chat chatmessage-h2opulse"><strong style="color:#6e8c2b"><small>☆</small><span class="username" data-name="H2OPulse">H2OPulse</span>:</strong> <em>WELL AT LEAST THE MISS DIDN'T MATTER</em></div><div class="chat chatmessage-inkbug1 mine"><strong style="color:#e46e0f"><small>☆</small><span class="username" data-name="inkbug1">inkbug1</span>:</strong> <em>asdfafdasfd</em></div><div class="chat chatmessage-h2opulse"><strong style="color:#6e8c2b"><small>☆</small><span class="username" data-name="H2OPulse">H2OPulse</span>:</strong> <em>you can't prove she dodged it</em></div><div class="chat chatmessage-h2opulse"><strong style="color:#6e8c2b"><small>☆</small><span class="username" data-name="H2OPulse">H2OPulse</span>:</strong> <em>you can't</em></div><div class="spacer battle-history"><br></div><div class="battle-history">Cyd, come back!<br></div><div class="battle-history">Go! Juliet (<strong>Adourami</strong>)!<br></div><div class="chat"><ul class="utilichart"><li class="result"><span class="col pokemonnamecol" style="white-space: nowrap">Adourami</span> <span class="col typecol"><img src="https://dragonheaven.herokuapp.com/sprites/types/Water.png" alt="Water" height="14" width="32"><img src="https://dragonheaven.herokuapp.com/sprites/types/Fairy.png" alt="Fairy" height="14" width="32"></span> <span style="float: left ; min-height: 26px"><span class="col abilitycol">Swift Swim / Soul-Heart / Unburden</span><span class="col abilitycol"></span></span></li><li style="clear: both"></li></ul></div><div class="chat"><ul class="utilichart"><li class="result"><span style="float: left ; min-height: 26px"><span class="col statcol"><em>HP</em><br>63</span> <span class="col statcol"><em>Atk</em><br>30</span> <span class="col statcol"><em>Def</em><br>85</span> <span class="col statcol"><em>SpA</em><br>95</span> <span class="col statcol"><em>SpD</em><br>105</span> <span class="col statcol"><em>Spe</em><br>112</span> </span></li><li style="clear: both"></li></ul></div><div class="battle-history"><small>(Adourami was created by BlueRay!)</small><br></div><div class="spacer battle-history"><br></div><div class="battle-history">The opposing Cattail used <strong>Wish</strong>!<br></div><div class="spacer battle-history"><br></div><h2 class="battle-history">Turn 17</h2><div class="chat chatmessage-inkbug1 mine"><strong style="color:#e46e0f"><small>☆</small><span class="username" data-name="inkbug1">inkbug1</span>:</strong> <em>its true</em></div><div class="spacer battle-history"><br></div><div class="battle-history">Juliet used <strong>Substitute</strong>!<br></div><div class="battle-history"><small>Juliet put in a substitute!</small><br></div><div class="battle-history"><small>(Juliet lost <abbr title="−66/267">24.7%</abbr> of its health!)</small><br></div><div class="spacer battle-history"><br></div><div class="battle-history">The opposing Cattail used <strong>Flip Turn</strong>!<br></div><div class="battle-history"><small>It's not very effective...</small><br></div><div class="battle-history"><small>The substitute took damage for Juliet!</small><br></div><div class="spacer battle-history"><br></div><div class="battle-history">H2OPulse withdrew Cattail!<br></div><div class="battle-history">H2OPulse sent out Zantedeschia (<strong>Resurrectric</strong>)!<br></div><div class="spacer battle-history"><br></div><div class="battle-history"><small>Cattail's wish came true!</small><br></div><div class="spacer battle-history"><br></div><h2 class="battle-history">Turn 18</h2><div class="spacer battle-history"><br></div><div class="battle-history">H2OPulse withdrew Zantedeschia!<br></div><div class="battle-history">H2OPulse sent out Cattail (<strong>Vaporeon</strong>)!<br></div><div class="spacer battle-history"><br></div><div class="battle-history">Juliet used <strong>Aqua Ring</strong>!<br></div><div class="battle-history"><small>Juliet surrounded itself with a veil of water!</small><br></div><div class="spacer battle-history"><br></div><div class="battle-history"><small>A veil of water restored Juliet's HP!</small><br></div><div class="spacer battle-history"><br></div><h2 class="battle-history">Turn 19</h2><div class="spacer battle-history"><br></div><div class="battle-history">Juliet used <strong>Draining Kiss</strong>!<br></div><div class="battle-history"><small>(The opposing Cattail lost 12% of its health!)</small><br></div><div class="battle-history"><small>The opposing Cattail had its energy drained!</small><br></div><div class="spacer battle-history"><br></div><div class="battle-history">The opposing Cattail used <strong>Wish</strong>!<br></div><div class="spacer battle-history"><br></div><div class="battle-history"><small>The opposing Cattail restored a little HP using its Leftovers!</small><br></div><div class="spacer battle-history"><br></div><h2 class="battle-history">Turn 20</h2><div class="chat chatmessage-h2opulse"><strong style="color:#6e8c2b"><small>☆</small><span class="username" data-name="H2OPulse">H2OPulse</span>:</strong> <em>(I don't know well enough what Adourami does so I am just going to keep acting like it's passive until I figure out exactly how to regret it I hope you know that)</em></div><div class="spacer battle-history"><br></div><div class="battle-history">Juliet used <strong>Fake Tears</strong>!<br></div><div class="battle-history"><small>The opposing Cattail's Sp. Def fell harshly!</small><br></div><div class="spacer battle-history"><br></div><div class="battle-history">The opposing Cattail used <strong>Flip Turn</strong>!<br></div><div class="battle-history"><small>It's not very effective...</small><br></div><div class="battle-history"><small>The substitute took damage for Juliet!</small><br></div><div class="spacer battle-history"><br></div><div class="battle-history">H2OPulse withdrew Cattail!<br></div><div class="battle-history">H2OPulse sent out Pandorea (<strong>Klefki-Galar</strong>)!<br></div><div class="spacer battle-history"><br></div><div class="battle-history"><small>Cattail's wish came true!</small><br></div><div class="battle-history"><small>The opposing Pandorea restored a little HP using its Leftovers!</small><br></div><div class="battle-history">[The opposing Pandorea's Hunger Switch]<br></div><div class="battle-history"><small>Pandorea changed to Revealed Mode!</small><br></div><div class="spacer battle-history"><br></div><h2 class="battle-history">Turn 21</h2><div class="chat chatmessage-h2opulse"><strong style="color:#6e8c2b"><small>☆</small><span class="username" data-name="H2OPulse">H2OPulse</span>:</strong> <em>OH THAT'S FUN</em></div><div class="spacer battle-history"><br></div><div class="battle-history">H2OPulse withdrew Pandorea!<br></div><div class="battle-history">H2OPulse sent out Foxfire (<strong>Shiinotic-Kalos</strong>)!<br></div><div class="spacer battle-history"><br></div><div class="battle-history">Juliet used <strong>Fake Tears</strong>!<br></div><div class="battle-history"><small>The opposing Foxfire's Sp. Def fell harshly!</small><br></div><div class="spacer battle-history"><br></div><div class="battle-history"><small>The opposing Foxfire restored a little HP using its Black Sludge!</small><br></div><div class="spacer battle-history"><br></div><h2 class="battle-history">Turn 22</h2><div class="spacer battle-history"><br></div><div class="battle-history">Juliet used <strong>Draining Kiss</strong>!<br></div><div class="battle-history"><small>It's not very effective...</small><br></div><div class="battle-history"><small>(The opposing Foxfire lost 31% of its health!)</small><br></div><div class="spacer battle-history"><br></div><div class="battle-history">The opposing Foxfire used <strong>Acid Spray</strong>!<br></div><div class="battle-history"><small>It's super effective!</small><br></div><div class="battle-history"><small>Juliet's substitute faded!</small><br></div><div class="spacer battle-history"><br></div><div class="battle-history"><small>The opposing Foxfire restored a little HP using its Black Sludge!</small><br></div><div class="spacer battle-history"><br></div><h2 class="battle-history">Turn 23</h2><div class="spacer battle-history"><br></div><div class="battle-history">Juliet used <strong>Substitute</strong>!<br></div><div class="battle-history"><small>Juliet put in a substitute!</small><br></div><div class="battle-history"><small>(Juliet lost <abbr title="−66/267">24.7%</abbr> of its health!)</small><br></div><div class="spacer battle-history"><br></div><div class="battle-history">The opposing Foxfire used <strong>Acid Spray</strong>!<br></div><div class="battle-history"><small>It's super effective!</small><br></div><div class="battle-history"><small>Juliet's substitute faded!</small><br></div><div class="spacer battle-history"><br></div><div class="battle-history"><small>The opposing Foxfire restored a little HP using its Black Sludge!</small><br></div><div class="battle-history"><small>A veil of water restored Juliet's HP!</small><br></div><div class="spacer battle-history"><br></div><h2 class="battle-history">Turn 24</h2><div class="chat chatmessage-h2opulse"><strong style="color:#6e8c2b"><small>☆</small><span class="username" data-name="H2OPulse">H2OPulse</span>:</strong> <em>man I really want to try Adourami at some point</em></div><div class="chat chatmessage-h2opulse"><strong style="color:#6e8c2b"><small>☆</small><span class="username" data-name="H2OPulse">H2OPulse</span>:</strong> <em>it has such a fun kit</em></div><div class="spacer battle-history"><br></div><div class="battle-history">Juliet, come back!<br></div><div class="battle-history">Go! Prism (<strong>Pollugonal</strong>)!<br></div><div class="spacer battle-history"><br></div><div class="battle-history">The opposing Foxfire used <strong>Acid Spray</strong>!<br></div><div class="battle-history"><small>It's not very effective...</small><br></div><div class="battle-history"><small>(Prism lost <abbr title="−30/383">7.8%</abbr> of its health!)</small><br></div><div class="battle-history"><small>Prism's Sp. Def fell harshly!</small><br></div><div class="spacer battle-history"><br></div><div class="battle-history"><small>The opposing Foxfire restored a little HP using its Black Sludge!</small><br></div><div class="spacer battle-history"><br></div><h2 class="battle-history">Turn 25</h2><div class="spacer battle-history"><br></div><div class="battle-history">Prism, come back!<br></div><div class="battle-history">Go! Cyd (<strong>Rotom</strong>)!<br></div><div class="spacer battle-history"><br></div><div class="battle-history">The opposing Foxfire used <strong>Hidden Power</strong>!<br></div><div class="battle-history"><small>(Cyd lost <abbr title="−109/303">36.0%</abbr> of its health!)</small><br></div><div class="spacer battle-history"><br></div><div class="battle-history"><small>Cyd restored a little HP using its Leftovers!</small><br></div><div class="battle-history"><small>The opposing Foxfire restored a little HP using its Black Sludge!</small><br></div><div class="spacer battle-history"><br></div><h2 class="battle-history">Turn 26</h2><div class="spacer battle-history"><br></div><div class="battle-history">Cyd used <strong>Light Screen</strong>!<br></div><div class="battle-history"><small>Light Screen made your team stronger against special moves!</small><br></div><div class="spacer battle-history"><br></div><div class="battle-history">The opposing Foxfire used <strong>Draining Kiss</strong>!<br></div><div class="battle-history"><small>(Cyd lost <abbr title="−66/303">21.8%</abbr> of its health!)</small><br></div><div class="battle-history"><small>Cyd had its energy drained!</small><br></div><div class="spacer battle-history"><br></div><div class="battle-history"><small>Cyd restored a little HP using its Leftovers!</small><br></div><div class="battle-history"><small>The opposing Foxfire restored a little HP using its Black Sludge!</small><br></div><div class="spacer battle-history"><br></div><h2 class="battle-history">Turn 27</h2><div class="spacer battle-history"><br></div><div class="battle-history">H2OPulse withdrew Foxfire!<br></div><div class="battle-history">H2OPulse sent out Zantedeschia (<strong>Resurrectric</strong>)!<br></div><div class="spacer battle-history"><br></div><div class="battle-history">Cyd used <strong>Hex</strong>!<br></div><div class="battle-history"><small>(The opposing Zantedeschia lost 21% of its health!)</small><br></div><div class="spacer battle-history"><br></div><div class="battle-history"><small>Cyd restored a little HP using its Leftovers!</small><br></div><div class="spacer battle-history"><br></div><h2 class="battle-history">Turn 28</h2><div class="chat chatmessage-inkbug1 mine"><strong style="color:#e46e0f"><small>☆</small><span class="username" data-name="inkbug1">inkbug1</span>:</strong> <em>mmm i cant remember what </em></div><div class="chat chatmessage-inkbug1 mine"><strong style="color:#e46e0f"><small>☆</small><span class="username" data-name="inkbug1">inkbug1</span>:</strong> <em>moves </em></div><div class="spacer battle-history"><br></div><div class="battle-history">H2OPulse withdrew Zantedeschia!<br></div><div class="battle-history">H2OPulse sent out Cattail (<strong>Vaporeon</strong>)!<br></div><div class="spacer battle-history"><br></div><div class="battle-history">Cyd used <strong>Will-O-Wisp</strong>!<br></div><div class="battle-history"><small>The opposing Cattail was burned!</small><br></div><div class="spacer battle-history"><br></div><div class="battle-history"><small>Cyd restored a little HP using its Leftovers!</small><br></div><div class="battle-history"><small>The opposing Cattail restored a little HP using its Leftovers!</small><br></div><div class="battle-history"><small>The opposing Cattail was hurt by its burn!</small><br></div><div class="spacer battle-history"><br></div><h2 class="battle-history">Turn 29</h2><div class="chat chatmessage-inkbug1 mine"><strong style="color:#e46e0f"><small>☆</small><span class="username" data-name="inkbug1">inkbug1</span>:</strong> <em>alright fair</em></div><div class="spacer battle-history"><br></div><div class="battle-history">Cyd, come back!<br></div><div class="battle-history">Go! Skully (<strong>Scolipede-Variant</strong>)!<br></div><div class="chat"><ul class="utilichart"><li class="result"><span class="col pokemonnamecol" style="white-space: nowrap">Scolipede-Variant</span> <span class="col typecol"><img src="https://dragonheaven.herokuapp.com/sprites/types/Bug.png" alt="Bug" height="14" width="32"><img src="https://dragonheaven.herokuapp.com/sprites/types/Ground.png" alt="Ground" height="14" width="32"></span> <span style="float: left ; min-height: 26px"><span class="col abilitycol">Poison Heal / Swarm / Quick Feet</span><span class="col abilitycol"></span></span></li><li style="clear: both"></li></ul></div><div class="chat"><ul class="utilichart"><li class="result"><span style="float: left ; min-height: 26px"><span class="col statcol"><em>HP</em><br>100</span> <span class="col statcol"><em>Atk</em><br>100</span> <span class="col statcol"><em>Def</em><br>49</span> <span class="col statcol"><em>SpA</em><br>85</span> <span class="col statcol"><em>SpD</em><br>39</span> <span class="col statcol"><em>Spe</em><br>112</span> </span></li><li style="clear: both"></li></ul></div><div class="battle-history"><small>(Scolipede-Variant was created by BlueRay!)</small><br></div><div class="spacer battle-history"><br></div><div class="battle-history">The opposing Cattail used <strong>Heal Bell</strong>!<br></div><div class="battle-history"><small>A bell chimed!</small><br></div><div class="battle-history"><small>The opposing Cattail's burn was healed!</small><br></div><div class="spacer battle-history"><br></div><div class="battle-history"><small>The opposing Cattail restored a little HP using its Leftovers!</small><br></div><div class="battle-history"><small>Skully was badly poisoned!</small><br></div><div class="spacer battle-history"><br></div><h2 class="battle-history">Turn 30</h2><div class="chat chatmessage-h2opulse"><strong style="color:#6e8c2b"><small>☆</small><span class="username" data-name="H2OPulse">H2OPulse</span>:</strong> <em>Oh! Right now Zante is Earthquake, Toxic, Volt Switch, Ice Beam if that's what you were wondering</em></div><div class="chat chatmessage-inkbug1 mine"><strong style="color:#e46e0f"><small>☆</small><span class="username" data-name="inkbug1">inkbug1</span>:</strong> <em>&lt; isnt sure if he can trust this things sub to not break to a flip turn</em></div><div class="chat chatmessage-h2opulse"><strong style="color:#6e8c2b"><small>☆</small><span class="username" data-name="H2OPulse">H2OPulse</span>:</strong> <em>Yeah--</em></div><div class="spacer battle-history"><br></div><div class="battle-history">Skully used <strong>Substitute</strong>!<br></div><div class="battle-history"><small>Skully put in a substitute!</small><br></div><div class="battle-history"><small>(Skully lost <abbr title="−85/341">24.9%</abbr> of its health!)</small><br></div><div class="spacer battle-history"><br></div><div class="battle-history">The opposing Cattail used <strong>Flip Turn</strong>!<br></div><div class="battle-history"><small>It's super effective!</small><br></div><div class="battle-history"><small>Skully's substitute faded!</small><br></div><div class="chat chatmessage-h2opulse"><strong style="color:#6e8c2b"><small>☆</small><span class="username" data-name="H2OPulse">H2OPulse</span>:</strong> <em>I was in fact about to try exactly that I'm also wondering</em></div><div class="chat chatmessage-h2opulse"><strong style="color:#6e8c2b"><small>☆</small><span class="username" data-name="H2OPulse">H2OPulse</span>:</strong> <em>YEAH okay</em></div><div class="chat chatmessage-h2opulse"><strong style="color:#6e8c2b"><small>☆</small><span class="username" data-name="H2OPulse">H2OPulse</span>:</strong> <em>msjfhkf</em></div><div class="spacer battle-history"><br></div><div class="battle-history">H2OPulse withdrew Cattail!<br></div><div class="battle-history">H2OPulse sent out Snakey (<strong>Orbeetle-Variant</strong>)!<br></div><div class="spacer battle-history"><br></div><div class="battle-history">[Skully's Poison Heal]<br><small>Skully had its HP restored.</small><br></div><div class="battle-history"><small>Your team's Light Screen wore off!</small><br></div><div class="spacer battle-history"><br></div><h2 class="battle-history">Turn 31</h2><div class="spacer battle-history"><br></div><div class="battle-history">Skully used <strong>Megahorn</strong>!<br></div><div class="battle-history"><small>(The opposing Snakey lost 53% of its health!)</small><br></div><div class="battle-history">[The opposing Snakey's Cotton Down]<br></div><div class="battle-history"><small>Skully's Speed fell!</small><br></div><div class="spacer battle-history"><br></div><div class="battle-history">The opposing Snakey used <strong>Sticky Web</strong>!<br></div><div class="battle-history"><small>A sticky web has been laid out on the ground around your team!</small><br></div><div class="spacer battle-history"><br></div><div class="battle-history">[Skully's Poison Heal]<br><small>Skully had its HP restored.</small><br></div><div class="spacer battle-history"><br></div><h2 class="battle-history">Turn 32</h2><div class="chat chatmessage-h2opulse"><strong style="color:#6e8c2b"><small>☆</small><span class="username" data-name="H2OPulse">H2OPulse</span>:</strong> <em>Oh that does a lot</em></div><div class="chat"><small>+Paul(Paulluxx) joined</small></div><div class="spacer battle-history"><br></div><div class="battle-history">H2OPulse withdrew Snakey!<br></div><div class="battle-history">H2OPulse sent out Mango (<strong>Noivern-Variant</strong>)!<br></div><div class="chat"><ul class="utilichart"><li class="result"><span class="col pokemonnamecol" style="white-space: nowrap">Noivern-Variant</span> <span class="col typecol"><img src="https://dragonheaven.herokuapp.com/sprites/types/Fighting.png" alt="Fighting" height="14" width="32"><img src="https://dragonheaven.herokuapp.com/sprites/types/Dragon.png" alt="Dragon" height="14" width="32"></span> <span style="float: left ; min-height: 26px"><span class="col abilitycol">Levitate</span><span class="col abilitycol"></span></span></li><li style="clear: both"></li></ul></div><div class="chat"><ul class="utilichart"><li class="result"><span style="float: left ; min-height: 26px"><span class="col statcol"><em>HP</em><br>95</span> <span class="col statcol"><em>Atk</em><br>70</span> <span class="col statcol"><em>Def</em><br>80</span> <span class="col statcol"><em>SpA</em><br>97</span> <span class="col statcol"><em>SpD</em><br>80</span> <span class="col statcol"><em>Spe</em><br>113</span> </span></li><li style="clear: both"></li></ul></div><div class="battle-history"><small>(Noivern-Variant was created by Hematite!)</small><br></div><div class="spacer battle-history"><br></div><div class="battle-history">Skully used <strong>Swords Dance</strong>!<br></div><div class="battle-history"><small>Skully's Attack rose sharply!</small><br></div><div class="spacer battle-history"><br></div><div class="battle-history">[Skully's Poison Heal]<br><small>Skully had its HP restored.</small><br></div><div class="spacer battle-history"><br></div><h2 class="battle-history">Turn 33</h2><div class="chat chatmessage-inkbug1 mine"><strong style="color:#e46e0f"><small>☆</small><span class="username" data-name="inkbug1">inkbug1</span>:</strong> <em>this definitely kills me huh</em></div><div class="chat chatmessage-h2opulse"><strong style="color:#6e8c2b"><small>☆</small><span class="username" data-name="H2OPulse">H2OPulse</span>:</strong> <em>Oh hi Paul!</em></div><div class="chat chatmessage-h2opulse"><strong style="color:#6e8c2b"><small>☆</small><span class="username" data-name="H2OPulse">H2OPulse</span>:</strong> <em>Probably yeah</em></div><div class="chat chatmessage-paulpaulluxx"><strong style="color:#17849a"><small>+</small><span class="username" data-name="Paul(Paulluxx)">Paul(Paulluxx)</span>:</strong> <em>Hey guys</em></div><div class="chat chatmessage-inkbug1 mine"><strong style="color:#e46e0f"><small>☆</small><span class="username" data-name="inkbug1">inkbug1</span>:</strong> <em>using this thing is terrifying i dont know how to sub</em></div><div class="spacer battle-history"><br></div><div class="battle-history">Skully, come back!<br></div><div class="battle-history">Go! Juliet (<strong>Adourami</strong>)!<br></div><div class="battle-history"><small>Juliet was caught in a sticky web!</small><br></div><div class="battle-history"><small>Juliet's Speed fell!</small><br></div><div class="spacer battle-history"><br></div><div class="battle-history">The opposing Mango used <strong>Draco Meteor</strong>!<br></div><div class="battle-history"><small>It doesn't affect Juliet...</small><br></div><div class="spacer battle-history"><br></div><h2 class="battle-history">Turn 34</h2><div class="spacer battle-history"><br></div><div class="battle-history">H2OPulse withdrew Mango!<br></div><div class="battle-history">H2OPulse sent out Cattail (<strong>Vaporeon</strong>)!<br></div><div class="spacer battle-history"><br></div><div class="battle-history">Juliet used <strong>Aqua Ring</strong>!<br></div><div class="battle-history"><small>Juliet surrounded itself with a veil of water!</small><br></div><div class="spacer battle-history"><br></div><div class="battle-history"><small>The opposing Cattail restored a little HP using its Leftovers!</small><br></div><div class="battle-history"><small>A veil of water restored Juliet's HP!</small><br></div><div class="spacer battle-history"><br></div><h2 class="battle-history">Turn 35</h2><div class="spacer battle-history"><br></div><div class="battle-history">Juliet used <strong>Fake Tears</strong>!<br></div><div class="battle-history"><small>The opposing Cattail's Sp. Def fell harshly!</small><br></div><div class="spacer battle-history"><br></div><div class="battle-history">The opposing Cattail used <strong>Wish</strong>!<br></div><div class="spacer battle-history"><br></div><div class="battle-history"><small>A veil of water restored Juliet's HP!</small><br></div><div class="spacer battle-history"><br></div><h2 class="battle-history">Turn 36</h2><div class="chat chatmessage-paulpaulluxx"><strong style="color:#17849a"><small>+</small><span class="username" data-name="Paul(Paulluxx)">Paul(Paulluxx)</span>:</strong> <em>indigo didn't want to play anymore games cause he said I should go to sleep :[. But this is looking as fun as ever, I'll go build something</em></div><div class="chat chatmessage-h2opulse"><strong style="color:#6e8c2b"><small>☆</small><span class="username" data-name="H2OPulse">H2OPulse</span>:</strong> <em>I feel bad about it but I do feel kind of safe around this Adourami set right now</em></div><div class="chat chatmessage-h2opulse"><strong style="color:#6e8c2b"><small>☆</small><span class="username" data-name="H2OPulse">H2OPulse</span>:</strong> <em>Oh hype!!</em></div><div class="chat chatmessage-inkbug1 mine"><strong style="color:#e46e0f"><small>☆</small><span class="username" data-name="inkbug1">inkbug1</span>:</strong> <em>no, thats fair</em></div><div class="spacer battle-history"><br></div><div class="battle-history">Juliet used <strong>Draining Kiss</strong>!<br></div><div class="battle-history"><small>(The opposing Cattail lost 22% of its health!)</small><br></div><div class="battle-history"><small>The opposing Cattail had its energy drained!</small><br></div><div class="spacer battle-history"><br></div><div class="battle-history">The opposing Cattail used <strong>Flip Turn</strong>!<br></div><div class="battle-history"><small>It's not very effective...</small><br></div><div class="battle-history"><small>(Juliet lost <abbr title="−29/267">10.9%</abbr> of its health!)</small><br></div><div class="spacer battle-history"><br></div><div class="battle-history">H2OPulse withdrew Cattail!<br></div><div class="battle-history">H2OPulse sent out Snakey (<strong>Orbeetle-Variant</strong>)!<br></div><div class="spacer battle-history"><br></div><div class="battle-history"><small>Cattail's wish came true!</small><br></div><div class="battle-history"><small>A veil of water restored Juliet's HP!</small><br></div><div class="spacer battle-history"><br></div><h2 class="battle-history">Turn 37</h2><div class="chat chatmessage-inkbug1 mine"><strong style="color:#e46e0f"><small>☆</small><span class="username" data-name="inkbug1">inkbug1</span>:</strong> <em>vaporeon is as stupid as ever</em></div><div class="spacer battle-history"><br></div><div class="battle-history">H2OPulse withdrew Snakey!<br></div><div class="battle-history">H2OPulse sent out Foxfire (<strong>Shiinotic-Kalos</strong>)!<br></div><div class="spacer battle-history"><br></div><div class="battle-history">Juliet used <strong>Fake Tears</strong>!<br></div><div class="battle-history"><small>The opposing Foxfire's Sp. Def fell harshly!</small><br></div><div class="spacer battle-history"><br></div><div class="battle-history"><small>A veil of water restored Juliet's HP!</small><br></div><div class="spacer battle-history"><br></div><h2 class="battle-history">Turn 38</h2><div class="spacer battle-history"><br></div><div class="battle-history">Juliet used <strong>Fake Tears</strong>!<br></div><div class="battle-history"><small>The opposing Foxfire's Sp. Def fell harshly!</small><br></div><div class="spacer battle-history"><br></div><div class="battle-history">The opposing Foxfire used <strong>Acid Spray</strong>!<br></div><div class="battle-history"><small>It's super effective!</small><br></div><div class="battle-history"><small>(Juliet lost <abbr title="−146/267">54.7%</abbr> of its health!)</small><br></div><div class="battle-history"><small>Juliet's Sp. Def fell harshly!</small><br></div><div class="spacer battle-history"><br></div><div class="battle-history"><small>A veil of water restored Juliet's HP!</small><br></div><div class="spacer battle-history"><br></div><h2 class="battle-history">Turn 39</h2><div class="spacer battle-history"><br></div><div class="battle-history">Juliet, come back!<br></div><div class="battle-history">Go! Prism (<strong>Pollugonal</strong>)!<br></div><div class="spacer battle-history"><br></div><div class="battle-history">The opposing Foxfire used <strong>Draining Kiss</strong>!<br></div><div class="battle-history"><small>It's not very effective...</small><br></div><div class="battle-history"><small>(Prism lost <abbr title="−42/383">11.0%</abbr> of its health!)</small><br></div><div class="spacer battle-history"><br></div><h2 class="battle-history">Turn 40</h2><div class="spacer battle-history"><br></div><div class="battle-history">H2OPulse withdrew Foxfire!<br></div><div class="battle-history">H2OPulse sent out Pandorea (<strong>Klefki-Galar</strong>)!<br></div><div class="spacer battle-history"><br></div><div class="battle-history">Prism is fast asleep.<br></div><div class="spacer battle-history"><br></div><div class="battle-history"><small>The opposing Pandorea restored a little HP using its Leftovers!</small><br></div><div class="battle-history">[The opposing Pandorea's Hunger Switch]<br></div><div class="battle-history"><small>Pandorea changed to Revealed Mode!</small><br></div><div class="spacer battle-history"><br></div><h2 class="battle-history">Turn 41</h2><div class="chat chatmessage-inkbug1 mine"><strong style="color:#e46e0f"><small>☆</small><span class="username" data-name="inkbug1">inkbug1</span>:</strong> <em>mmmmmmmmmmmmmmmm</em></div><div class="spacer battle-history"><br></div><div class="battle-history"><small>Prism woke up!</small><br></div><div class="spacer battle-history"><br></div><div class="battle-history">Prism used <strong>Rapid Spin</strong>!<br></div><div class="battle-history"><small>A critical hit!</small><br></div><div class="battle-history"><small>(The opposing Pandorea lost 13% of its health!)</small><br></div><div class="battle-history"><small>Prism's Speed rose!</small><br></div><div class="battle-history"><small>The sticky web has disappeared from the ground around your team!</small><br></div><div class="spacer battle-history"><br></div><div class="battle-history">The opposing Pandorea used <strong>Swords Dance</strong>!<br></div><div class="battle-history"><small>The opposing Pandorea's Attack rose sharply!</small><br></div><div class="spacer battle-history"><br></div><div class="battle-history"><small>The opposing Pandorea restored a little HP using its Leftovers!</small><br></div><div class="battle-history">[The opposing Pandorea's Hunger Switch]<br></div><div class="battle-history"><small>Pandorea changed to Lure Mode!</small><br></div><div class="spacer battle-history"><br></div><h2 class="battle-history">Turn 42</h2><div class="spacer battle-history"><br></div><div class="battle-history">Prism, come back!<br></div><div class="battle-history">Go! Ruxxtin the Great (<strong>Cofagrigus-Unbound</strong>)!<br></div><div class="spacer battle-history"><br></div><div class="battle-history">The opposing Pandorea used <strong>Swords Dance</strong>!<br></div><div class="battle-history"><small>The opposing Pandorea's Attack rose sharply!</small><br></div><div class="spacer battle-history"><br></div><div class="battle-history"><small>The opposing Pandorea restored a little HP using its Leftovers!</small><br></div><div class="battle-history">[The opposing Pandorea's Hunger Switch]<br></div><div class="battle-history"><small>Pandorea changed to Revealed Mode!</small><br></div><div class="spacer battle-history"><br></div><h2 class="battle-history">Turn 43</h2><div class="chat chatmessage-inkbug1 mine"><strong style="color:#e46e0f"><small>☆</small><span class="username" data-name="inkbug1">inkbug1</span>:</strong> <em>yea</em></div><div class="chat chatmessage-inkbug1 mine"><strong style="color:#e46e0f"><small>☆</small><span class="username" data-name="inkbug1">inkbug1</span>:</strong> <em>idt i can win this</em></div><div class="spacer battle-history"><br></div><div class="battle-history">The opposing Pandorea used <strong>Play Rough</strong>!<br></div><div class="battle-history"><small>It's super effective!</small><br></div><div class="battle-history"><small>(Ruxxtin the Great lost <abbr title="−125/319">39.2%</abbr> of its health!)</small><br></div><div class="battle-history"><small>The opposing Pandorea was hurt by the Rocky Helmet!</small><br></div><div class="spacer battle-history"><br></div><div class="battle-history">Ruxxtin the Great fainted!<br></div><div class="spacer battle-history"><br></div><div class="battle-history"><small>The opposing Pandorea restored a little HP using its Leftovers!</small><br></div><div class="battle-history">[The opposing Pandorea's Hunger Switch]<br></div><div class="battle-history"><small>Pandorea changed to Lure Mode!</small><br></div><div class="spacer battle-history"><br></div><div class="battle-history">Go! Juliet (<strong>Adourami</strong>)!<br></div><div class="spacer battle-history"><br></div><h2 class="battle-history">Turn 44</h2><div class="spacer battle-history"><br></div><div class="battle-history">Juliet used <strong>Draining Kiss</strong>!<br></div><div class="battle-history"><small>(The opposing Pandorea lost 25% of its health!)</small><br></div><div class="battle-history"><small>The opposing Pandorea had its energy drained!</small><br></div><div class="spacer battle-history"><br></div><div class="battle-history">The opposing Pandorea used <strong>Play Rough</strong>!<br></div><div class="battle-history"><small>(Juliet lost <abbr title="−163/267">61.0%</abbr> of its health!)</small><br></div><div class="spacer battle-history"><br></div><div class="battle-history"><small>The opposing Pandorea restored a little HP using its Leftovers!</small><br></div><div class="battle-history">[The opposing Pandorea's Hunger Switch]<br></div><div class="battle-history"><small>Pandorea changed to Revealed Mode!</small><br></div><div class="spacer battle-history"><br></div><h2 class="battle-history">Turn 45</h2><div class="spacer battle-history"><br></div><div class="battle-history">The opposing Pandorea used <strong>Protect</strong>!<br></div><div class="battle-history"><small>The opposing Pandorea protected itself!</small><br></div><div class="spacer battle-history"><br></div><div class="battle-history">Juliet used <strong>Draining Kiss</strong>!<br></div><div class="battle-history"><small>The opposing Pandorea protected itself!</small><br></div><div class="spacer battle-history"><br></div><div class="battle-history"><small>The opposing Pandorea restored a little HP using its Leftovers!</small><br></div><div class="battle-history">[The opposing Pandorea's Hunger Switch]<br></div><div class="battle-history"><small>Pandorea changed to Lure Mode!</small><br></div><div class="spacer battle-history"><br></div><h2 class="battle-history">Turn 46</h2><div class="spacer battle-history"><br></div><div class="battle-history">Juliet used <strong>Fake Tears</strong>!<br></div><div class="battle-history"><small>The opposing Pandorea's Sp. Def fell harshly!</small><br></div><div class="spacer battle-history"><br></div><div class="battle-history">The opposing Pandorea used <strong>Knock Off</strong>!<br></div><div class="battle-history"><small>It's not very effective...</small><br></div><div class="battle-history"><small>(Juliet lost <abbr title="−52/267">19.5%</abbr> of its health!)</small><br></div><div class="battle-history"><small>The opposing Pandorea knocked off Juliet's Big Root!</small><br></div><div class="spacer battle-history"><br></div><div class="battle-history">Juliet fainted!<br></div><div class="spacer battle-history"><br></div><div class="battle-history"><small>The opposing Pandorea restored a little HP using its Leftovers!</small><br></div><div class="battle-history">[The opposing Pandorea's Hunger Switch]<br></div><div class="battle-history"><small>Pandorea changed to Revealed Mode!</small><br></div><div class="spacer battle-history"><br></div><div class="battle-history">Go! Prism (<strong>Pollugonal</strong>)!<br></div><div class="spacer battle-history"><br></div><h2 class="battle-history">Turn 47</h2><div class="spacer battle-history"><br></div><div class="battle-history">Prism used <strong>Freeze-Dry</strong>!<br></div><div class="battle-history"><small>(The opposing Pandorea lost 65% of its health!)</small><br></div><div class="spacer battle-history"><br></div><div class="battle-history">The opposing Pandorea used <strong>Knock Off</strong>!<br></div><div class="battle-history"><small>(Prism lost <abbr title="−311/383">81.2%</abbr> of its health!)</small><br></div><div class="battle-history"><small>The opposing Pandorea knocked off Prism's Heavy-Duty Boots!</small><br></div><div class="spacer battle-history"><br></div><div class="battle-history">Prism fainted!<br></div><div class="spacer battle-history"><br></div><div class="battle-history"><small>The opposing Pandorea restored a little HP using its Leftovers!</small><br></div><div class="battle-history">[The opposing Pandorea's Hunger Switch]<br></div><div class="battle-history"><small>Pandorea changed to Lure Mode!</small><br></div><div class="chat chatmessage-inkbug1 mine"><strong style="color:#e46e0f"><small>☆</small><span class="username" data-name="inkbug1">inkbug1</span>:</strong> <em>:/</em></div><div class="spacer battle-history"><br></div><div class="battle-history">Go! Skully (<strong>Scolipede-Variant</strong>)!<br></div><div class="spacer battle-history"><br></div><h2 class="battle-history">Turn 48</h2><div class="chat chatmessage-h2opulse"><strong style="color:#6e8c2b"><small>☆</small><span class="username" data-name="H2OPulse">H2OPulse</span>:</strong> <em>I should maybe have switched to Steel there whoops</em></div><div class="chat chatmessage-h2opulse"><strong style="color:#6e8c2b"><small>☆</small><span class="username" data-name="H2OPulse">H2OPulse</span>:</strong> <em>but</em></div><div class="spacer battle-history"><br></div><div class="battle-history">Skully used <strong>Megahorn</strong>!<br></div><div class="battle-history"><small>(The opposing Pandorea lost 24% of its health!)</small><br></div><div class="spacer battle-history"><br></div><div class="battle-history">The opposing Pandorea fainted!<br></div><div class="spacer battle-history"><br></div><div class="battle-history">H2OPulse sent out Mango (<strong>Noivern-Variant</strong>)!<br></div><div class="spacer battle-history"><br></div><h2 class="battle-history">Turn 49</h2><div class="spacer battle-history"><br></div><div class="battle-history">The opposing Mango used <strong>Draco Meteor</strong>!<br></div><div class="battle-history"><small>(Skully lost <abbr title="−285/341">83.6%</abbr> of its health!)</small><br></div><div class="battle-history"><small>The opposing Mango's Sp. Atk fell harshly!</small><br></div><div class="battle-history"><small>(The opposing Mango used its Eject Pack!)</small><br></div><div class="spacer battle-history"><br></div><div class="battle-history">H2OPulse withdrew Mango!<br></div><div class="battle-history">H2OPulse sent out Zantedeschia (<strong>Resurrectric</strong>)!<br></div><div class="spacer battle-history"><br></div><div class="battle-history">Skully used <strong>Substitute</strong>!<br></div><div class="battle-history"><small>But it does not have enough HP left to make a substitute!</small><br></div><div class="spacer battle-history"><br></div><div class="battle-history">[Skully's Poison Heal]<br><small>Skully had its HP restored.</small><br></div><div class="spacer battle-history"><br></div><h2 class="battle-history">Turn 50</h2><div class="chat chatmessage-inkbug1 mine"><strong style="color:#e46e0f"><small>☆</small><span class="username" data-name="inkbug1">inkbug1</span>:</strong> <em>i did kind of forget u were faster tbh</em></div><div class="spacer battle-history"><br></div><div class="battle-history">Skully used <strong>Protect</strong>!<br></div><div class="battle-history"><small>Skully protected itself!</small><br></div><div class="spacer battle-history"><br></div><div class="battle-history">The opposing Zantedeschia used <strong>Ice Beam</strong>!<br></div><div class="battle-history"><small>Skully protected itself!</small><br></div><div class="spacer battle-history"><br></div><div class="battle-history">[Skully's Poison Heal]<br><small>Skully had its HP restored.</small><br></div><div class="spacer battle-history"><br></div><h2 class="battle-history">Turn 51</h2><div class="spacer battle-history"><br></div><div class="battle-history">Skully, come back!<br></div><div class="battle-history">Go! Cyd (<strong>Rotom</strong>)!<br></div><div class="spacer battle-history"><br></div><div class="battle-history">The opposing Zantedeschia used <strong>Ice Beam</strong>!<br></div><div class="battle-history"><small>(Cyd lost <abbr title="−89/303">29.4%</abbr> of its health!)</small><br></div><div class="spacer battle-history"><br></div><div class="battle-history"><small>Cyd restored a little HP using its Leftovers!</small><br></div><div class="spacer battle-history"><br></div><h2 class="battle-history">Turn 52</h2><div class="chat chatmessage-h2opulse"><strong style="color:#6e8c2b"><small>☆</small><span class="username" data-name="H2OPulse">H2OPulse</span>:</strong> <em>I think only by 1 point</em></div><div class="spacer battle-history"><br></div><div class="battle-history">Cyd used <strong>Light Screen</strong>!<br></div><div class="battle-history"><small>Light Screen made your team stronger against special moves!</small><br></div><div class="spacer battle-history"><br></div><div class="battle-history">The opposing Zantedeschia used <strong>Ice Beam</strong>!<br></div><div class="battle-history"><small>(Cyd lost <abbr title="−44/303">14.5%</abbr> of its health!)</small><br></div><div class="battle-history"><small>Cyd was frozen solid!</small><br></div><div class="spacer battle-history"><br></div><div class="battle-history"><small>Cyd restored a little HP using its Leftovers!</small><br></div><div class="spacer battle-history"><br></div><h2 class="battle-history">Turn 53</h2><div class="chat chatmessage-h2opulse"><strong style="color:#6e8c2b"><small>☆</small><span class="username" data-name="H2OPulse">H2OPulse</span>:</strong> <em>ONDF SORRY</em></div><div class="chat chatmessage-inkbug1 mine"><strong style="color:#e46e0f"><small>☆</small><span class="username" data-name="inkbug1">inkbug1</span>:</strong> <em>yeah </em></div><div class="spacer battle-history"><br></div><div class="battle-history"><small>Cyd thawed out!</small><br></div><div class="spacer battle-history"><br></div><div class="battle-history">Cyd used <strong>Will-O-Wisp</strong>!<br></div><div class="battle-history"><small>The opposing Zantedeschia avoided the attack!</small><br></div><div class="spacer battle-history"><br></div><div class="battle-history">The opposing Zantedeschia used <strong>Ice Beam</strong>!<br></div><div class="battle-history"><small>(Cyd lost <abbr title="−44/303">14.5%</abbr> of its health!)</small><br></div><div class="spacer battle-history"><br></div><div class="battle-history">Cyd fainted!<br></div><div class="chat chatmessage-h2opulse"><strong style="color:#6e8c2b"><small>☆</small><span class="username" data-name="H2OPulse">H2OPulse</span>:</strong> <em>MSMJFK</em></div><div class="chat chatmessage-inkbug1 mine"><strong style="color:#e46e0f"><small>☆</small><span class="username" data-name="inkbug1">inkbug1</span>:</strong> <em>you tried </em></div><div class="spacer battle-history"><br></div><div class="battle-history">Go! Skully (<strong>Scolipede-Variant</strong>)!<br></div><div class="spacer battle-history"><br></div><h2 class="battle-history">Turn 54</h2><div class="spacer battle-history"><br></div><div class="battle-history">Skully used <strong>Substitute</strong>!<br></div><div class="battle-history"><small>Skully put in a substitute!</small><br></div><div class="battle-history"><small>(Skully lost <abbr title="−85/341">24.9%</abbr> of its health!)</small><br></div><div class="spacer battle-history"><br></div><div class="battle-history">The opposing Zantedeschia used <strong>Ice Beam</strong>!<br></div><div class="battle-history"><small>It's super effective!</small><br></div><div class="battle-history"><small>Skully's substitute faded!</small><br></div><div class="spacer battle-history"><br></div><div class="battle-history">[Skully's Poison Heal]<br><small>Skully had its HP restored.</small><br></div><div class="spacer battle-history"><br></div><h2 class="battle-history">Turn 55</h2><div class="spacer battle-history"><br></div><div class="battle-history">Skully used <strong>Megahorn</strong>!<br></div><div class="battle-history"><small>(The opposing Zantedeschia lost 38% of its health!)</small><br></div><div class="spacer battle-history"><br></div><div class="battle-history">The opposing Zantedeschia used <strong>Ice Beam</strong>!<br></div><div class="battle-history"><small>It's super effective!</small><br></div><div class="battle-history"><small>(Skully lost <abbr title="−97/341">28.4%</abbr> of its health!)</small><br></div><div class="spacer battle-history"><br></div><div class="battle-history">Skully fainted!<br></div><div class="spacer battle-history"><br></div><div class="battle-history"><strong>H2OPulse</strong> won the battle!<br></div><div class="chat chatmessage-inkbug1 mine"><strong style="color:#e46e0f"><small>☆</small><span class="username" data-name="inkbug1">inkbug1</span>:</strong> <em>so moral of the story is </em></div><div class="chat chatmessage-h2opulse"><strong style="color:#6e8c2b"><small>☆</small><span class="username" data-name="H2OPulse">H2OPulse</span>:</strong> <em>Good game :'D</em></div><div class="chat chatmessage-inkbug1 mine"><strong style="color:#e46e0f"><small>☆</small><span class="username" data-name="inkbug1">inkbug1</span>:</strong> <em>i still dont know how to use sets, </em></div></div><div class="inner-preempt message-log"></div></div></div>
</div>
<script>
let daily = Math.floor(Date.now()/1000/60/60/24);document.write('<script src="https://dragonheaven.herokuapp.com/js/replay-embed.js?version'+daily+'"></'+'script>');
</script>
