<!DOCTYPE html>
<meta charset="utf-8" />
<!-- version 1 -->
<title>[Gen 8] Evolution Project replay: jazzmat vs. KeroseneZanchu</title>
<style>
html,body {font-family:Verdana, sans-serif;font-size:10pt;margin:0;padding:0;}body{padding:12px 0;} .battle-log {font-family:Verdana, sans-serif;font-size:10pt;} .battle-log-inline {border:1px solid #AAAAAA;background:#EEF2F5;color:black;max-width:640px;margin:0 auto 80px;padding-bottom:5px;} .battle-log .inner {padding:4px 8px 0px 8px;} .battle-log .inner-preempt {padding:0 8px 4px 8px;} .battle-log .inner-after {margin-top:0.5em;} .battle-log h2 {margin:0.5em -8px;padding:4px 8px;border:1px solid #AAAAAA;background:#E0E7EA;border-left:0;border-right:0;font-family:Verdana, sans-serif;font-size:13pt;} .battle-log .chat {vertical-align:middle;padding:3px 0 3px 0;font-size:8pt;} .battle-log .chat strong {color:#40576A;} .battle-log .chat em {padding:1px 4px 1px 3px;color:#000000;font-style:normal;} .chat.mine {background:rgba(0,0,0,0.05);margin-left:-8px;margin-right:-8px;padding-left:8px;padding-right:8px;} .spoiler {color:#BBBBBB;background:#BBBBBB;padding:0px 3px;} .spoiler:hover, .spoiler:active, .spoiler-shown {color:#000000;background:#E2E2E2;padding:0px 3px;} .spoiler a {color:#BBBBBB;} .spoiler:hover a, .spoiler:active a, .spoiler-shown a {color:#2288CC;} .chat code, .chat .spoiler:hover code, .chat .spoiler:active code, .chat .spoiler-shown code {border:1px solid #C0C0C0;background:#EEEEEE;color:black;padding:0 2px;} .chat .spoiler code {border:1px solid #CCCCCC;background:#CCCCCC;color:#CCCCCC;} .battle-log .rated {padding:3px 4px;} .battle-log .rated strong {color:white;background:#89A;padding:1px 4px;border-radius:4px;} .spacer {margin-top:0.5em;} .message-announce {background:#6688AA;color:white;padding:1px 4px 2px;} .message-announce a, .broadcast-green a, .broadcast-blue a, .broadcast-red a {color:#DDEEFF;} .broadcast-green {background-color:#559955;color:white;padding:2px 4px;} .broadcast-blue {background-color:#6688AA;color:white;padding:2px 4px;} .infobox {border:1px solid #6688AA;padding:2px 4px;} .infobox-limited {max-height:200px;overflow:auto;overflow-x:hidden;} .broadcast-red {background-color:#AA5544;color:white;padding:2px 4px;} .message-learn-canlearn {font-weight:bold;color:#228822;text-decoration:underline;} .message-learn-cannotlearn {font-weight:bold;color:#CC2222;text-decoration:underline;} .message-effect-weak {font-weight:bold;color:#CC2222;} .message-effect-resist {font-weight:bold;color:#6688AA;} .message-effect-immune {font-weight:bold;color:#666666;} .message-learn-list {margin-top:0;margin-bottom:0;} .message-throttle-notice, .message-error {color:#992222;} .message-overflow, .chat small.message-overflow {font-size:0pt;} .message-overflow::before {font-size:9pt;content:'...';} .subtle {color:#3A4A66;}
</style>
<div class="wrapper replay-wrapper" style="max-width:1180px;margin:0 auto">
<input type="hidden" name="replayid" value="dragonheaven-gen8evolutionproject-15" />
<div class="battle"></div><div class="battle-log"></div><div class="replay-controls"></div><div class="replay-controls-2"></div>
<h1 style="font-weight:normal;text-align:center"><strong>[Gen 8] Evolution Project</strong><br /><a href="http://pokemonshowdown.com/users/jazzmat" class="subtle" target="_blank">jazzmat</a> vs. <a href="http://pokemonshowdown.com/users/kerosenezanchu" class="subtle" target="_blank">KeroseneZanchu</a></h1>
<script type="text/plain" class="battle-log-data">|j|☆jazzmat
|j|☆KeroseneZanchu

|t:|1642970151
|player|p1|jazzmat|265|
|player|p2|KeroseneZanchu|riley|
|teamsize|p1|6
|teamsize|p2|6
|gametype|singles
|gen|8
|tier|[Gen 8] Evolution Project
|clearpoke
|poke|p1|Mezmir, M|
|poke|p1|Gourmant, F|
|poke|p1|Coconfetti, M|
|poke|p1|Goodra-Arctara, M|
|poke|p1|Magcargo-Galar, F|
|poke|p1|Lombre-Ultra, M|
|poke|p2|Bafflack, M|
|poke|p2|Curski, F|
|poke|p2|Drifblim-Variant, F|
|poke|p2|Jackourd-*, F|
|poke|p2|Coilrig, M|
|poke|p2|Pollugonal, F|
|rule|HP Percentage Mod: HP is shown in percentages
|rule|Endless Battle Clause: Forcing endless battles is banned
|rule|OHKO Clause: OHKO moves are banned
|rule|Evasion Moves Clause: Evasion moves are banned
|rule|Species Clause: Limit one of each Pokémon
|rule|Dynamax Clause: You cannot dynamax
|rule|Sleep Clause Mod: Limit one foe put to sleep
|rule|Z-Move Clause: Type-based Z-Moves are banned
|teampreview
|c|☆KeroseneZanchu|ay glhf
|
|t:|1642970160
|start
|switch|p1a: Magcargo|Magcargo-Galar, F|100\/100
|switch|p2a: Bafflack|Bafflack, M|301\/301
|-start|p2a: Bafflack|typechange|Water|[silent]
|raw|<ul class="utilichart"><li class="result"><span class="col pokemonnamecol" style="white-space: nowrap">Bafflack<\/span> <span class="col typecol"><img src="https:\/\/play.pokemonshowdown.com\/sprites\/types\/Water.png" alt="Water" height="14" width="32"><\/span> <span style="float: left ; min-height: 26px"><span class="col abilitycol">Psychic Surge \/ Cloud Nine \/ Pure Power<\/span><span class="col abilitycol"><\/span><\/span><\/li><li style="clear: both"><\/li><\/ul>
|raw|<ul class="utilichart"><li class="result"><span style="float: left ; min-height: 26px"><span class="col statcol"><em>HP<\/em><br>80<\/span> <span class="col statcol"><em>Atk<\/em><br>69<\/span> <span class="col statcol"><em>Def<\/em><br>18<\/span> <span class="col statcol"><em>SpA<\/em><br>135<\/span> <span class="col statcol"><em>SpD<\/em><br>110<\/span> <span class="col statcol"><em>Spe<\/em><br>105<\/span> <\/span><\/li><li style="clear: both"><\/li><\/ul>
|-hint|Bafflack was created by KeroseneZanchu!
|-start|p1a: Magcargo|typechange|Steel\/Poison|[silent]
|raw|<ul class="utilichart"><li class="result"><span class="col pokemonnamecol" style="white-space: nowrap">Magcargo-Galar<\/span> <span class="col typecol"><img src="https:\/\/play.pokemonshowdown.com\/sprites\/types\/Steel.png" alt="Steel" height="14" width="32"><img src="https:\/\/play.pokemonshowdown.com\/sprites\/types\/Poison.png" alt="Poison" height="14" width="32"><\/span> <span style="float: left ; min-height: 26px"><span class="col abilitycol">Steam Engine \/ Flame Body \/ Gooey<\/span><span class="col abilitycol"><\/span><\/span><\/li><li style="clear: both"><\/li><\/ul>
|raw|<ul class="utilichart"><li class="result"><span style="float: left ; min-height: 26px"><span class="col statcol"><em>HP<\/em><br>60<\/span> <span class="col statcol"><em>Atk<\/em><br>50<\/span> <span class="col statcol"><em>Def<\/em><br>60<\/span> <span class="col statcol"><em>SpA<\/em><br>90<\/span> <span class="col statcol"><em>SpD<\/em><br>60<\/span> <span class="col statcol"><em>Spe<\/em><br>110<\/span> <\/span><\/li><li style="clear: both"><\/li><\/ul>
|-hint|Magcargo-Galar was created by quagsi!
|turn|1
|c|☆jazzmat|u2!
|j| regic boat
|c|~|\/raw <div class="infobox">Magcargo-Galar (ignoring abilities):<br \/><span class="message-effect-weak">Weaknesses<\/span>: Fire, <b>Ground<\/b><br \/><span class="message-effect-resist">Resistances<\/span>: <b>Bug<\/b>, Dragon, <b>Fairy<\/b>, Flying, <b>Grass<\/b>, Ice, Normal, Rock, Steel<br \/><span class="message-effect-immune">Immunities<\/span>: Poison, Sandstorm damage, Toxic<\/div>
|c| regic boat|what is bafflack an evo of?
|c|☆KeroseneZanchu|hm
|c|☆KeroseneZanchu|golduck
|
|t:|1642970295
|move|p2a: Bafflack|Flip Turn|p1a: Magcargo
|-damage|p1a: Magcargo|3\/100
|-ability|p1a: Magcargo|Steam Engine|boost
|-boost|p1a: Magcargo|spe|6
|
|t:|1642970307
|switch|p2a: Coilrig|Coilrig, M|358\/358
|-start|p2a: Coilrig|typechange|Ground\/Poison|[silent]
|raw|<ul class="utilichart"><li class="result"><span class="col pokemonnamecol" style="white-space: nowrap">Coilrig<\/span> <span class="col typecol"><img src="https:\/\/play.pokemonshowdown.com\/sprites\/types\/Ground.png" alt="Ground" height="14" width="32"><img src="https:\/\/play.pokemonshowdown.com\/sprites\/types\/Poison.png" alt="Poison" height="14" width="32"><\/span> <span style="float: left ; min-height: 26px"><span class="col abilitycol">Sand Spit \/ Shed Skin \/ Liquid Ooze<\/span><span class="col abilitycol"><\/span><\/span><\/li><li style="clear: both"><\/li><\/ul>
|raw|<ul class="utilichart"><li class="result"><span style="float: left ; min-height: 26px"><span class="col statcol"><em>HP<\/em><br>77<\/span> <span class="col statcol"><em>Atk<\/em><br>107<\/span> <span class="col statcol"><em>Def<\/em><br>130<\/span> <span class="col statcol"><em>SpA<\/em><br>105<\/span> <span class="col statcol"><em>SpD<\/em><br>75<\/span> <span class="col statcol"><em>Spe<\/em><br>41<\/span> <\/span><\/li><li style="clear: both"><\/li><\/ul>
|-hint|Coilrig was created by Hematite!
|move|p1a: Magcargo|Stealth Rock|p2a: Coilrig
|-sidestart|p2: KeroseneZanchu|move: Stealth Rock
|
|upkeep
|turn|2
|
|t:|1642970319
|move|p1a: Magcargo|Earth Power|p2a: Coilrig
|-supereffective|p2a: Coilrig
|-damage|p2a: Coilrig|142\/358
|move|p2a: Coilrig|Scorching Sands|p1a: Magcargo
|-supereffective|p1a: Magcargo
|-damage|p1a: Magcargo|0 fnt
|faint|p1a: Magcargo
|
|-heal|p2a: Coilrig|164\/358|[from] item: Black Sludge
|upkeep
|c|☆jazzmat|well that didn't do as much as I'd hoped lol
|c|☆KeroseneZanchu|i
|
|t:|1642970353
|switch|p1a: Lombre|Lombre-Ultra, M|100\/100
|-start|p1a: Lombre|typechange|Fire\/Grass|[silent]
|-start|p1a: Lombre|typechange|Fire\/Grass|[silent]
|raw|<ul class="utilichart"><li class="result"><span class="col pokemonnamecol" style="white-space: nowrap">Lombre-Ultra<\/span> <span class="col typecol"><img src="https:\/\/play.pokemonshowdown.com\/sprites\/types\/Fire.png" alt="Fire" height="14" width="32"><img src="https:\/\/play.pokemonshowdown.com\/sprites\/types\/Grass.png" alt="Grass" height="14" width="32"><\/span> <span style="float: left ; min-height: 26px"><span class="col abilitycol">Lava Flow \/ Vital Spirit \/ Beast Boost<\/span><span class="col abilitycol"><\/span><\/span><\/li><li style="clear: both"><\/li><\/ul>
|raw|<ul class="utilichart"><li class="result"><span style="float: left ; min-height: 26px"><span class="col statcol"><em>HP<\/em><br>59<\/span> <span class="col statcol"><em>Atk<\/em><br>47<\/span> <span class="col statcol"><em>Def<\/em><br>41<\/span> <span class="col statcol"><em>SpA<\/em><br>73<\/span> <span class="col statcol"><em>SpD<\/em><br>67<\/span> <span class="col statcol"><em>Spe<\/em><br>53<\/span> <\/span><\/li><li style="clear: both"><\/li><\/ul>
|-hint|Lombre-Ultra was created by Violet!
|turn|3
|
|t:|1642970365
|move|p1a: Lombre|Fake Out|p2a: Coilrig
|-damage|p2a: Coilrig|149\/358
|cant|p2a: Coilrig|flinch
|
|-heal|p2a: Coilrig|171\/358|[from] item: Black Sludge
|upkeep
|turn|4
|
|t:|1642970373
|move|p1a: Lombre|Scorching Sands|p2a: Coilrig
|-supereffective|p2a: Coilrig
|-damage|p2a: Coilrig|37\/358
|move|p2a: Coilrig|Glare|p1a: Lombre
|-status|p1a: Lombre|par
|
|-heal|p2a: Coilrig|59\/358|[from] item: Black Sludge
|upkeep
|turn|5
|
|t:|1642970390
|switch|p2a: Drifblim|Drifblim-Variant, F|483\/483
|-start|p2a: Drifblim|typechange|Fire\/Flying|[silent]
|raw|<ul class="utilichart"><li class="result"><span class="col pokemonnamecol" style="white-space: nowrap">Drifblim-Variant<\/span> <span class="col typecol"><img src="https:\/\/play.pokemonshowdown.com\/sprites\/types\/Fire.png" alt="Fire" height="14" width="32"><img src="https:\/\/play.pokemonshowdown.com\/sprites\/types\/Flying.png" alt="Flying" height="14" width="32"><\/span> <span style="float: left ; min-height: 26px"><span class="col abilitycol">Emergency Exit<\/span><span class="col abilitycol"><\/span><\/span><\/li><li style="clear: both"><\/li><\/ul>
|raw|<ul class="utilichart"><li class="result"><span style="float: left ; min-height: 26px"><span class="col statcol"><em>HP<\/em><br>140<\/span> <span class="col statcol"><em>Atk<\/em><br>70<\/span> <span class="col statcol"><em>Def<\/em><br>24<\/span> <span class="col statcol"><em>SpA<\/em><br>84<\/span> <span class="col statcol"><em>SpD<\/em><br>74<\/span> <span class="col statcol"><em>Spe<\/em><br>106<\/span> <\/span><\/li><li style="clear: both"><\/li><\/ul>
|-hint|Drifblim-Variant was created by inkbug!
|move|p1a: Lombre|Scorching Sands|p2a: Drifblim
|-immune|p2a: Drifblim
|
|upkeep
|turn|6
|
|t:|1642970401
|switch|p1a: Gourmant|Gourmant, F|100\/100
|-start|p1a: Gourmant|typechange|Fire\/Dark|[silent]
|raw|<ul class="utilichart"><li class="result"><span class="col pokemonnamecol" style="white-space: nowrap">Gourmant<\/span> <span class="col typecol"><img src="https:\/\/play.pokemonshowdown.com\/sprites\/types\/Fire.png" alt="Fire" height="14" width="32"><img src="https:\/\/play.pokemonshowdown.com\/sprites\/types\/Dark.png" alt="Dark" height="14" width="32"><\/span> <span style="float: left ; min-height: 26px"><span class="col abilitycol">Gluttony \/ Flash Fire \/ White Smoke<\/span><span class="col abilitycol"><\/span><\/span><\/li><li style="clear: both"><\/li><\/ul>
|raw|<ul class="utilichart"><li class="result"><span style="float: left ; min-height: 26px"><span class="col statcol"><em>HP<\/em><br>85<\/span> <span class="col statcol"><em>Atk<\/em><br>137<\/span> <span class="col statcol"><em>Def<\/em><br>66<\/span> <span class="col statcol"><em>SpA<\/em><br>105<\/span> <span class="col statcol"><em>SpD<\/em><br>66<\/span> <span class="col statcol"><em>Spe<\/em><br>75<\/span> <\/span><\/li><li style="clear: both"><\/li><\/ul>
|-hint|Gourmant was created by quagsi!
|move|p2a: Drifblim|Defog|p1a: Gourmant
|-unboost|p1a: Gourmant|evasion|1
|-sideend|p2: KeroseneZanchu|Stealth Rock|[from] move: Defog|[of] p2a: Drifblim
|
|upkeep
|turn|7
|
|t:|1642970416
|move|p2a: Drifblim|Pain Split|p1a: Gourmant
|-sethp|p1a: Gourmant|100\/100|[from] move: Pain Split|[silent]
|-sethp|p2a: Drifblim|428\/483|[from] move: Pain Split
|move|p1a: Gourmant|Knock Off|p2a: Drifblim
|-damage|p2a: Drifblim|0 fnt
|-enditem|p2a: Drifblim|Heavy-Duty Boots|[from] move: Knock Off|[of] p1a: Gourmant
|faint|p2a: Drifblim
|
|upkeep
|c|☆KeroseneZanchu|~~i forgot drifblim was speed~~
|c|☆jazzmat|speed balloon
|
|t:|1642970455
|switch|p2a: Curski|Curski, F|303\/303
|-start|p2a: Curski|typechange|Dark|[silent]
|raw|<ul class="utilichart"><li class="result"><span class="col pokemonnamecol" style="white-space: nowrap">Curski<\/span> <span class="col typecol"><img src="https:\/\/play.pokemonshowdown.com\/sprites\/types\/Dark.png" alt="Dark" height="14" width="32"><\/span> <span style="float: left ; min-height: 26px"><span class="col abilitycol">Dark Aura \/ Infiltrator<\/span><span class="col abilitycol"><\/span><\/span><\/li><li style="clear: both"><\/li><\/ul>
|raw|<ul class="utilichart"><li class="result"><span style="float: left ; min-height: 26px"><span class="col statcol"><em>HP<\/em><br>50<\/span> <span class="col statcol"><em>Atk<\/em><br>117<\/span> <span class="col statcol"><em>Def<\/em><br>108<\/span> <span class="col statcol"><em>SpA<\/em><br>92<\/span> <span class="col statcol"><em>SpD<\/em><br>108<\/span> <span class="col statcol"><em>Spe<\/em><br>35<\/span> <\/span><\/li><li style="clear: both"><\/li><\/ul>
|-hint|Curski was created by KeroseneZanchu!
|-ability|p2a: Curski|Dark Aura
|turn|8
|
|t:|1642970461
|move|p1a: Gourmant|Fire Lash|p2a: Curski
|-damage|p2a: Curski|161\/303
|-unboost|p2a: Curski|def|1
|move|p2a: Curski|Baddy Bad|p1a: Gourmant
|-resisted|p1a: Gourmant
|-damage|p1a: Gourmant|70\/100
|-sidestart|p2: KeroseneZanchu|Reflect
|
|upkeep
|turn|9
|
|t:|1642970469
|move|p1a: Gourmant|Drain Punch|p2a: Curski
|-supereffective|p2a: Curski
|-damage|p2a: Curski|20\/303
|-heal|p1a: Gourmant|89\/100|[from] drain|[of] p2a: Curski
|move|p2a: Curski|Payback|p1a: Gourmant
|-resisted|p1a: Gourmant
|-damage|p1a: Gourmant|36\/100
|
|upkeep
|turn|10
|
|t:|1642970482
|move|p2a: Curski|Sucker Punch|p1a: Gourmant
|-resisted|p1a: Gourmant
|-damage|p1a: Gourmant|0 fnt
|faint|p1a: Gourmant
|
|upkeep
|c| regic boat|baddy bad
|c|☆KeroseneZanchu|damn
|c|☆KeroseneZanchu|apparently curski wins that 1v1???
|c|☆jazzmat|should have used sucker punch myself
|c|☆KeroseneZanchu|that sounds vaguely nonsensical but i'll take it xd
|
|t:|1642970530
|switch|p1a: Coconfetti|Coconfetti, M|100\/100
|-start|p1a: Coconfetti|typechange|Bug|[silent]
|raw|<ul class="utilichart"><li class="result"><span class="col pokemonnamecol" style="white-space: nowrap">Coconfetti<\/span> <span class="col typecol"><img src="https:\/\/play.pokemonshowdown.com\/sprites\/types\/Bug.png" alt="Bug" height="14" width="32"><\/span> <span style="float: left ; min-height: 26px"><span class="col abilitycol">Fluffy \/ Friend Guard<\/span><span class="col abilitycol"><\/span><\/span><\/li><li style="clear: both"><\/li><\/ul>
|raw|<ul class="utilichart"><li class="result"><span style="float: left ; min-height: 26px"><span class="col statcol"><em>HP<\/em><br>80<\/span> <span class="col statcol"><em>Atk<\/em><br>70<\/span> <span class="col statcol"><em>Def<\/em><br>90<\/span> <span class="col statcol"><em>SpA<\/em><br>27<\/span> <span class="col statcol"><em>SpD<\/em><br>35<\/span> <span class="col statcol"><em>Spe<\/em><br>109<\/span> <\/span><\/li><li style="clear: both"><\/li><\/ul>
|-hint|Coconfetti was created by quagsi!
|turn|11
|
|t:|1642970555
|move|p1a: Coconfetti|Cotton Guard|p1a: Coconfetti
|-boost|p1a: Coconfetti|def|3
|move|p2a: Curski|Payback|p1a: Coconfetti
|-damage|p1a: Coconfetti|78\/100
|
|upkeep
|turn|12
|
|t:|1642970566
|switch|p2a: Coilrig|Coilrig, M|59\/358
|-start|p2a: Coilrig|typechange|Ground\/Poison|[silent]
|move|p1a: Coconfetti|Body Press|p2a: Coilrig
|-resisted|p2a: Coilrig
|-damage|p2a: Coilrig|33\/358
|
|-heal|p2a: Coilrig|55\/358|[from] item: Black Sludge
|-sideend|p2: KeroseneZanchu|Reflect
|upkeep
|turn|13
|
|t:|1642970577
|move|p1a: Coconfetti|Body Press|p2a: Coilrig
|-resisted|p2a: Coilrig
|-damage|p2a: Coilrig|0 fnt
|faint|p2a: Coilrig
|
|upkeep
|
|t:|1642970600
|switch|p2a: Pollugonal|Pollugonal, F|383\/383
|-start|p2a: Pollugonal|typechange|Ice\/Poison|[silent]
|raw|<ul class="utilichart"><li class="result"><span class="col pokemonnamecol" style="white-space: nowrap">Pollugonal<\/span> <span class="col typecol"><img src="https:\/\/play.pokemonshowdown.com\/sprites\/types\/Ice.png" alt="Ice" height="14" width="32"><img src="https:\/\/play.pokemonshowdown.com\/sprites\/types\/Poison.png" alt="Poison" height="14" width="32"><\/span> <span style="float: left ; min-height: 26px"><span class="col abilitycol">Levitate<\/span><span class="col abilitycol"><\/span><\/span><\/li><li style="clear: both"><\/li><\/ul>
|raw|<ul class="utilichart"><li class="result"><span style="float: left ; min-height: 26px"><span class="col statcol"><em>HP<\/em><br>90<\/span> <span class="col statcol"><em>Atk<\/em><br>50<\/span> <span class="col statcol"><em>Def<\/em><br>50<\/span> <span class="col statcol"><em>SpA<\/em><br>95<\/span> <span class="col statcol"><em>SpD<\/em><br>140<\/span> <span class="col statcol"><em>Spe<\/em><br>105<\/span> <\/span><\/li><li style="clear: both"><\/li><\/ul>
|-hint|Pollugonal was created by Magmajudis!
|turn|14
|
|t:|1642970620
|move|p1a: Coconfetti|Body Press|p2a: Pollugonal
|-damage|p2a: Pollugonal|115\/383
|move|p2a: Pollugonal|Freeze-Dry|p1a: Coconfetti
|-damage|p1a: Coconfetti|17\/100
|
|upkeep
|turn|15
|
|t:|1642970628
|switch|p2a: Jackourd|Jackourd-Large, F|311\/311
|-start|p2a: Jackourd|typechange|Ghost\/Grass|[silent]
|raw|<ul class="utilichart"><li class="result"><span class="col pokemonnamecol" style="white-space: nowrap">Jackourd-Large<\/span> <span class="col typecol"><img src="https:\/\/play.pokemonshowdown.com\/sprites\/types\/Ghost.png" alt="Ghost" height="14" width="32"><img src="https:\/\/play.pokemonshowdown.com\/sprites\/types\/Grass.png" alt="Grass" height="14" width="32"><\/span> <span style="float: left ; min-height: 26px"><span class="col abilitycol">Pickup \/ Harvest \/ Hoard<\/span><span class="col abilitycol"><\/span><\/span><\/li><li style="clear: both"><\/li><\/ul>
|raw|<ul class="utilichart"><li class="result"><span style="float: left ; min-height: 26px"><span class="col statcol"><em>HP<\/em><br>85<\/span> <span class="col statcol"><em>Atk<\/em><br>101<\/span> <span class="col statcol"><em>Def<\/em><br>122<\/span> <span class="col statcol"><em>SpA<\/em><br>76<\/span> <span class="col statcol"><em>SpD<\/em><br>75<\/span> <span class="col statcol"><em>Spe<\/em><br>72<\/span> <\/span><\/li><li style="clear: both"><\/li><\/ul>
|-hint|Jackourd-Large was created by KeroseneZanchu!
|move|p1a: Coconfetti|Body Press|p2a: Jackourd
|-immune|p2a: Jackourd
|
|upkeep
|turn|16
|
|t:|1642970638
|move|p1a: Coconfetti|Leech Life|p2a: Jackourd
|-damage|p2a: Jackourd|235\/311
|-heal|p1a: Coconfetti|30\/100|[from] drain|[of] p2a: Jackourd
|move|p2a: Jackourd|Poltergeist|p1a: Coconfetti
|-activate|p1a: Coconfetti|move: Poltergeist|Heavy-Duty Boots
|-damage|p1a: Coconfetti|5\/100
|
|upkeep
|turn|17
|
|t:|1642970656
|switch|p1a: Lombre|Lombre-Ultra, M|100\/100 par
|-start|p1a: Lombre|typechange|Fire\/Grass|[silent]
|-start|p1a: Lombre|typechange|Fire\/Grass|[silent]
|move|p2a: Jackourd|Shadow Sneak|p1a: Lombre
|-damage|p1a: Lombre|72\/100 par
|
|upkeep
|turn|18
|
|t:|1642970668
|move|p2a: Jackourd|Poltergeist|p1a: Lombre|[miss]
|-miss|p2a: Jackourd|p1a: Lombre
|move|p1a: Lombre|Flamethrower|p2a: Jackourd
|-supereffective|p2a: Jackourd
|-damage|p2a: Jackourd|0 fnt
|faint|p2a: Jackourd
|-ability|p1a: Lombre|Beast Boost|boost
|-boost|p1a: Lombre|spa|1
|
|upkeep
|c|☆KeroseneZanchu|rngesus
|c|☆KeroseneZanchu|why
|c| regic boat|rng sus
|
|t:|1642970689
|switch|p2a: Bafflack|Bafflack, M|301\/301
|-start|p2a: Bafflack|typechange|Water|[silent]
|turn|19
|
|t:|1642970698
|move|p2a: Bafflack|Liquidation|p1a: Lombre
|-damage|p1a: Lombre|0 fnt
|faint|p1a: Lombre
|
|upkeep
|raw|<ul class="utilichart"><li class="result"><span class="col movenamecol"><a href="https:\/\/dex.pokemonshowdown.com\/moves\/poltergeist">Poltergeist<\/a><\/span> <span class="col typecol"><img src="\/\/play.pokemonshowdown.com\/sprites\/types\/Ghost.png" alt="Ghost" width="32" height="14"><img src="\/\/play.pokemonshowdown.com\/sprites\/categories\/Physical.png" alt="Physical" width="32" height="14"><\/span> <span class="col labelcol"><em>Power<\/em><br>110<\/span> <span class="col widelabelcol"><em>Accuracy<\/em><br>90%<\/span> <span class="col pplabelcol"><em>PP<\/em><br>8<\/span> <span class="col movedesccol">Fails if the target has no held item.<\/span> <\/li><li style="clear:both"><\/li><\/ul>
|raw|<font size="1"><font color="#686868">Priority:<\/font> 0&nbsp;|&ThickSpace;<font color="#686868">Gen:<\/font> 8&nbsp;|&ThickSpace;<font color="#686868">Z-Power:<\/font> 185&nbsp;|&ThickSpace;<font color="#686868">Dynamax Power:<\/font> 140&nbsp;|&ThickSpace;<font color="#686868">Target:<\/font> One Adjacent Pokémon<\/font>

|c|☆jazzmat|wait idk if i was actually getting my eviolite boost?
|c|☆jazzmat|it just showed me having lower speed and raised spa
|c|☆jazzmat|oh well
|
|t:|1642970757
|switch|p1a: Coconfetti|Coconfetti, M|5\/100
|-start|p1a: Coconfetti|typechange|Bug|[silent]
|turn|20
|
|t:|1642970765
|move|p2a: Bafflack|Liquidation|p1a: Coconfetti
|-damage|p1a: Coconfetti|0 fnt
|faint|p1a: Coconfetti
|
|upkeep
|c|☆jazzmat|scarf of course
|
|t:|1642970778
|switch|p1a: Goodra|Goodra-Arctara, M|100\/100
|-start|p1a: Goodra|typechange|Water\/Ice|[silent]
|raw|<ul class="utilichart"><li class="result"><span class="col pokemonnamecol" style="white-space: nowrap">Goodra-Arctara<\/span> <span class="col typecol"><img src="https:\/\/play.pokemonshowdown.com\/sprites\/types\/Water.png" alt="Water" height="14" width="32"><img src="https:\/\/play.pokemonshowdown.com\/sprites\/types\/Ice.png" alt="Ice" height="14" width="32"><\/span> <span style="float: left ; min-height: 26px"><span class="col abilitycol">Stamina \/ Hydration \/ Water Absorb<\/span><span class="col abilitycol"><\/span><\/span><\/li><li style="clear: both"><\/li><\/ul>
|raw|<ul class="utilichart"><li class="result"><span style="float: left ; min-height: 26px"><span class="col statcol"><em>HP<\/em><br>50<\/span> <span class="col statcol"><em>Atk<\/em><br>110<\/span> <span class="col statcol"><em>Def<\/em><br>70<\/span> <span class="col statcol"><em>SpA<\/em><br>110<\/span> <span class="col statcol"><em>SpD<\/em><br>150<\/span> <span class="col statcol"><em>Spe<\/em><br>110<\/span> <\/span><\/li><li style="clear: both"><\/li><\/ul>
|-hint|Goodra-Arctara was created by ausma!
|turn|21
|
|t:|1642970788
|switch|p2a: Pollugonal|Pollugonal, F|115\/383
|-start|p2a: Pollugonal|typechange|Ice\/Poison|[silent]
|move|p1a: Goodra|Surf|p2a: Pollugonal
|-damage|p2a: Pollugonal|34\/383
|
|upkeep
|turn|22
|
|t:|1642970793
|move|p1a: Goodra|Surf|p2a: Pollugonal
|-damage|p2a: Pollugonal|0 fnt
|faint|p2a: Pollugonal
|
|upkeep
|
|t:|1642970796
|switch|p2a: Curski|Curski, F|20\/303
|-start|p2a: Curski|typechange|Dark|[silent]
|-ability|p2a: Curski|Dark Aura
|turn|23
|
|t:|1642970807
|move|p2a: Curski|Sucker Punch|p1a: Goodra
|-damage|p1a: Goodra|11\/100
|-ability|p1a: Goodra|Stamina|boost
|-boost|p1a: Goodra|def|1
|move|p1a: Goodra|Ice Beam|p2a: Curski
|-damage|p2a: Curski|0 fnt
|faint|p2a: Curski
|
|-heal|p1a: Goodra|17\/100|[from] item: Leftovers
|upkeep
|
|t:|1642970812
|switch|p2a: Bafflack|Bafflack, M|301\/301
|-start|p2a: Bafflack|typechange|Water|[silent]
|turn|24
|
|t:|1642970820
|move|p2a: Bafflack|Liquidation|p1a: Goodra
|-resisted|p1a: Goodra
|-damage|p1a: Goodra|0 fnt
|faint|p1a: Goodra
|
|upkeep
|
|t:|1642970823
|switch|p1a: Mezmir|Mezmir, M|100\/100
|-start|p1a: Mezmir|typechange|Psychic\/Fighting|[silent]
|raw|<ul class="utilichart"><li class="result"><span class="col pokemonnamecol" style="white-space: nowrap">Mezmir<\/span> <span class="col typecol"><img src="https:\/\/play.pokemonshowdown.com\/sprites\/types\/Psychic.png" alt="Psychic" height="14" width="32"><img src="https:\/\/play.pokemonshowdown.com\/sprites\/types\/Fighting.png" alt="Fighting" height="14" width="32"><\/span> <span style="float: left ; min-height: 26px"><span class="col abilitycol">Comatose \/ Forewarn \/ Inner Focus<\/span><span class="col abilitycol"><\/span><\/span><\/li><li style="clear: both"><\/li><\/ul>
|raw|<ul class="utilichart"><li class="result"><span style="float: left ; min-height: 26px"><span class="col statcol"><em>HP<\/em><br>90<\/span> <span class="col statcol"><em>Atk<\/em><br>103<\/span> <span class="col statcol"><em>Def<\/em><br>70<\/span> <span class="col statcol"><em>SpA<\/em><br>73<\/span> <span class="col statcol"><em>SpD<\/em><br>115<\/span> <span class="col statcol"><em>Spe<\/em><br>77<\/span> <\/span><\/li><li style="clear: both"><\/li><\/ul>
|-hint|Mezmir was created by quagsi!
|-ability|p1a: Mezmir|Comatose
|turn|25
|
|t:|1642970828
|move|p2a: Bafflack|Liquidation|p1a: Mezmir
|-damage|p1a: Mezmir|20\/100
|-enditem|p1a: Mezmir|Sitrus Berry|[eat]
|-heal|p1a: Mezmir|44\/100|[from] item: Sitrus Berry
|move|p1a: Mezmir|Drain Punch|p2a: Bafflack
|-damage|p2a: Bafflack|0 fnt
|-heal|p1a: Mezmir|84\/100|[from] drain|[of] p2a: Bafflack
|faint|p2a: Bafflack
|
|win|jazzmat
|c|☆KeroseneZanchu|gg
|c|☆jazzmat|gg
|c|☆jazzmat|that was ridiculously close
|c|☆KeroseneZanchu|~~yeah, if only poltergeist didn't miss :pensive:~~</script>
</div>
<div class="battle-log battle-log-inline"><div class="inner"><div class="battle-options"><div style="padding-top: 3px; padding-right: 3px; text-align: right"><button class="icon button" name="openBattleOptions" title="Options">Battle Options</button></div></div><div class="inner message-log"><div class="chat"><small>☆jazzmat and ☆KeroseneZanchu joined</small></div><div class=""><small>Format:</small> <br><strong>[Gen 8] Evolution Project</strong></div><div class=""><small><em>HP Percentage Mod:</em> HP is shown in percentages</small></div><div class=""><small><em>Endless Battle Clause:</em> Forcing endless battles is banned</small></div><div class=""><small><em>OHKO Clause:</em> OHKO moves are banned</small></div><div class=""><small><em>Evasion Moves Clause:</em> Evasion moves are banned</small></div><div class=""><small><em>Species Clause:</em> Limit one of each Pokémon</small></div><div class=""><small><em>Dynamax Clause:</em> You cannot dynamax</small></div><div class=""><small><em>Sleep Clause Mod:</em> Limit one foe put to sleep</small></div><div class=""><small><em>Z-Move Clause:</em> Type-based Z-Moves are banned</small></div><div class="chat battle-history"><strong>jazzmat's team:</strong> <em style="color:#445566;display:block;">Mezmir / Gourmant / Coconfetti / Goodra-Arctara / Magcargo-Galar / Lombre-Ultra</em></div><div class="chat battle-history"><strong>KeroseneZanchu's team:</strong> <em style="color:#445566;display:block;">Bafflack / Curski / Drifblim-Variant / Jackourd-* / Coilrig / Pollugonal</em></div><div class="chat chatmessage-kerosenezanchu mine"><strong style="color:#4094b0"><small>☆</small><span class="username" data-name="KeroseneZanchu">KeroseneZanchu</span>:</strong> <em>ay glhf</em></div><div class="spacer battle-history"><br></div><div class="battle-history">Battle started between jazzmat and KeroseneZanchu!<br></div><div class="spacer battle-history"><br></div><div class="battle-history">jazzmat sent out Magcargo (<strong>Magcargo-Galar</strong>)!<br></div><div class="spacer battle-history"><br></div><div class="battle-history">Go! <strong>Bafflack</strong>!<br></div><div class="chat"><ul class="utilichart"><li class="result"><span class="col pokemonnamecol" style="white-space: nowrap">Bafflack</span> <span class="col typecol"><img src="https://play.pokemonshowdown.com/sprites/types/Water.png" alt="Water" height="14" width="32"></span> <span style="float: left ; min-height: 26px"><span class="col abilitycol">Psychic Surge / Cloud Nine / Pure Power</span><span class="col abilitycol"></span></span></li><li style="clear: both"></li></ul></div><div class="chat"><ul class="utilichart"><li class="result"><span style="float: left ; min-height: 26px"><span class="col statcol"><em>HP</em><br>80</span> <span class="col statcol"><em>Atk</em><br>69</span> <span class="col statcol"><em>Def</em><br>18</span> <span class="col statcol"><em>SpA</em><br>135</span> <span class="col statcol"><em>SpD</em><br>110</span> <span class="col statcol"><em>Spe</em><br>105</span> </span></li><li style="clear: both"></li></ul></div><div class="battle-history"><small>(Bafflack was created by KeroseneZanchu!)</small><br></div><div class="chat"><ul class="utilichart"><li class="result"><span class="col pokemonnamecol" style="white-space: nowrap">Magcargo-Galar</span> <span class="col typecol"><img src="https://play.pokemonshowdown.com/sprites/types/Steel.png" alt="Steel" height="14" width="32"><img src="https://play.pokemonshowdown.com/sprites/types/Poison.png" alt="Poison" height="14" width="32"></span> <span style="float: left ; min-height: 26px"><span class="col abilitycol">Steam Engine / Flame Body / Gooey</span><span class="col abilitycol"></span></span></li><li style="clear: both"></li></ul></div><div class="chat"><ul class="utilichart"><li class="result"><span style="float: left ; min-height: 26px"><span class="col statcol"><em>HP</em><br>60</span> <span class="col statcol"><em>Atk</em><br>50</span> <span class="col statcol"><em>Def</em><br>60</span> <span class="col statcol"><em>SpA</em><br>90</span> <span class="col statcol"><em>SpD</em><br>60</span> <span class="col statcol"><em>Spe</em><br>110</span> </span></li><li style="clear: both"></li></ul></div><div class="battle-history"><small>(Magcargo-Galar was created by quagsi!)</small><br></div><div class="spacer battle-history"><br></div><h2 class="battle-history">Turn 1</h2><div class="chat chatmessage-jazzmat"><strong style="color:#bf458a"><small>☆</small><span class="username" data-name="jazzmat">jazzmat</span>:</strong> <em>u2!</em></div><div class="chat"><small> regic boat joined</small></div><div class="chat"><div class="infobox">Magcargo-Galar (ignoring abilities):<br><span class="message-effect-weak">Weaknesses</span>: Fire, <b>Ground</b><br><span class="message-effect-resist">Resistances</span>: <b>Bug</b>, Dragon, <b>Fairy</b>, Flying, <b>Grass</b>, Ice, Normal, Rock, Steel<br><span class="message-effect-immune">Immunities</span>: Poison, Sandstorm damage, Toxic</div></div><div class="chat chatmessage-regicboat"><strong style="color:#7732e7"><small> </small><span class="username" data-name="regic boat">regic boat</span>:</strong> <em>what is bafflack an evo of?</em></div><div class="chat chatmessage-kerosenezanchu mine"><strong style="color:#4094b0"><small>☆</small><span class="username" data-name="KeroseneZanchu">KeroseneZanchu</span>:</strong> <em>hm</em></div><div class="chat chatmessage-kerosenezanchu mine"><strong style="color:#4094b0"><small>☆</small><span class="username" data-name="KeroseneZanchu">KeroseneZanchu</span>:</strong> <em>golduck</em></div><div class="spacer battle-history"><br></div><div class="battle-history">Bafflack used <strong>Flip Turn</strong>!<br></div><div class="battle-history"><small>(The opposing Magcargo lost 97% of its health!)</small><br></div><div class="battle-history">[The opposing Magcargo's Steam Engine]<br></div><div class="battle-history"><small>The opposing Magcargo's Speed rose drastically!</small><br></div><div class="spacer battle-history"><br></div><div class="battle-history">Bafflack, come back!<br></div><div class="battle-history">Go! <strong>Coilrig</strong>!<br></div><div class="chat"><ul class="utilichart"><li class="result"><span class="col pokemonnamecol" style="white-space: nowrap">Coilrig</span> <span class="col typecol"><img src="https://play.pokemonshowdown.com/sprites/types/Ground.png" alt="Ground" height="14" width="32"><img src="https://play.pokemonshowdown.com/sprites/types/Poison.png" alt="Poison" height="14" width="32"></span> <span style="float: left ; min-height: 26px"><span class="col abilitycol">Sand Spit / Shed Skin / Liquid Ooze</span><span class="col abilitycol"></span></span></li><li style="clear: both"></li></ul></div><div class="chat"><ul class="utilichart"><li class="result"><span style="float: left ; min-height: 26px"><span class="col statcol"><em>HP</em><br>77</span> <span class="col statcol"><em>Atk</em><br>107</span> <span class="col statcol"><em>Def</em><br>130</span> <span class="col statcol"><em>SpA</em><br>105</span> <span class="col statcol"><em>SpD</em><br>75</span> <span class="col statcol"><em>Spe</em><br>41</span> </span></li><li style="clear: both"></li></ul></div><div class="battle-history"><small>(Coilrig was created by Hematite!)</small><br></div><div class="spacer battle-history"><br></div><div class="battle-history">The opposing Magcargo used <strong>Stealth Rock</strong>!<br></div><div class="battle-history"><small>Pointed stones float in the air around your team!</small><br></div><div class="spacer battle-history"><br></div><h2 class="battle-history">Turn 2</h2><div class="spacer battle-history"><br></div><div class="battle-history">The opposing Magcargo used <strong>Earth Power</strong>!<br></div><div class="battle-history"><small>It's super effective!</small><br></div><div class="battle-history"><small>(Coilrig lost <abbr title="−216/358">60.3%</abbr> of its health!)</small><br></div><div class="spacer battle-history"><br></div><div class="battle-history">Coilrig used <strong>Scorching Sands</strong>!<br></div><div class="battle-history"><small>It's super effective!</small><br></div><div class="battle-history"><small>(The opposing Magcargo lost 3% of its health!)</small><br></div><div class="spacer battle-history"><br></div><div class="battle-history">The opposing Magcargo fainted!<br></div><div class="spacer battle-history"><br></div><div class="battle-history"><small>Coilrig restored a little HP using its Black Sludge!</small><br></div><div class="chat chatmessage-jazzmat"><strong style="color:#bf458a"><small>☆</small><span class="username" data-name="jazzmat">jazzmat</span>:</strong> <em>well that didn't do as much as I'd hoped lol</em></div><div class="chat chatmessage-kerosenezanchu mine"><strong style="color:#4094b0"><small>☆</small><span class="username" data-name="KeroseneZanchu">KeroseneZanchu</span>:</strong> <em>i</em></div><div class="spacer battle-history"><br></div><div class="battle-history">jazzmat sent out Lombre (<strong>Lombre-Ultra</strong>)!<br></div><div class="chat"><ul class="utilichart"><li class="result"><span class="col pokemonnamecol" style="white-space: nowrap">Lombre-Ultra</span> <span class="col typecol"><img src="https://play.pokemonshowdown.com/sprites/types/Fire.png" alt="Fire" height="14" width="32"><img src="https://play.pokemonshowdown.com/sprites/types/Grass.png" alt="Grass" height="14" width="32"></span> <span style="float: left ; min-height: 26px"><span class="col abilitycol">Lava Flow / Vital Spirit / Beast Boost</span><span class="col abilitycol"></span></span></li><li style="clear: both"></li></ul></div><div class="chat"><ul class="utilichart"><li class="result"><span style="float: left ; min-height: 26px"><span class="col statcol"><em>HP</em><br>59</span> <span class="col statcol"><em>Atk</em><br>47</span> <span class="col statcol"><em>Def</em><br>41</span> <span class="col statcol"><em>SpA</em><br>73</span> <span class="col statcol"><em>SpD</em><br>67</span> <span class="col statcol"><em>Spe</em><br>53</span> </span></li><li style="clear: both"></li></ul></div><div class="battle-history"><small>(Lombre-Ultra was created by Violet!)</small><br></div><div class="spacer battle-history"><br></div><h2 class="battle-history">Turn 3</h2><div class="spacer battle-history"><br></div><div class="battle-history">The opposing Lombre used <strong>Fake Out</strong>!<br></div><div class="battle-history"><small>(Coilrig lost <abbr title="−15/358">4.2%</abbr> of its health!)</small><br></div><div class="spacer battle-history"><br></div><div class="battle-history">Coilrig flinched and couldn't move!<br></div><div class="spacer battle-history"><br></div><div class="battle-history"><small>Coilrig restored a little HP using its Black Sludge!</small><br></div><div class="spacer battle-history"><br></div><h2 class="battle-history">Turn 4</h2><div class="spacer battle-history"><br></div><div class="battle-history">The opposing Lombre used <strong>Scorching Sands</strong>!<br></div><div class="battle-history"><small>It's super effective!</small><br></div><div class="battle-history"><small>(Coilrig lost <abbr title="−134/358">37.4%</abbr> of its health!)</small><br></div><div class="spacer battle-history"><br></div><div class="battle-history">Coilrig used <strong>Glare</strong>!<br></div><div class="battle-history"><small>The opposing Lombre is paralyzed! It may be unable to move!</small><br></div><div class="spacer battle-history"><br></div><div class="battle-history"><small>Coilrig restored a little HP using its Black Sludge!</small><br></div><div class="spacer battle-history"><br></div><h2 class="battle-history">Turn 5</h2><div class="spacer battle-history"><br></div><div class="battle-history">Coilrig, come back!<br></div><div class="battle-history">Go! Drifblim (<strong>Drifblim-Variant</strong>)!<br></div><div class="chat"><ul class="utilichart"><li class="result"><span class="col pokemonnamecol" style="white-space: nowrap">Drifblim-Variant</span> <span class="col typecol"><img src="https://play.pokemonshowdown.com/sprites/types/Fire.png" alt="Fire" height="14" width="32"><img src="https://play.pokemonshowdown.com/sprites/types/Flying.png" alt="Flying" height="14" width="32"></span> <span style="float: left ; min-height: 26px"><span class="col abilitycol">Emergency Exit</span><span class="col abilitycol"></span></span></li><li style="clear: both"></li></ul></div><div class="chat"><ul class="utilichart"><li class="result"><span style="float: left ; min-height: 26px"><span class="col statcol"><em>HP</em><br>140</span> <span class="col statcol"><em>Atk</em><br>70</span> <span class="col statcol"><em>Def</em><br>24</span> <span class="col statcol"><em>SpA</em><br>84</span> <span class="col statcol"><em>SpD</em><br>74</span> <span class="col statcol"><em>Spe</em><br>106</span> </span></li><li style="clear: both"></li></ul></div><div class="battle-history"><small>(Drifblim-Variant was created by inkbug!)</small><br></div><div class="spacer battle-history"><br></div><div class="battle-history">The opposing Lombre used <strong>Scorching Sands</strong>!<br></div><div class="battle-history"><small>It doesn't affect Drifblim...</small><br></div><div class="spacer battle-history"><br></div><h2 class="battle-history">Turn 6</h2><div class="spacer battle-history"><br></div><div class="battle-history">jazzmat withdrew Lombre!<br></div><div class="battle-history">jazzmat sent out <strong>Gourmant</strong>!<br></div><div class="chat"><ul class="utilichart"><li class="result"><span class="col pokemonnamecol" style="white-space: nowrap">Gourmant</span> <span class="col typecol"><img src="https://play.pokemonshowdown.com/sprites/types/Fire.png" alt="Fire" height="14" width="32"><img src="https://play.pokemonshowdown.com/sprites/types/Dark.png" alt="Dark" height="14" width="32"></span> <span style="float: left ; min-height: 26px"><span class="col abilitycol">Gluttony / Flash Fire / White Smoke</span><span class="col abilitycol"></span></span></li><li style="clear: both"></li></ul></div><div class="chat"><ul class="utilichart"><li class="result"><span style="float: left ; min-height: 26px"><span class="col statcol"><em>HP</em><br>85</span> <span class="col statcol"><em>Atk</em><br>137</span> <span class="col statcol"><em>Def</em><br>66</span> <span class="col statcol"><em>SpA</em><br>105</span> <span class="col statcol"><em>SpD</em><br>66</span> <span class="col statcol"><em>Spe</em><br>75</span> </span></li><li style="clear: both"></li></ul></div><div class="battle-history"><small>(Gourmant was created by quagsi!)</small><br></div><div class="spacer battle-history"><br></div><div class="battle-history">Drifblim used <strong>Defog</strong>!<br></div><div class="battle-history"><small>The opposing Gourmant's evasiveness fell!</small><br></div><div class="battle-history"><small>The pointed stones disappeared from around your team!</small><br></div><div class="spacer battle-history"><br></div><h2 class="battle-history">Turn 7</h2><div class="spacer battle-history"><br></div><div class="battle-history">Drifblim used <strong>Pain Split</strong>!<br></div><div class="battle-history"><small>The battlers shared their pain!</small><br></div><div class="spacer battle-history"><br></div><div class="battle-history">The opposing Gourmant used <strong>Knock Off</strong>!<br></div><div class="battle-history"><small>(Drifblim lost <abbr title="−428/483">88.6%</abbr> of its health!)</small><br></div><div class="battle-history"><small>The opposing Gourmant knocked off Drifblim's Heavy-Duty Boots!</small><br></div><div class="spacer battle-history"><br></div><div class="battle-history">Drifblim fainted!<br></div><div class="chat chatmessage-kerosenezanchu mine"><strong style="color:#4094b0"><small>☆</small><span class="username" data-name="KeroseneZanchu">KeroseneZanchu</span>:</strong> <em><s>i forgot drifblim was speed</s></em></div><div class="chat chatmessage-jazzmat"><strong style="color:#bf458a"><small>☆</small><span class="username" data-name="jazzmat">jazzmat</span>:</strong> <em>speed balloon</em></div><div class="spacer battle-history"><br></div><div class="battle-history">Go! <strong>Curski</strong>!<br></div><div class="chat"><ul class="utilichart"><li class="result"><span class="col pokemonnamecol" style="white-space: nowrap">Curski</span> <span class="col typecol"><img src="https://play.pokemonshowdown.com/sprites/types/Dark.png" alt="Dark" height="14" width="32"></span> <span style="float: left ; min-height: 26px"><span class="col abilitycol">Dark Aura / Infiltrator</span><span class="col abilitycol"></span></span></li><li style="clear: both"></li></ul></div><div class="chat"><ul class="utilichart"><li class="result"><span style="float: left ; min-height: 26px"><span class="col statcol"><em>HP</em><br>50</span> <span class="col statcol"><em>Atk</em><br>117</span> <span class="col statcol"><em>Def</em><br>108</span> <span class="col statcol"><em>SpA</em><br>92</span> <span class="col statcol"><em>SpD</em><br>108</span> <span class="col statcol"><em>Spe</em><br>35</span> </span></li><li style="clear: both"></li></ul></div><div class="battle-history"><small>(Curski was created by KeroseneZanchu!)</small><br></div><div class="battle-history">[Curski's Dark Aura]<br><small>Curski is radiating a dark aura!</small><br></div><div class="spacer battle-history"><br></div><h2 class="battle-history">Turn 8</h2><div class="spacer battle-history"><br></div><div class="battle-history">The opposing Gourmant used <strong>Fire Lash</strong>!<br></div><div class="battle-history"><small>(Curski lost <abbr title="−142/303">46.9%</abbr> of its health!)</small><br></div><div class="battle-history"><small>Curski's Defense fell!</small><br></div><div class="spacer battle-history"><br></div><div class="battle-history">Curski used <strong>Baddy Bad</strong>!<br></div><div class="battle-history"><small>It's not very effective...</small><br></div><div class="battle-history"><small>(The opposing Gourmant lost 30% of its health!)</small><br></div><div class="battle-history"><small>Reflect made your team stronger against physical moves!</small><br></div><div class="spacer battle-history"><br></div><h2 class="battle-history">Turn 9</h2><div class="spacer battle-history"><br></div><div class="battle-history">The opposing Gourmant used <strong>Drain Punch</strong>!<br></div><div class="battle-history"><small>It's super effective!</small><br></div><div class="battle-history"><small>(Curski lost <abbr title="−141/303">46.5%</abbr> of its health!)</small><br></div><div class="battle-history"><small>Curski had its energy drained!</small><br></div><div class="spacer battle-history"><br></div><div class="battle-history">Curski used <strong>Payback</strong>!<br></div><div class="battle-history"><small>It's not very effective...</small><br></div><div class="battle-history"><small>(The opposing Gourmant lost 53% of its health!)</small><br></div><div class="spacer battle-history"><br></div><h2 class="battle-history">Turn 10</h2><div class="spacer battle-history"><br></div><div class="battle-history">Curski used <strong>Sucker Punch</strong>!<br></div><div class="battle-history"><small>It's not very effective...</small><br></div><div class="battle-history"><small>(The opposing Gourmant lost 36% of its health!)</small><br></div><div class="spacer battle-history"><br></div><div class="battle-history">The opposing Gourmant fainted!<br></div><div class="chat chatmessage-regicboat"><strong style="color:#7732e7"><small> </small><span class="username" data-name="regic boat">regic boat</span>:</strong> <em>baddy bad</em></div><div class="chat chatmessage-kerosenezanchu mine"><strong style="color:#4094b0"><small>☆</small><span class="username" data-name="KeroseneZanchu">KeroseneZanchu</span>:</strong> <em>damn</em></div><div class="chat chatmessage-kerosenezanchu mine"><strong style="color:#4094b0"><small>☆</small><span class="username" data-name="KeroseneZanchu">KeroseneZanchu</span>:</strong> <em>apparently curski wins that 1v1???</em></div><div class="chat chatmessage-jazzmat"><strong style="color:#bf458a"><small>☆</small><span class="username" data-name="jazzmat">jazzmat</span>:</strong> <em>should have used sucker punch myself</em></div><div class="chat chatmessage-kerosenezanchu mine"><strong style="color:#4094b0"><small>☆</small><span class="username" data-name="KeroseneZanchu">KeroseneZanchu</span>:</strong> <em>that sounds vaguely nonsensical but i'll take it xd</em></div><div class="spacer battle-history"><br></div><div class="battle-history">jazzmat sent out <strong>Coconfetti</strong>!<br></div><div class="chat"><ul class="utilichart"><li class="result"><span class="col pokemonnamecol" style="white-space: nowrap">Coconfetti</span> <span class="col typecol"><img src="https://play.pokemonshowdown.com/sprites/types/Bug.png" alt="Bug" height="14" width="32"></span> <span style="float: left ; min-height: 26px"><span class="col abilitycol">Fluffy / Friend Guard</span><span class="col abilitycol"></span></span></li><li style="clear: both"></li></ul></div><div class="chat"><ul class="utilichart"><li class="result"><span style="float: left ; min-height: 26px"><span class="col statcol"><em>HP</em><br>80</span> <span class="col statcol"><em>Atk</em><br>70</span> <span class="col statcol"><em>Def</em><br>90</span> <span class="col statcol"><em>SpA</em><br>27</span> <span class="col statcol"><em>SpD</em><br>35</span> <span class="col statcol"><em>Spe</em><br>109</span> </span></li><li style="clear: both"></li></ul></div><div class="battle-history"><small>(Coconfetti was created by quagsi!)</small><br></div><div class="spacer battle-history"><br></div><h2 class="battle-history">Turn 11</h2><div class="spacer battle-history"><br></div><div class="battle-history">The opposing Coconfetti used <strong>Cotton Guard</strong>!<br></div><div class="battle-history"><small>The opposing Coconfetti's Defense rose drastically!</small><br></div><div class="spacer battle-history"><br></div><div class="battle-history">Curski used <strong>Payback</strong>!<br></div><div class="battle-history"><small>(The opposing Coconfetti lost 22% of its health!)</small><br></div><div class="spacer battle-history"><br></div><h2 class="battle-history">Turn 12</h2><div class="spacer battle-history"><br></div><div class="battle-history">Curski, come back!<br></div><div class="battle-history">Go! <strong>Coilrig</strong>!<br></div><div class="spacer battle-history"><br></div><div class="battle-history">The opposing Coconfetti used <strong>Body Press</strong>!<br></div><div class="battle-history"><small>It's not very effective...</small><br></div><div class="battle-history"><small>(Coilrig lost <abbr title="−26/358">7.3%</abbr> of its health!)</small><br></div><div class="spacer battle-history"><br></div><div class="battle-history"><small>Coilrig restored a little HP using its Black Sludge!</small><br></div><div class="battle-history"><small>Your team's Reflect wore off!</small><br></div><div class="spacer battle-history"><br></div><h2 class="battle-history">Turn 13</h2><div class="spacer battle-history"><br></div><div class="battle-history">The opposing Coconfetti used <strong>Body Press</strong>!<br></div><div class="battle-history"><small>It's not very effective...</small><br></div><div class="battle-history"><small>(Coilrig lost <abbr title="−55/358">15.4%</abbr> of its health!)</small><br></div><div class="spacer battle-history"><br></div><div class="battle-history">Coilrig fainted!<br></div><div class="spacer battle-history"><br></div><div class="battle-history">Go! <strong>Pollugonal</strong>!<br></div><div class="chat"><ul class="utilichart"><li class="result"><span class="col pokemonnamecol" style="white-space: nowrap">Pollugonal</span> <span class="col typecol"><img src="https://play.pokemonshowdown.com/sprites/types/Ice.png" alt="Ice" height="14" width="32"><img src="https://play.pokemonshowdown.com/sprites/types/Poison.png" alt="Poison" height="14" width="32"></span> <span style="float: left ; min-height: 26px"><span class="col abilitycol">Levitate</span><span class="col abilitycol"></span></span></li><li style="clear: both"></li></ul></div><div class="chat"><ul class="utilichart"><li class="result"><span style="float: left ; min-height: 26px"><span class="col statcol"><em>HP</em><br>90</span> <span class="col statcol"><em>Atk</em><br>50</span> <span class="col statcol"><em>Def</em><br>50</span> <span class="col statcol"><em>SpA</em><br>95</span> <span class="col statcol"><em>SpD</em><br>140</span> <span class="col statcol"><em>Spe</em><br>105</span> </span></li><li style="clear: both"></li></ul></div><div class="battle-history"><small>(Pollugonal was created by Magmajudis!)</small><br></div><div class="spacer battle-history"><br></div><h2 class="battle-history">Turn 14</h2><div class="spacer battle-history"><br></div><div class="battle-history">The opposing Coconfetti used <strong>Body Press</strong>!<br></div><div class="battle-history"><small>(Pollugonal lost <abbr title="−268/383">70.0%</abbr> of its health!)</small><br></div><div class="spacer battle-history"><br></div><div class="battle-history">Pollugonal used <strong>Freeze-Dry</strong>!<br></div><div class="battle-history"><small>(The opposing Coconfetti lost 61% of its health!)</small><br></div><div class="spacer battle-history"><br></div><h2 class="battle-history">Turn 15</h2><div class="spacer battle-history"><br></div><div class="battle-history">Pollugonal, come back!<br></div><div class="battle-history">Go! Jackourd (<strong>Jackourd-Large</strong>)!<br></div><div class="chat"><ul class="utilichart"><li class="result"><span class="col pokemonnamecol" style="white-space: nowrap">Jackourd-Large</span> <span class="col typecol"><img src="https://play.pokemonshowdown.com/sprites/types/Ghost.png" alt="Ghost" height="14" width="32"><img src="https://play.pokemonshowdown.com/sprites/types/Grass.png" alt="Grass" height="14" width="32"></span> <span style="float: left ; min-height: 26px"><span class="col abilitycol">Pickup / Harvest / Hoard</span><span class="col abilitycol"></span></span></li><li style="clear: both"></li></ul></div><div class="chat"><ul class="utilichart"><li class="result"><span style="float: left ; min-height: 26px"><span class="col statcol"><em>HP</em><br>85</span> <span class="col statcol"><em>Atk</em><br>101</span> <span class="col statcol"><em>Def</em><br>122</span> <span class="col statcol"><em>SpA</em><br>76</span> <span class="col statcol"><em>SpD</em><br>75</span> <span class="col statcol"><em>Spe</em><br>72</span> </span></li><li style="clear: both"></li></ul></div><div class="battle-history"><small>(Jackourd-Large was created by KeroseneZanchu!)</small><br></div><div class="spacer battle-history"><br></div><div class="battle-history">The opposing Coconfetti used <strong>Body Press</strong>!<br></div><div class="battle-history"><small>It doesn't affect Jackourd...</small><br></div><div class="spacer battle-history"><br></div><h2 class="battle-history">Turn 16</h2><div class="spacer battle-history"><br></div><div class="battle-history">The opposing Coconfetti used <strong>Leech Life</strong>!<br></div><div class="battle-history"><small>(Jackourd lost <abbr title="−76/311">24.4%</abbr> of its health!)</small><br></div><div class="battle-history"><small>Jackourd had its energy drained!</small><br></div><div class="spacer battle-history"><br></div><div class="battle-history">Jackourd used <strong>Poltergeist</strong>!<br></div><div class="battle-history"><small>The opposing Coconfetti is about to be attacked by its Heavy-Duty Boots!</small><br></div><div class="battle-history"><small>(The opposing Coconfetti lost 25% of its health!)</small><br></div><div class="spacer battle-history"><br></div><h2 class="battle-history">Turn 17</h2><div class="spacer battle-history"><br></div><div class="battle-history">jazzmat withdrew Coconfetti!<br></div><div class="battle-history">jazzmat sent out Lombre (<strong>Lombre-Ultra</strong>)!<br></div><div class="spacer battle-history"><br></div><div class="battle-history">Jackourd used <strong>Shadow Sneak</strong>!<br></div><div class="battle-history"><small>(The opposing Lombre lost 28% of its health!)</small><br></div><div class="spacer battle-history"><br></div><h2 class="battle-history">Turn 18</h2><div class="spacer battle-history"><br></div><div class="battle-history">Jackourd used <strong>Poltergeist</strong>!<br></div><div class="battle-history"><small>The opposing Lombre avoided the attack!</small><br></div><div class="spacer battle-history"><br></div><div class="battle-history">The opposing Lombre used <strong>Flamethrower</strong>!<br></div><div class="battle-history"><small>It's super effective!</small><br></div><div class="battle-history"><small>(Jackourd lost <abbr title="−235/311">75.6%</abbr> of its health!)</small><br></div><div class="spacer battle-history"><br></div><div class="battle-history">Jackourd fainted!<br></div><div class="battle-history">[The opposing Lombre's Beast Boost]<br></div><div class="battle-history"><small>The opposing Lombre's Sp. Atk rose!</small><br></div><div class="chat chatmessage-kerosenezanchu mine"><strong style="color:#4094b0"><small>☆</small><span class="username" data-name="KeroseneZanchu">KeroseneZanchu</span>:</strong> <em>rngesus</em></div><div class="chat chatmessage-kerosenezanchu mine"><strong style="color:#4094b0"><small>☆</small><span class="username" data-name="KeroseneZanchu">KeroseneZanchu</span>:</strong> <em>why</em></div><div class="chat chatmessage-regicboat"><strong style="color:#7732e7"><small> </small><span class="username" data-name="regic boat">regic boat</span>:</strong> <em>rng sus</em></div><div class="spacer battle-history"><br></div><div class="battle-history">Go! <strong>Bafflack</strong>!<br></div><div class="spacer battle-history"><br></div><h2 class="battle-history">Turn 19</h2><div class="spacer battle-history"><br></div><div class="battle-history">Bafflack used <strong>Liquidation</strong>!<br></div><div class="battle-history"><small>(The opposing Lombre lost 72% of its health!)</small><br></div><div class="spacer battle-history"><br></div><div class="battle-history">The opposing Lombre fainted!<br></div><div class="chat"><ul class="utilichart"><li class="result"><span class="col movenamecol"><a href="https://dex.pokemonshowdown.com/moves/poltergeist" target="_blank" rel="noopener">Poltergeist</a></span> <span class="col typecol"><img src="//play.pokemonshowdown.com/sprites/types/Ghost.png" alt="Ghost" width="32" height="14"><img src="//play.pokemonshowdown.com/sprites/categories/Physical.png" alt="Physical" width="32" height="14"></span> <span class="col labelcol"><em>Power</em><br>110</span> <span class="col widelabelcol"><em>Accuracy</em><br>90%</span> <span class="col pplabelcol"><em>PP</em><br>8</span> <span class="col movedesccol">Fails if the target has no held item.</span> </li><li style="clear: both"></li></ul></div><div class="chat"><font size="1"><font color="#686868">Priority:</font> 0&nbsp;|  <font color="#686868">Gen:</font> 8&nbsp;|  <font color="#686868">Z-Power:</font> 185&nbsp;|  <font color="#686868">Dynamax Power:</font> 140&nbsp;|  <font color="#686868">Target:</font> One Adjacent Pokémon</font></div><div class="chat chatmessage-jazzmat"><strong style="color:#bf458a"><small>☆</small><span class="username" data-name="jazzmat">jazzmat</span>:</strong> <em>wait idk if i was actually getting my eviolite boost?</em></div><div class="chat chatmessage-jazzmat"><strong style="color:#bf458a"><small>☆</small><span class="username" data-name="jazzmat">jazzmat</span>:</strong> <em>it just showed me having lower speed and raised spa</em></div><div class="chat chatmessage-jazzmat"><strong style="color:#bf458a"><small>☆</small><span class="username" data-name="jazzmat">jazzmat</span>:</strong> <em>oh well</em></div><div class="spacer battle-history"><br></div><div class="battle-history">jazzmat sent out <strong>Coconfetti</strong>!<br></div><div class="spacer battle-history"><br></div><h2 class="battle-history">Turn 20</h2><div class="spacer battle-history"><br></div><div class="battle-history">Bafflack used <strong>Liquidation</strong>!<br></div><div class="battle-history"><small>(The opposing Coconfetti lost 5% of its health!)</small><br></div><div class="spacer battle-history"><br></div><div class="battle-history">The opposing Coconfetti fainted!<br></div><div class="chat chatmessage-jazzmat"><strong style="color:#bf458a"><small>☆</small><span class="username" data-name="jazzmat">jazzmat</span>:</strong> <em>scarf of course</em></div><div class="spacer battle-history"><br></div><div class="battle-history">jazzmat sent out Goodra (<strong>Goodra-Arctara</strong>)!<br></div><div class="chat"><ul class="utilichart"><li class="result"><span class="col pokemonnamecol" style="white-space: nowrap">Goodra-Arctara</span> <span class="col typecol"><img src="https://play.pokemonshowdown.com/sprites/types/Water.png" alt="Water" height="14" width="32"><img src="https://play.pokemonshowdown.com/sprites/types/Ice.png" alt="Ice" height="14" width="32"></span> <span style="float: left ; min-height: 26px"><span class="col abilitycol">Stamina / Hydration / Water Absorb</span><span class="col abilitycol"></span></span></li><li style="clear: both"></li></ul></div><div class="chat"><ul class="utilichart"><li class="result"><span style="float: left ; min-height: 26px"><span class="col statcol"><em>HP</em><br>50</span> <span class="col statcol"><em>Atk</em><br>110</span> <span class="col statcol"><em>Def</em><br>70</span> <span class="col statcol"><em>SpA</em><br>110</span> <span class="col statcol"><em>SpD</em><br>150</span> <span class="col statcol"><em>Spe</em><br>110</span> </span></li><li style="clear: both"></li></ul></div><div class="battle-history"><small>(Goodra-Arctara was created by ausma!)</small><br></div><div class="spacer battle-history"><br></div><h2 class="battle-history">Turn 21</h2><div class="spacer battle-history"><br></div><div class="battle-history">Bafflack, come back!<br></div><div class="battle-history">Go! <strong>Pollugonal</strong>!<br></div><div class="spacer battle-history"><br></div><div class="battle-history">The opposing Goodra used <strong>Surf</strong>!<br></div><div class="battle-history"><small>(Pollugonal lost <abbr title="−81/383">21.1%</abbr> of its health!)</small><br></div><div class="spacer battle-history"><br></div><h2 class="battle-history">Turn 22</h2><div class="spacer battle-history"><br></div><div class="battle-history">The opposing Goodra used <strong>Surf</strong>!<br></div><div class="battle-history"><small>(Pollugonal lost <abbr title="−34/383">8.9%</abbr> of its health!)</small><br></div><div class="spacer battle-history"><br></div><div class="battle-history">Pollugonal fainted!<br></div><div class="spacer battle-history"><br></div><div class="battle-history">Go! <strong>Curski</strong>!<br></div><div class="battle-history">[Curski's Dark Aura]<br><small>Curski is radiating a dark aura!</small><br></div><div class="spacer battle-history"><br></div><h2 class="battle-history">Turn 23</h2><div class="spacer battle-history"><br></div><div class="battle-history">Curski used <strong>Sucker Punch</strong>!<br></div><div class="battle-history"><small>(The opposing Goodra lost 89% of its health!)</small><br></div><div class="battle-history">[The opposing Goodra's Stamina]<br></div><div class="battle-history"><small>The opposing Goodra's Defense rose!</small><br></div><div class="spacer battle-history"><br></div><div class="battle-history">The opposing Goodra used <strong>Ice Beam</strong>!<br></div><div class="battle-history"><small>(Curski lost <abbr title="−20/303">6.6%</abbr> of its health!)</small><br></div><div class="spacer battle-history"><br></div><div class="battle-history">Curski fainted!<br></div><div class="spacer battle-history"><br></div><div class="battle-history"><small>The opposing Goodra restored a little HP using its Leftovers!</small><br></div><div class="spacer battle-history"><br></div><div class="battle-history">Go! <strong>Bafflack</strong>!<br></div><div class="spacer battle-history"><br></div><h2 class="battle-history">Turn 24</h2><div class="spacer battle-history"><br></div><div class="battle-history">Bafflack used <strong>Liquidation</strong>!<br></div><div class="battle-history"><small>It's not very effective...</small><br></div><div class="battle-history"><small>(The opposing Goodra lost 17% of its health!)</small><br></div><div class="spacer battle-history"><br></div><div class="battle-history">The opposing Goodra fainted!<br></div><div class="spacer battle-history"><br></div><div class="battle-history">jazzmat sent out <strong>Mezmir</strong>!<br></div><div class="chat"><ul class="utilichart"><li class="result"><span class="col pokemonnamecol" style="white-space: nowrap">Mezmir</span> <span class="col typecol"><img src="https://play.pokemonshowdown.com/sprites/types/Psychic.png" alt="Psychic" height="14" width="32"><img src="https://play.pokemonshowdown.com/sprites/types/Fighting.png" alt="Fighting" height="14" width="32"></span> <span style="float: left ; min-height: 26px"><span class="col abilitycol">Comatose / Forewarn / Inner Focus</span><span class="col abilitycol"></span></span></li><li style="clear: both"></li></ul></div><div class="chat"><ul class="utilichart"><li class="result"><span style="float: left ; min-height: 26px"><span class="col statcol"><em>HP</em><br>90</span> <span class="col statcol"><em>Atk</em><br>103</span> <span class="col statcol"><em>Def</em><br>70</span> <span class="col statcol"><em>SpA</em><br>73</span> <span class="col statcol"><em>SpD</em><br>115</span> <span class="col statcol"><em>Spe</em><br>77</span> </span></li><li style="clear: both"></li></ul></div><div class="battle-history"><small>(Mezmir was created by quagsi!)</small><br></div><div class="battle-history">[The opposing Mezmir's Comatose]<br><small>The opposing Mezmir is drowsing!</small><br></div><div class="spacer battle-history"><br></div><h2 class="battle-history">Turn 25</h2><div class="spacer battle-history"><br></div><div class="battle-history">Bafflack used <strong>Liquidation</strong>!<br></div><div class="battle-history"><small>(The opposing Mezmir lost 80% of its health!)</small><br></div><div class="battle-history"><small>(The opposing Mezmir ate its Sitrus Berry!)</small><br></div><div class="battle-history"><small>The opposing Mezmir restored HP using its Sitrus Berry!</small><br></div><div class="spacer battle-history"><br></div><div class="battle-history">The opposing Mezmir used <strong>Drain Punch</strong>!<br></div><div class="battle-history"><small>(Bafflack lost <abbr title="−301/301">100%</abbr> of its health!)</small><br></div><div class="battle-history"><small>Bafflack had its energy drained!</small><br></div><div class="spacer battle-history"><br></div><div class="battle-history">Bafflack fainted!<br></div><div class="spacer battle-history"><br></div><div class="battle-history"><strong>jazzmat</strong> won the battle!<br></div><div class="chat chatmessage-kerosenezanchu mine"><strong style="color:#4094b0"><small>☆</small><span class="username" data-name="KeroseneZanchu">KeroseneZanchu</span>:</strong> <em>gg</em></div><div class="chat chatmessage-jazzmat"><strong style="color:#bf458a"><small>☆</small><span class="username" data-name="jazzmat">jazzmat</span>:</strong> <em>gg</em></div><div class="chat chatmessage-jazzmat"><strong style="color:#bf458a"><small>☆</small><span class="username" data-name="jazzmat">jazzmat</span>:</strong> <em>that was ridiculously close</em></div><div class="chat chatmessage-kerosenezanchu mine"><strong style="color:#4094b0"><small>☆</small><span class="username" data-name="KeroseneZanchu">KeroseneZanchu</span>:</strong> <em><s>yeah, if only poltergeist didn't miss :pensive:</s></em></div></div><div class="inner-preempt message-log"></div></div></div>
</div>
<script>
let daily = Math.floor(Date.now()/1000/60/60/24);document.write('<script src="https://dragonheaven.herokuapp.com/js/replay-embed.js?version'+daily+'"></'+'script>');
</script>
