<!DOCTYPE html>
<meta charset="utf-8" />
<!-- version 1 -->
<title>[Gen 8] Evolution Project replay: Magmajudis vs. H2OPulse</title>
<style>
html,body {font-family:Verdana, sans-serif;font-size:10pt;margin:0;padding:0;}body{padding:12px 0;} .battle-log {font-family:Verdana, sans-serif;font-size:10pt;} .battle-log-inline {border:1px solid #AAAAAA;background:#EEF2F5;color:black;max-width:640px;margin:0 auto 80px;padding-bottom:5px;} .battle-log .inner {padding:4px 8px 0px 8px;} .battle-log .inner-preempt {padding:0 8px 4px 8px;} .battle-log .inner-after {margin-top:0.5em;} .battle-log h2 {margin:0.5em -8px;padding:4px 8px;border:1px solid #AAAAAA;background:#E0E7EA;border-left:0;border-right:0;font-family:Verdana, sans-serif;font-size:13pt;} .battle-log .chat {vertical-align:middle;padding:3px 0 3px 0;font-size:8pt;} .battle-log .chat strong {color:#40576A;} .battle-log .chat em {padding:1px 4px 1px 3px;color:#000000;font-style:normal;} .chat.mine {background:rgba(0,0,0,0.05);margin-left:-8px;margin-right:-8px;padding-left:8px;padding-right:8px;} .spoiler {color:#BBBBBB;background:#BBBBBB;padding:0px 3px;} .spoiler:hover, .spoiler:active, .spoiler-shown {color:#000000;background:#E2E2E2;padding:0px 3px;} .spoiler a {color:#BBBBBB;} .spoiler:hover a, .spoiler:active a, .spoiler-shown a {color:#2288CC;} .chat code, .chat .spoiler:hover code, .chat .spoiler:active code, .chat .spoiler-shown code {border:1px solid #C0C0C0;background:#EEEEEE;color:black;padding:0 2px;} .chat .spoiler code {border:1px solid #CCCCCC;background:#CCCCCC;color:#CCCCCC;} .battle-log .rated {padding:3px 4px;} .battle-log .rated strong {color:white;background:#89A;padding:1px 4px;border-radius:4px;} .spacer {margin-top:0.5em;} .message-announce {background:#6688AA;color:white;padding:1px 4px 2px;} .message-announce a, .broadcast-green a, .broadcast-blue a, .broadcast-red a {color:#DDEEFF;} .broadcast-green {background-color:#559955;color:white;padding:2px 4px;} .broadcast-blue {background-color:#6688AA;color:white;padding:2px 4px;} .infobox {border:1px solid #6688AA;padding:2px 4px;} .infobox-limited {max-height:200px;overflow:auto;overflow-x:hidden;} .broadcast-red {background-color:#AA5544;color:white;padding:2px 4px;} .message-learn-canlearn {font-weight:bold;color:#228822;text-decoration:underline;} .message-learn-cannotlearn {font-weight:bold;color:#CC2222;text-decoration:underline;} .message-effect-weak {font-weight:bold;color:#CC2222;} .message-effect-resist {font-weight:bold;color:#6688AA;} .message-effect-immune {font-weight:bold;color:#666666;} .message-learn-list {margin-top:0;margin-bottom:0;} .message-throttle-notice, .message-error {color:#992222;} .message-overflow, .chat small.message-overflow {font-size:0pt;} .message-overflow::before {font-size:9pt;content:'...';} .subtle {color:#3A4A66;}
</style>
<div class="wrapper replay-wrapper" style="max-width:1180px;margin:0 auto">
<input type="hidden" name="replayid" value="dragonheaven-gen8evolutionproject-2" />
<div class="battle"></div><div class="battle-log"></div><div class="replay-controls"></div><div class="replay-controls-2"></div>
<h1 style="font-weight:normal;text-align:center"><strong>[Gen 8] Evolution Project</strong><br /><a href="http://pokemonshowdown.com/users/magmajudis" class="subtle" target="_blank">Magmajudis</a> vs. <a href="http://pokemonshowdown.com/users/h2opulse" class="subtle" target="_blank">H2OPulse</a></h1>
<script type="text/plain" class="battle-log-data">|j|☆Magmajudis
|j|☆H2OPulse
|t:|1657616023
|player|p1|Magmajudis|steven|
|player|p2|H2OPulse|aetherfoundation|
|teamsize|p1|6
|teamsize|p2|6
|gametype|singles
|gen|8
|tier|[Gen 8] Evolution Project
|clearpoke
|poke|p1|Dewgong-Variant, F|
|poke|p1|Scrafiti, M|
|poke|p1|Balleringue, M|
|poke|p1|Noivern-Variant, M|
|poke|p1|Rubulwark, F|
|poke|p1|Orbeetle-Variant, F|
|poke|p2|Reuniclus-Neural, M|
|poke|p2|Orbeetle-Variant, M|
|poke|p2|Resurrectric, M|
|poke|p2|Milotic, M|
|poke|p2|Togekiss-Unidentified, F|
|poke|p2|Aleon, F|
|rule|HP Percentage Mod: HP is shown in percentages
|rule|Endless Battle Clause: Forcing endless battles is banned
|rule|OHKO Clause: OHKO moves are banned
|rule|Evasion Moves Clause: Evasion moves are banned
|rule|Species Clause: Limit one of each Pokémon
|rule|Dynamax Clause: You cannot dynamax
|rule|Sleep Clause Mod: Limit one foe put to sleep
|rule|Z-Move Clause: Type-based Z-Moves are banned
|teampreview
|c|☆Magmajudis|good luck and have fun!
|
|t:|1657616052
|start
|switch|p1a: Dewgong|Dewgong-Variant, F|100\/100
|switch|p2a: Touch-Me-Not|Reuniclus-Neural, M|100\/100
|-start|p2a: Touch-Me-Not|typechange|Fighting|[silent]
|raw|<ul class="utilichart"><li class="result"><span class="col pokemonnamecol" style="white-space: nowrap">Reuniclus-Neural<\/span> <span class="col typecol"><img src="https:\/\/dragonheaven.herokuapp.com\/sprites\/types\/Fighting.png" alt="Fighting" height="14" width="32"><\/span> <span style="float: left ; min-height: 26px"><span class="col abilitycol">Overcoat \/ Electric Surge \/ Regenerator<\/span><span class="col abilitycol"><\/span><\/span><\/li><li style="clear: both"><\/li><\/ul>
|raw|<ul class="utilichart"><li class="result"><span style="float: left ; min-height: 26px"><span class="col statcol"><em>HP<\/em><br>110<\/span> <span class="col statcol"><em>Atk<\/em><br>125<\/span> <span class="col statcol"><em>Def<\/em><br>65<\/span> <span class="col statcol"><em>SpA<\/em><br>65<\/span> <span class="col statcol"><em>SpD<\/em><br>85<\/span> <span class="col statcol"><em>Spe<\/em><br>40<\/span> <\/span><\/li><li style="clear: both"><\/li><\/ul>
|-hint|Reuniclus-Neural was created by ausma!
|-fieldstart|move: Electric Terrain|[from] ability: Electric Surge|[of] p2a: Touch-Me-Not
|-start|p1a: Dewgong|typechange|Normal|[silent]
|raw|<ul class="utilichart"><li class="result"><span class="col pokemonnamecol" style="white-space: nowrap">Dewgong-Variant<\/span> <span class="col typecol"><img src="https:\/\/dragonheaven.herokuapp.com\/sprites\/types\/Normal.png" alt="Normal" height="14" width="32"><\/span> <span style="float: left ; min-height: 26px"><span class="col abilitycol">Hydration \/ Adaptability \/ Thick Fat<\/span><span class="col abilitycol"><\/span><\/span><\/li><li style="clear: both"><\/li><\/ul>
|raw|<ul class="utilichart"><li class="result"><span style="float: left ; min-height: 26px"><span class="col statcol"><em>HP<\/em><br>90<\/span> <span class="col statcol"><em>Atk<\/em><br>50<\/span> <span class="col statcol"><em>Def<\/em><br>80<\/span> <span class="col statcol"><em>SpA<\/em><br>110<\/span> <span class="col statcol"><em>SpD<\/em><br>95<\/span> <span class="col statcol"><em>Spe<\/em><br>50<\/span> <\/span><\/li><li style="clear: both"><\/li><\/ul>
|-hint|Dewgong-Variant was created by Magmajudis!
|turn|1
|
|t:|1657616066
|switch|p1a: Orbeetle|Orbeetle-Variant, F|100\/100
|-start|p1a: Orbeetle|typechange|Bug\/Electric|[silent]
|raw|<ul class="utilichart"><li class="result"><span class="col pokemonnamecol" style="white-space: nowrap">Orbeetle-Variant<\/span> <span class="col typecol"><img src="https:\/\/dragonheaven.herokuapp.com\/sprites\/types\/Bug.png" alt="Bug" height="14" width="32"><img src="https:\/\/dragonheaven.herokuapp.com\/sprites\/types\/Electric.png" alt="Electric" height="14" width="32"><\/span> <span style="float: left ; min-height: 26px"><span class="col abilitycol">Swarm \/ Frisk \/ Cotton Down<\/span><span class="col abilitycol"><\/span><\/span><\/li><li style="clear: both"><\/li><\/ul>
|raw|<ul class="utilichart"><li class="result"><span style="float: left ; min-height: 26px"><span class="col statcol"><em>HP<\/em><br>60<\/span> <span class="col statcol"><em>Atk<\/em><br>45<\/span> <span class="col statcol"><em>Def<\/em><br>110<\/span> <span class="col statcol"><em>SpA<\/em><br>120<\/span> <span class="col statcol"><em>SpD<\/em><br>80<\/span> <span class="col statcol"><em>Spe<\/em><br>90<\/span> <\/span><\/li><li style="clear: both"><\/li><\/ul>
|-hint|Orbeetle-Variant was created by Magmajudis!
|move|p2a: Touch-Me-Not|Drain Punch|p1a: Orbeetle
|-resisted|p1a: Orbeetle
|-damage|p1a: Orbeetle|87\/100
|-ability|p1a: Orbeetle|Cotton Down
|-unboost|p2a: Touch-Me-Not|spe|1
|
|upkeep
|turn|2
|
|t:|1657616084
|switch|p2a: Zantedeschia|Resurrectric, M|100\/100
|-start|p2a: Zantedeschia|typechange|Ground\/Electric|[silent]
|raw|<ul class="utilichart"><li class="result"><span class="col pokemonnamecol" style="white-space: nowrap">Resurrectric<\/span> <span class="col typecol"><img src="https:\/\/dragonheaven.herokuapp.com\/sprites\/types\/Ground.png" alt="Ground" height="14" width="32"><img src="https:\/\/dragonheaven.herokuapp.com\/sprites\/types\/Electric.png" alt="Electric" height="14" width="32"><\/span> <span style="float: left ; min-height: 26px"><span class="col abilitycol">Inner Focus \/ Lightning Rod \/ Battle Armor<\/span><span class="col abilitycol"><\/span><\/span><\/li><li style="clear: both"><\/li><\/ul>
|raw|<ul class="utilichart"><li class="result"><span style="float: left ; min-height: 26px"><span class="col statcol"><em>HP<\/em><br>80<\/span> <span class="col statcol"><em>Atk<\/em><br>60<\/span> <span class="col statcol"><em>Def<\/em><br>130<\/span> <span class="col statcol"><em>SpA<\/em><br>125<\/span> <span class="col statcol"><em>SpD<\/em><br>80<\/span> <span class="col statcol"><em>Spe<\/em><br>45<\/span> <\/span><\/li><li style="clear: both"><\/li><\/ul>
|-hint|Resurrectric was created by Hematite!
|move|p1a: Orbeetle|Trick|p2a: Zantedeschia
|-activate|p1a: Orbeetle|move: Trick|[of] p2a: Zantedeschia
|-item|p2a: Zantedeschia|Choice Scarf|[from] move: Trick
|-item|p1a: Orbeetle|Thick Club|[from] move: Trick
|
|upkeep
|turn|3
|c|☆H2OPulse|I was going to say "let's find out if Scarf Resurrectric is viable? : D" but actually I am basically min Speed on this so--
|
|t:|1657616129
|move|p1a: Orbeetle|U-turn|p2a: Zantedeschia
|-damage|p2a: Zantedeschia|92\/100
|c|☆Magmajudis|ghgh
|
|t:|1657616178
|switch|p1a: Dewgong|Dewgong-Variant, F|100\/100|[from]move: U-turn
|-start|p1a: Dewgong|typechange|Normal|[silent]
|move|p2a: Zantedeschia|Rising Voltage|p1a: Dewgong
|-damage|p1a: Dewgong|16\/100
|
|upkeep
|turn|4
|c|☆Magmajudis|*ouch*
|
|t:|1657616191
|switch|p1a: Orbeetle|Orbeetle-Variant, F|87\/100
|-start|p1a: Orbeetle|typechange|Bug\/Electric|[silent]
|move|p2a: Zantedeschia|Rising Voltage|p1a: Orbeetle
|-resisted|p1a: Orbeetle
|-damage|p1a: Orbeetle|28\/100
|-ability|p1a: Orbeetle|Cotton Down
|-unboost|p2a: Zantedeschia|spe|1
|
|upkeep
|turn|5
|c|☆H2OPulse|WOW OKAY--
|
|t:|1657616204
|move|p1a: Orbeetle|Electro Ball|p2a: Zantedeschia
|-ability|p2a: Zantedeschia|Lightning Rod|boost
|-boost|p2a: Zantedeschia|spa|1
|move|p2a: Zantedeschia|Rising Voltage|p1a: Orbeetle
|-resisted|p1a: Orbeetle
|-damage|p1a: Orbeetle|0 fnt
|-ability|p1a: Orbeetle|Cotton Down
|-unboost|p2a: Zantedeschia|spe|1
|faint|p1a: Orbeetle
|
|upkeep
|c|☆H2OPulse|I... I have never used terrain-boosted Rising Voltage with this before
|c|☆Magmajudis|my brain is big and smart
|c|☆H2OPulse|Pff fair--
|
|t:|1657616220
|switch|p1a: Noivern|Noivern-Variant, M|100\/100
|-start|p1a: Noivern|typechange|Fighting\/Dragon|[silent]
|raw|<ul class="utilichart"><li class="result"><span class="col pokemonnamecol" style="white-space: nowrap">Noivern-Variant<\/span> <span class="col typecol"><img src="https:\/\/dragonheaven.herokuapp.com\/sprites\/types\/Fighting.png" alt="Fighting" height="14" width="32"><img src="https:\/\/dragonheaven.herokuapp.com\/sprites\/types\/Dragon.png" alt="Dragon" height="14" width="32"><\/span> <span style="float: left ; min-height: 26px"><span class="col abilitycol">Levitate<\/span><span class="col abilitycol"><\/span><\/span><\/li><li style="clear: both"><\/li><\/ul>
|raw|<ul class="utilichart"><li class="result"><span style="float: left ; min-height: 26px"><span class="col statcol"><em>HP<\/em><br>95<\/span> <span class="col statcol"><em>Atk<\/em><br>70<\/span> <span class="col statcol"><em>Def<\/em><br>80<\/span> <span class="col statcol"><em>SpA<\/em><br>97<\/span> <span class="col statcol"><em>SpD<\/em><br>80<\/span> <span class="col statcol"><em>Spe<\/em><br>113<\/span> <\/span><\/li><li style="clear: both"><\/li><\/ul>
|-hint|Noivern-Variant was created by Hematite!
|turn|6
|
|t:|1657616234
|move|p1a: Noivern|Draco Meteor|p2a: Zantedeschia
|-damage|p2a: Zantedeschia|32\/100
|-unboost|p1a: Noivern|spa|2
|move|p2a: Zantedeschia|Rising Voltage|p1a: Noivern
|-resisted|p1a: Noivern
|-damage|p1a: Noivern|55\/100
|
|upkeep
|turn|7
|c|☆H2OPulse|Fair okay adjfjg
|
|t:|1657616271
|switch|p2a: Astera|Aleon, F|100\/100
|-start|p2a: Astera|typechange|Normal|[silent]
|raw|<ul class="utilichart"><li class="result"><span class="col pokemonnamecol" style="white-space: nowrap">Aleon<\/span> <span class="col typecol"><img src="https:\/\/dragonheaven.herokuapp.com\/sprites\/types\/Normal.png" alt="Normal" height="14" width="32"><\/span> <span style="float: left ; min-height: 26px"><span class="col abilitycol">Adaptability \/ Normalize \/ Beast Boost<\/span><span class="col abilitycol"><\/span><\/span><\/li><li style="clear: both"><\/li><\/ul>
|raw|<ul class="utilichart"><li class="result"><span style="float: left ; min-height: 26px"><span class="col statcol"><em>HP<\/em><br>103<\/span> <span class="col statcol"><em>Atk<\/em><br>79<\/span> <span class="col statcol"><em>Def<\/em><br>53<\/span> <span class="col statcol"><em>SpA<\/em><br>89<\/span> <span class="col statcol"><em>SpD<\/em><br>67<\/span> <span class="col statcol"><em>Spe<\/em><br>134<\/span> <\/span><\/li><li style="clear: both"><\/li><\/ul>
|-hint|Aleon was created by inkbug!
|move|p1a: Noivern|Roost|p1a: Noivern
|-heal|p1a: Noivern|100\/100
|-singleturn|p1a: Noivern|move: Roost
|
|upkeep
|turn|8
|
|t:|1657616307
|move|p2a: Astera|Wish|p2a: Astera
|move|p1a: Noivern|U-turn|p2a: Astera
|-damage|p2a: Astera|86\/100
|
|t:|1657616310
|switch|p1a: Scrafiti|Scrafiti, M|100\/100|[from]move: U-turn
|-start|p1a: Scrafiti|typechange|Dark\/Fighting|[silent]
|raw|<ul class="utilichart"><li class="result"><span class="col pokemonnamecol" style="white-space: nowrap">Scrafiti<\/span> <span class="col typecol"><img src="https:\/\/dragonheaven.herokuapp.com\/sprites\/types\/Dark.png" alt="Dark" height="14" width="32"><img src="https:\/\/dragonheaven.herokuapp.com\/sprites\/types\/Fighting.png" alt="Fighting" height="14" width="32"><\/span> <span style="float: left ; min-height: 26px"><span class="col abilitycol">Shed Skin \/ Moxie \/ Prankster<\/span><span class="col abilitycol"><\/span><\/span><\/li><li style="clear: both"><\/li><\/ul>
|raw|<ul class="utilichart"><li class="result"><span style="float: left ; min-height: 26px"><span class="col statcol"><em>HP<\/em><br>65<\/span> <span class="col statcol"><em>Atk<\/em><br>100<\/span> <span class="col statcol"><em>Def<\/em><br>115<\/span> <span class="col statcol"><em>SpA<\/em><br>45<\/span> <span class="col statcol"><em>SpD<\/em><br>115<\/span> <span class="col statcol"><em>Spe<\/em><br>48<\/span> <\/span><\/li><li style="clear: both"><\/li><\/ul>
|-hint|Scrafiti was created by Magmajudis!
|
|-fieldend|move: Electric Terrain
|upkeep
|turn|9
|
|t:|1657616314
|move|p1a: Scrafiti|Dragon Dance|p1a: Scrafiti
|-boost|p1a: Scrafiti|atk|1
|-boost|p1a: Scrafiti|spe|1
|move|p2a: Astera|Volt Switch|p1a: Scrafiti
|-damage|p1a: Scrafiti|67\/100
|
|t:|1657616318
|switch|p2a: Zantedeschia|Resurrectric, M|32\/100|[from]move: Volt Switch
|-start|p2a: Zantedeschia|typechange|Ground\/Electric|[silent]
|
|-heal|p2a: Zantedeschia|89\/100|[from] move: Wish|[wisher] Astera
|-heal|p1a: Scrafiti|73\/100|[from] item: Leftovers
|upkeep
|turn|10
|c|☆H2OPulse|F...fear actually--
|
|t:|1657616349
|move|p1a: Scrafiti|Knock Off|p2a: Zantedeschia
|-damage|p2a: Zantedeschia|33\/100
|-enditem|p2a: Zantedeschia|Choice Scarf|[from] move: Knock Off|[of] p1a: Scrafiti
|move|p2a: Zantedeschia|Volt Switch|p1a: Scrafiti
|-damage|p1a: Scrafiti|30\/100
|
|t:|1657616381
|switch|p2a: Pilea Pepero|Togekiss-Unidentified, F|100\/100|[from]move: Volt Switch
|-start|p2a: Pilea Pepero|typechange|Steel\/Flying|[silent]
|raw|<ul class="utilichart"><li class="result"><span class="col pokemonnamecol" style="white-space: nowrap">Togekiss-Unidentified<\/span> <span class="col typecol"><img src="https:\/\/dragonheaven.herokuapp.com\/sprites\/types\/Steel.png" alt="Steel" height="14" width="32"><img src="https:\/\/dragonheaven.herokuapp.com\/sprites\/types\/Flying.png" alt="Flying" height="14" width="32"><\/span> <span style="float: left ; min-height: 26px"><span class="col abilitycol">Hustle \/ Light Metal \/ Super Luck<\/span><span class="col abilitycol"><\/span><\/span><\/li><li style="clear: both"><\/li><\/ul>
|raw|<ul class="utilichart"><li class="result"><span style="float: left ; min-height: 26px"><span class="col statcol"><em>HP<\/em><br>85<\/span> <span class="col statcol"><em>Atk<\/em><br>120<\/span> <span class="col statcol"><em>Def<\/em><br>95<\/span> <span class="col statcol"><em>SpA<\/em><br>60<\/span> <span class="col statcol"><em>SpD<\/em><br>95<\/span> <span class="col statcol"><em>Spe<\/em><br>90<\/span> <\/span><\/li><li style="clear: both"><\/li><\/ul>
|-hint|Togekiss-Unidentified was created by quagsi!
|
|-heal|p1a: Scrafiti|36\/100|[from] item: Leftovers
|upkeep
|turn|11
|
|t:|1657616396
|move|p1a: Scrafiti|Knock Off|p2a: Pilea Pepero
|-damage|p2a: Pilea Pepero|32\/100
|-enditem|p2a: Pilea Pepero|Leftovers|[from] move: Knock Off|[of] p1a: Scrafiti
|move|p2a: Pilea Pepero|Aerial Ace|p1a: Scrafiti
|-supereffective|p1a: Scrafiti
|-damage|p1a: Scrafiti|0 fnt
|faint|p1a: Scrafiti
|
|upkeep
|
|t:|1657616404
|switch|p1a: Rubulwark|Rubulwark, F|100\/100
|-start|p1a: Rubulwark|typechange|Dragon\/Rock|[silent]
|raw|<ul class="utilichart"><li class="result"><span class="col pokemonnamecol" style="white-space: nowrap">Rubulwark<\/span> <span class="col typecol"><img src="https:\/\/dragonheaven.herokuapp.com\/sprites\/types\/Dragon.png" alt="Dragon" height="14" width="32"><img src="https:\/\/dragonheaven.herokuapp.com\/sprites\/types\/Rock.png" alt="Rock" height="14" width="32"><\/span> <span style="float: left ; min-height: 26px"><span class="col abilitycol">Weak Armor \/ Sheer Force \/ Mold Breaker<\/span><span class="col abilitycol"><\/span><\/span><\/li><li style="clear: both"><\/li><\/ul>
|raw|<ul class="utilichart"><li class="result"><span style="float: left ; min-height: 26px"><span class="col statcol"><em>HP<\/em><br>87<\/span> <span class="col statcol"><em>Atk<\/em><br>160<\/span> <span class="col statcol"><em>Def<\/em><br>90<\/span> <span class="col statcol"><em>SpA<\/em><br>60<\/span> <span class="col statcol"><em>SpD<\/em><br>90<\/span> <span class="col statcol"><em>Spe<\/em><br>38<\/span> <\/span><\/li><li style="clear: both"><\/li><\/ul>
|-hint|Rubulwark was created by Hematite!
|turn|12
|c|☆H2OPulse|__fair ow--__
|
|t:|1657616414
|move|p2a: Pilea Pepero|Smart Strike|p1a: Rubulwark
|-supereffective|p1a: Rubulwark
|-damage|p1a: Rubulwark|17\/100
|move|p1a: Rubulwark|Crunch|p2a: Pilea Pepero
|-damage|p2a: Pilea Pepero|0 fnt
|faint|p2a: Pilea Pepero
|
|upkeep
|c|☆Magmajudis|this is the part where i am thankful for running defense and hp investments on this
|c|☆H2OPulse|~~Hm, this would actually be a good time to be a scarfed Resurrectric~~
|c|☆H2OPulse|Yeah I am actually very impressed you lived that--
|
|t:|1657616467
|switch|p2a: Zantedeschia|Resurrectric, M|33\/100
|-start|p2a: Zantedeschia|typechange|Ground\/Electric|[silent]
|turn|13
|c|☆H2OPulse|wait
|c|☆H2OPulse|I think
|c|☆H2OPulse|do I creep this by 1 point--
|
|t:|1657616497
|move|p2a: Zantedeschia|Ice Beam|p1a: Rubulwark
|-supereffective|p1a: Rubulwark
|-damage|p1a: Rubulwark|0 fnt
|faint|p1a: Rubulwark
|
|upkeep
|c|☆Magmajudis|i had 112 speed
|
|t:|1657616509
|switch|p1a: Noivern|Noivern-Variant, M|100\/100
|-start|p1a: Noivern|typechange|Fighting\/Dragon|[silent]
|turn|14
|c|☆H2OPulse|__yeah I have 113 ashfjfk__
|c|☆H2OPulse|I have a Speed-lowering nature so I didn't think I would
|c|☆Magmajudis|wait how are you using italic words on dh
|
|t:|1657616542
|switch|p2a: Senecio|Milotic, M|100\/100
|move|p1a: Noivern|Draco Meteor|p2a: Senecio
|-damage|p2a: Senecio|64\/100
|-unboost|p1a: Noivern|spa|2
|
|-heal|p2a: Senecio|70\/100|[from] item: Leftovers
|upkeep
|turn|15
|c|☆H2OPulse|Oh! It's uhh
|c|☆H2OPulse|you know how if you use _ on each side like _this,_ that's one way to use italics on Discord?
|c|☆H2OPulse|On DH, you just have to have two of them!
|c|☆H2OPulse|Like __this
|c|☆H2OPulse|but on both sides__
|
|t:|1657616590
|switch|p1a: Balleringue|Balleringue, M|100\/100
|-start|p1a: Balleringue|typechange|Bug\/Steel|[silent]
|raw|<ul class="utilichart"><li class="result"><span class="col pokemonnamecol" style="white-space: nowrap">Balleringue<\/span> <span class="col typecol"><img src="https:\/\/dragonheaven.herokuapp.com\/sprites\/types\/Bug.png" alt="Bug" height="14" width="32"><img src="https:\/\/dragonheaven.herokuapp.com\/sprites\/types\/Steel.png" alt="Steel" height="14" width="32"><\/span> <span style="float: left ; min-height: 26px"><span class="col abilitycol">Anticipation \/ Triage \/ Overcoat<\/span><span class="col abilitycol"><\/span><\/span><\/li><li style="clear: both"><\/li><\/ul>
|raw|<ul class="utilichart"><li class="result"><span style="float: left ; min-height: 26px"><span class="col statcol"><em>HP<\/em><br>80<\/span> <span class="col statcol"><em>Atk<\/em><br>109<\/span> <span class="col statcol"><em>Def<\/em><br>105<\/span> <span class="col statcol"><em>SpA<\/em><br>69<\/span> <span class="col statcol"><em>SpD<\/em><br>105<\/span> <span class="col statcol"><em>Spe<\/em><br>29<\/span> <\/span><\/li><li style="clear: both"><\/li><\/ul>
|-hint|Balleringue was created by Magmajudis!
|move|p2a: Senecio|Ice Beam|p1a: Balleringue
|-resisted|p1a: Balleringue
|-damage|p1a: Balleringue|92\/100
|
|-heal|p2a: Senecio|76\/100|[from] item: Leftovers
|-heal|p1a: Balleringue|98\/100|[from] item: Leftovers
|upkeep
|turn|16
|c|☆Magmajudis|~~ok i just need to manage to heal and set up dewgong and i __might__ win this~~
|c|☆H2OPulse|: D
|
|t:|1657616599
|move|p2a: Senecio|Scald|p1a: Balleringue
|-damage|p1a: Balleringue|71\/100
|move|p1a: Balleringue|Stealth Rock|p2a: Senecio
|-sidestart|p2: H2OPulse|move: Stealth Rock
|
|-heal|p2a: Senecio|82\/100|[from] item: Leftovers
|-heal|p1a: Balleringue|77\/100|[from] item: Leftovers
|upkeep
|turn|17
|c|☆H2OPulse|__oh wait Pilea was my hazard control__ oops--
|
|t:|1657616643
|move|p1a: Balleringue|Leech Life|p2a: Senecio
|-damage|p2a: Senecio|55\/100
|-heal|p1a: Balleringue|93\/100|[from] drain|[of] p2a: Senecio
|move|p2a: Senecio|Scald|p1a: Balleringue
|-damage|p1a: Balleringue|68\/100
|
|-heal|p2a: Senecio|61\/100|[from] item: Leftovers
|-heal|p1a: Balleringue|74\/100|[from] item: Leftovers
|upkeep
|turn|18
|
|t:|1657616679
|move|p1a: Balleringue|Leech Life|p2a: Senecio
|-damage|p2a: Senecio|29\/100
|-heal|p1a: Balleringue|91\/100|[from] drain|[of] p2a: Senecio
|move|p2a: Senecio|Scald|p1a: Balleringue
|-damage|p1a: Balleringue|68\/100
|-status|p1a: Balleringue|brn
|
|-heal|p2a: Senecio|35\/100|[from] item: Leftovers
|-heal|p1a: Balleringue|74\/100 brn|[from] item: Leftovers
|-damage|p1a: Balleringue|68\/100 brn|[from] brn
|upkeep
|turn|19
|c|☆Magmajudis|yeah that was bound to happen eventually
|
|t:|1657616697
|switch|p1a: Dewgong|Dewgong-Variant, F|16\/100
|-start|p1a: Dewgong|typechange|Normal|[silent]
|move|p2a: Senecio|Recover|p2a: Senecio
|-heal|p2a: Senecio|85\/100
|
|-heal|p2a: Senecio|91\/100|[from] item: Leftovers
|upkeep
|turn|20
|c|☆Magmajudis|wait
|c|☆Magmajudis|hghghg
|c|☆H2OPulse|... okay I kinda want to see this--
|c|☆Magmajudis|min speed milotic outspeeds this
|
|t:|1657616753
|move|p2a: Senecio|Recover|p2a: Senecio
|-heal|p2a: Senecio|100\/100
|move|p1a: Dewgong|Recover|p1a: Dewgong
|-heal|p1a: Dewgong|66\/100
|
|upkeep
|turn|21
|
|t:|1657616764
|move|p2a: Senecio|Scald|p1a: Dewgong
|-damage|p1a: Dewgong|44\/100
|move|p1a: Dewgong|Stockpile|p1a: Dewgong
|-start|p1a: Dewgong|stockpile1
|-boost|p1a: Dewgong|def|1
|-boost|p1a: Dewgong|spd|1
|
|upkeep
|turn|22
|
|t:|1657616775
|switch|p2a: Touch-Me-Not|Reuniclus-Neural, M|100\/100
|-start|p2a: Touch-Me-Not|typechange|Fighting|[silent]
|-damage|p2a: Touch-Me-Not|94\/100|[from] Stealth Rock
|-fieldstart|move: Electric Terrain|[from] ability: Electric Surge|[of] p2a: Touch-Me-Not
|move|p1a: Dewgong|Recover|p1a: Dewgong
|-heal|p1a: Dewgong|94\/100
|
|upkeep
|turn|23
|
|t:|1657616780
|move|p2a: Touch-Me-Not|Axon Rush||[still]
|-anim|p2a: Touch-Me-Not|Acupressure|p2a: Touch-Me-Not
|-boost|p2a: Touch-Me-Not|atk|1
|-boost|p2a: Touch-Me-Not|def|1
|-boost|p2a: Touch-Me-Not|spe|1
|move|p1a: Dewgong|Stockpile|p1a: Dewgong
|-start|p1a: Dewgong|stockpile2
|-boost|p1a: Dewgong|def|1
|-boost|p1a: Dewgong|spd|1
|
|upkeep
|turn|24
|
|t:|1657616789
|move|p2a: Touch-Me-Not|Axon Rush||[still]
|-anim|p2a: Touch-Me-Not|Acupressure|p2a: Touch-Me-Not
|-boost|p2a: Touch-Me-Not|atk|1
|-boost|p2a: Touch-Me-Not|def|1
|-boost|p2a: Touch-Me-Not|spe|1
|move|p1a: Dewgong|Echoed Voice|p2a: Touch-Me-Not
|-damage|p2a: Touch-Me-Not|74\/100
|
|upkeep
|turn|25
|
|t:|1657616800
|move|p2a: Touch-Me-Not|Axon Rush||[still]
|-anim|p2a: Touch-Me-Not|Acupressure|p2a: Touch-Me-Not
|-boost|p2a: Touch-Me-Not|atk|1
|-boost|p2a: Touch-Me-Not|def|1
|-boost|p2a: Touch-Me-Not|spe|1
|move|p1a: Dewgong|Echoed Voice|p2a: Touch-Me-Not
|-damage|p2a: Touch-Me-Not|23\/100
|
|upkeep
|turn|26
|
|t:|1657616807
|move|p2a: Touch-Me-Not|Drain Punch|p1a: Dewgong
|-supereffective|p1a: Dewgong
|-damage|p1a: Dewgong|12\/100
|-heal|p2a: Touch-Me-Not|67\/100|[from] drain|[of] p1a: Dewgong
|move|p1a: Dewgong|Echoed Voice|p2a: Touch-Me-Not
|-damage|p2a: Touch-Me-Not|0 fnt
|faint|p2a: Touch-Me-Not
|
|upkeep
|c|☆H2OPulse|Oh that snowballs __quickly__
|c|☆H2OPulse|:eyes:
|
|t:|1657616832
|switch|p2a: Astera|Aleon, F|86\/100
|-damage|p2a: Astera|74\/100|[from] Stealth Rock
|-start|p2a: Astera|typechange|Normal|[silent]
|turn|27
|
|t:|1657616836
|move|p2a: Astera|Terrain Pulse|p1a: Dewgong
|-damage|p1a: Dewgong|0 fnt
|faint|p1a: Dewgong
|
|upkeep
|c|☆Magmajudis|yeah, it synergyzes super well with metronome
|c|☆H2OPulse|RIGHT
|c|☆Magmajudis|really hard to get going and pretty easy to revenge kill though from what i've seen
|
|t:|1657616861
|switch|p1a: Noivern|Noivern-Variant, M|100\/100
|-start|p1a: Noivern|typechange|Fighting\/Dragon|[silent]
|turn|28
|c|☆H2OPulse|Fair yeah,,
|
|t:|1657616878
|move|p1a: Noivern|Vacuum Wave|p2a: Astera
|-supereffective|p2a: Astera
|-damage|p2a: Astera|37\/100
|move|p2a: Astera|Volt Switch|p1a: Noivern
|-damage|p1a: Noivern|59\/100
|
|t:|1657616888
|switch|p2a: Senecio|Milotic, M|100\/100|[from]move: Volt Switch
|-damage|p2a: Senecio|88\/100|[from] Stealth Rock
|
|-heal|p2a: Senecio|94\/100|[from] item: Leftovers
|upkeep
|turn|29
|
|t:|1657616896
|move|p1a: Noivern|Roost|p1a: Noivern
|-heal|p1a: Noivern|100\/100
|-singleturn|p1a: Noivern|move: Roost
|move|p2a: Senecio|Ice Beam|p1a: Noivern
|-supereffective|p1a: Noivern
|-damage|p1a: Noivern|49\/100
|
|-heal|p2a: Senecio|99\/100|[from] item: Leftovers
|-fieldend|move: Electric Terrain
|upkeep
|turn|30
|
|t:|1657616914
|move|p1a: Noivern|Roost|p1a: Noivern
|-heal|p1a: Noivern|99\/100
|-singleturn|p1a: Noivern|move: Roost
|move|p2a: Senecio|Ice Beam|p1a: Noivern
|-supereffective|p1a: Noivern
|-damage|p1a: Noivern|47\/100
|-status|p1a: Noivern|frz
|
|-heal|p2a: Senecio|100\/100|[from] item: Leftovers
|upkeep
|turn|31
|c|☆H2OPulse|MMSKFJ
|c|☆Magmajudis|the game really said "let's skip forwards a few turns"
|l|☆H2OPulse
|player|p2|
|j|☆H2OPulse
|player|p2|H2OPulse|aetherfoundation
|c|☆H2OPulse|__sorry hi__ I disconnected but I am back
|
|t:|1657617105
|cant|p1a: Noivern|frz
|move|p2a: Senecio|Ice Beam|p1a: Noivern
|-supereffective|p1a: Noivern
|-damage|p1a: Noivern|0 fnt
|faint|p1a: Noivern
|
|upkeep
|c|☆Magmajudis|ok i just checked something
|l|☆H2OPulse
|player|p2|
|c|☆Magmajudis|if a echoed voice hit from dewgong with metronome deals at least 45.455%
|c|☆Magmajudis|wait no actually i forgot to account for the double damage
|j|☆H2OPulse
|player|p2|H2OPulse|aetherfoundation
|c|☆Magmajudis|if it deals at least 29.412%
|c|☆Magmajudis|the next one will kill
|
|t:|1657617210
|switch|p1a: Balleringue|Balleringue, M|68\/100 brn
|-start|p1a: Balleringue|typechange|Bug\/Steel|[silent]
|turn|32
|c|☆H2OPulse|__wow okay--__
|c|☆H2OPulse|that's... really impressive o.o'
|c|☆Magmajudis|if i calced correctly
|
|t:|1657617235
|move|p1a: Balleringue|Leech Life|p2a: Senecio
|-damage|p2a: Senecio|85\/100
|-heal|p1a: Balleringue|77\/100 brn|[from] drain|[of] p2a: Senecio
|move|p2a: Senecio|Scald|p1a: Balleringue
|-damage|p1a: Balleringue|51\/100 brn
|
|-heal|p2a: Senecio|91\/100|[from] item: Leftovers
|-heal|p1a: Balleringue|57\/100 brn|[from] item: Leftovers
|-damage|p1a: Balleringue|51\/100 brn|[from] brn
|upkeep
|turn|33
|
|t:|1657617286
|move|p1a: Balleringue|Leech Life|p2a: Senecio
|-damage|p2a: Senecio|76\/100
|-heal|p1a: Balleringue|59\/100 brn|[from] drain|[of] p2a: Senecio
|move|p2a: Senecio|Scald|p1a: Balleringue
|-damage|p1a: Balleringue|33\/100 brn
|
|-heal|p2a: Senecio|82\/100|[from] item: Leftovers
|-heal|p1a: Balleringue|39\/100 brn|[from] item: Leftovers
|-damage|p1a: Balleringue|33\/100 brn|[from] brn
|upkeep
|turn|34
|
|t:|1657617294
|move|p1a: Balleringue|Leech Life|p2a: Senecio
|-damage|p2a: Senecio|66\/100
|-heal|p1a: Balleringue|41\/100 brn|[from] drain|[of] p2a: Senecio
|move|p2a: Senecio|Scald|p1a: Balleringue
|-damage|p1a: Balleringue|15\/100 brn
|
|-heal|p2a: Senecio|73\/100|[from] item: Leftovers
|-heal|p1a: Balleringue|21\/100 brn|[from] item: Leftovers
|-damage|p1a: Balleringue|15\/100 brn|[from] brn
|upkeep
|turn|35
|
|t:|1657617300
|move|p1a: Balleringue|Leech Life|p2a: Senecio
|-damage|p2a: Senecio|58\/100
|-heal|p1a: Balleringue|22\/100 brn|[from] drain|[of] p2a: Senecio
|move|p2a: Senecio|Scald|p1a: Balleringue
|-damage|p1a: Balleringue|0 fnt
|faint|p1a: Balleringue
|
|win|H2OPulse
|c|☆Magmajudis|good game!
|c|☆H2OPulse|Good game!!!
|c|☆Magmajudis|i'm both really scared of dewgong and at the same time fighting types are common enough for revenge-killing to not be a problem
|c|☆H2OPulse|Rig ht
|c|☆H2OPulse|It's a really, really cool wallbreaker O: but it definitely seems manageable to me!
|c|☆Magmajudis|oh also that dewgong wasn't modest
|c|☆Magmajudis|it was calm
|c|☆H2OPulse|Oh man o.o'
|c|☆Magmajudis|i think if it was modest it would've 2HKOed haha
|c|☆H2OPulse|Very possible shdjfj
|c|☆H2OPulse|I think it would be a small difference at first but add up very quickly (like a lot about this Dewgong : D) - it's only a 10% boost to damage, but that can be a big difference when you're hitting as hard as it does even on the second hit
|c|☆Magmajudis|yeah
|c|☆Magmajudis|it hits
|c|☆Magmajudis|suprisingly hard for echoed voice, even with adapt in mind
|c|☆Magmajudis|i haven't tested sundor yet but i'm very happy about the two others i made this slate
|c|☆H2OPulse|I forgot about Metronome, so I saw the 20% from the first hit and thought I would have a bit of time to keep setting up for more damage from Drain Punch
|c|☆H2OPulse|and then it turned out that the next hit was 1.2x stronger __and__ that the 20% at first must have been some kind of low roll adjfjgk
|c|☆H2OPulse|Yeah I love them!!! I'm __so hyped for Sundor too actually__ I __have__ to try it
|c|☆Magmajudis|~~i'm always gonna run silver wind on it as stab~~
|c|☆H2OPulse|Y e s s s s
|c|☆H2OPulse|May you always get omniboosts at the funniest possible times :pray:
|c|☆Magmajudis|:pray:
|l|☆H2OPulse
|c|☆Magmajudis|a 10% chance to omniboost with your best stab sounds like it's gonna lead to incredibly funny situations
|j|☆H2OPulse
|player|p2|H2OPulse|aetherfoundation
|c|☆H2OPulse|Y e s
|c|☆H2OPulse|~~sorry I keep disconnecting oops~~
|c|☆Magmajudis|dw haha that's fair
|c|☆Magmajudis|wait actually i don't think the 20% was a really low roll
|c|☆Magmajudis|if you keep that same roll but do *2*1.2 to account for both of the power boosts
|c|☆Magmajudis|it'd deal 48%
|c|☆Magmajudis|which is notable compared to 51% but not by a lot
|c|☆H2OPulse|Oh huh you're right actually!!
|c|☆Magmajudis|oh also ghhghg
|c|☆Magmajudis|i just calced and
|c|☆H2OPulse|Wow it just escalates really quickly then adhfjgk
|c|☆Magmajudis|if you let dewgong use echoed voice 6 (i think) times in a row
|c|☆Magmajudis|it's echoed voice, with metronome, would be 400BP *before* adaptability\/STAB
|c|☆H2OPulse|__mmskfhfjgk__
|c|☆H2OPulse|__that's amazing__
|c|☆H2OPulse|~~also I'm not gonna lie I think it's very funny that I needed a switch-in for Trick and a Marowak evolution holding a Thick Club was my __best__ option~~
|c|☆H2OPulse|~~m...maybe Resurrectric is __too__ specially biased__
|c|☆H2OPulse|I guess I just wasn't ever going to need Ground in this match but--
|c|☆H2OPulse|Oops I messed up formatting*
|c|☆Magmajudis|ok but mixed attackers are
|c|☆Magmajudis|just so amazing
|c|☆H2OPulse|Y e a h
|c|☆Magmajudis|man it's really sad that
|c|☆H2OPulse|RIGHT THAT'S ANOTHER THING I haven't used Starly myself yet but it was pointed out that it can __really__ prey on the low-Defense slate
|c|☆H2OPulse|it's so funny--
|c|☆Magmajudis|the damage calc doesn't take echoed voice doubling power into account
|c|☆H2OPulse|Aww it doesn't?;;
|c|☆Magmajudis|yeah apparently not
|c|☆H2OPulse|I think you can do it manually at least!! if you type in the base power
|c|☆Magmajudis|yeah at least
|c|☆Magmajudis|so about that 400BP echoed voice
|c|☆H2OPulse|:eyes:
|c|☆Magmajudis|252+ SpA Metronome Adaptability Dewgong Echoed Voice vs. 252 HP \/ 252+ SpD Assault Vest Mew: 408-484 (100.9 - 119.8%) -- guaranteed KO in 1 turns
|c|☆Magmajudis|who needs crits right
|l|☆H2OPulse
|player|p2|
|c|☆Magmajudis|(ignore the "in 1 turns" metronome just shows that when you put it in the calc)
|j|☆H2OPulse
|player|p2|H2OPulse|aetherfoundation
|c|☆H2OPulse|AHSJFKFKF AMAZING
|c|☆Magmajudis|wait does
|c|☆Magmajudis|does metronome already boost the first time you use a move?
|c|☆H2OPulse|It does not!
|c|☆Magmajudis|ok that's what i thought!
|c|☆H2OPulse|(If it did, it would outclass all of the type-boosting items like Plates and Silk Scarf, since those are also 20%)
|c|☆Magmajudis|yeah right
|c|☆Magmajudis|metronome is such a funny item
|c|☆H2OPulse|Y e s s s
|c|☆Magmajudis|especially on sweepers
|c|☆H2OPulse|I don't... think I've ever actually gotten to try it before but I __really__ should
|c|☆Magmajudis|man evolution project is so good
|c|☆H2OPulse|: D yesssssss
|c|☆H2OPulse|I'm so happy we're all doing it
|c|☆Magmajudis|sale : D
|c|☆Magmajudis|same*
|c|☆Magmajudis|all the mons are also just
|c|☆Magmajudis|so cool to use
|c|☆H2OPulse|They are!!!!!
|c|☆Magmajudis|~~and also we have ink so we're automatically a good mod~~
|c|☆H2OPulse|TRUE
|c|☆H2OPulse|... There are a lot of really annoyed-sounding coyotes howling right now
|c|☆Magmajudis|...oh
|c|☆H2OPulse|I think I was closer to them when they started barking than I would like to be adjfjgk
|c|☆H2OPulse|I'm almost home though it's fine P:
|c|☆Magmajudis|ok!
|c|☆Magmajudis|have a good day\/night!
|c|☆H2OPulse|Oh, you too!!! ~~it is night here it is 3:39 AM but I am on a walk anyway~~
|c|☆H2OPulse|__or I was until the coyotes decided otherwise--__
|c|☆H2OPulse|ahem
|l|☆Magmajudis
</script>
</div>
<div class="battle-log battle-log-inline"><div class="inner"><div class="battle-options"></div><div class="inner message-log"><div class="chat"><small>☆Magmajudis and ☆H2OPulse joined</small></div><div class=""><small>Format:</small> <br><strong>[Gen 8] Evolution Project</strong></div><div class=""><small><em>HP Percentage Mod:</em> HP is shown in percentages</small></div><div class=""><small><em>Endless Battle Clause:</em> Forcing endless battles is banned</small></div><div class=""><small><em>OHKO Clause:</em> OHKO moves are banned</small></div><div class=""><small><em>Evasion Moves Clause:</em> Evasion moves are banned</small></div><div class=""><small><em>Species Clause:</em> Limit one of each Pokémon</small></div><div class=""><small><em>Dynamax Clause:</em> You cannot dynamax</small></div><div class=""><small><em>Sleep Clause Mod:</em> Limit one foe put to sleep</small></div><div class=""><small><em>Z-Move Clause:</em> Type-based Z-Moves are banned</small></div><div class="chat battle-history"><strong>Magmajudis's team:</strong> <em style="color:#445566;display:block;">Dewgong-Variant / Scrafiti / Balleringue / Noivern-Variant / Rubulwark / Orbeetle-Variant</em></div><div class="chat battle-history"><strong>H2OPulse's team:</strong> <em style="color:#445566;display:block;">Reuniclus-Neural / Orbeetle-Variant / Resurrectric / Milotic / Togekiss-Unidentified / Aleon</em></div><div class="chat chatmessage-magmajudis"><strong style="color:#979b3e"><small>☆</small><span class="username" data-name="Magmajudis">Magmajudis</span>:</strong> <em>good luck and have fun!</em></div><div class="spacer battle-history"><br></div><div class="battle-history">Battle started between Magmajudis and H2OPulse!<br></div><div class="spacer battle-history"><br></div><div class="battle-history">Go! Dewgong (<strong>Dewgong-Variant</strong>)!<br></div><div class="spacer battle-history"><br></div><div class="battle-history">H2OPulse sent out Touch-Me-Not (<strong>Reuniclus-Neural</strong>)!<br></div><div class="chat"><ul class="utilichart"><li class="result"><span class="col pokemonnamecol">Reuniclus-Neural</span> <span class="col typecol"><img src="https://dragonheaven.herokuapp.com/sprites/types/Fighting.png" alt="Fighting" height="14" width="32"></span> <span><span class="col abilitycol">Overcoat / Electric Surge / Regenerator</span><span class="col abilitycol"></span></span></li><li></li></ul></div><div class="chat"><ul class="utilichart"><li class="result"><span><span class="col statcol"><em>HP</em><br>110</span> <span class="col statcol"><em>Atk</em><br>125</span> <span class="col statcol"><em>Def</em><br>65</span> <span class="col statcol"><em>SpA</em><br>65</span> <span class="col statcol"><em>SpD</em><br>85</span> <span class="col statcol"><em>Spe</em><br>40</span> </span></li><li></li></ul></div><div class="battle-history"><small>(Reuniclus-Neural was created by ausma!)</small><br></div><div class="battle-history">[The opposing Touch-Me-Not's Electric Surge]<br><small>An electric current ran across the battlefield!</small><br></div><div class="chat"><ul class="utilichart"><li class="result"><span class="col pokemonnamecol">Dewgong-Variant</span> <span class="col typecol"><img src="https://dragonheaven.herokuapp.com/sprites/types/Normal.png" alt="Normal" height="14" width="32"></span> <span><span class="col abilitycol">Hydration / Adaptability / Thick Fat</span><span class="col abilitycol"></span></span></li><li></li></ul></div><div class="chat"><ul class="utilichart"><li class="result"><span><span class="col statcol"><em>HP</em><br>90</span> <span class="col statcol"><em>Atk</em><br>50</span> <span class="col statcol"><em>Def</em><br>80</span> <span class="col statcol"><em>SpA</em><br>110</span> <span class="col statcol"><em>SpD</em><br>95</span> <span class="col statcol"><em>Spe</em><br>50</span> </span></li><li></li></ul></div><div class="battle-history"><small>(Dewgong-Variant was created by Magmajudis!)</small><br></div><div class="spacer battle-history"><br></div><h2 class="battle-history">Turn 1</h2><div class="spacer battle-history"><br></div><div class="battle-history">Dewgong, come back!<br></div><div class="battle-history">Go! Orbeetle (<strong>Orbeetle-Variant</strong>)!<br></div><div class="chat"><ul class="utilichart"><li class="result"><span class="col pokemonnamecol">Orbeetle-Variant</span> <span class="col typecol"><img src="https://dragonheaven.herokuapp.com/sprites/types/Bug.png" alt="Bug" height="14" width="32"><img src="https://dragonheaven.herokuapp.com/sprites/types/Electric.png" alt="Electric" height="14" width="32"></span> <span><span class="col abilitycol">Swarm / Frisk / Cotton Down</span><span class="col abilitycol"></span></span></li><li></li></ul></div><div class="chat"><ul class="utilichart"><li class="result"><span><span class="col statcol"><em>HP</em><br>60</span> <span class="col statcol"><em>Atk</em><br>45</span> <span class="col statcol"><em>Def</em><br>110</span> <span class="col statcol"><em>SpA</em><br>120</span> <span class="col statcol"><em>SpD</em><br>80</span> <span class="col statcol"><em>Spe</em><br>90</span> </span></li><li></li></ul></div><div class="battle-history"><small>(Orbeetle-Variant was created by Magmajudis!)</small><br></div><div class="spacer battle-history"><br></div><div class="battle-history">The opposing Touch-Me-Not used <strong>Drain Punch</strong>!<br></div><div class="battle-history"><small>It's not very effective...</small><br></div><div class="battle-history"><small>(Orbeetle lost 13% of its health!)</small><br></div><div class="battle-history">[Orbeetle's Cotton Down]<br></div><div class="battle-history"><small>The opposing Touch-Me-Not's Speed fell!</small><br></div><div class="spacer battle-history"><br></div><h2 class="battle-history">Turn 2</h2><div class="spacer battle-history"><br></div><div class="battle-history">H2OPulse withdrew Touch-Me-Not!<br></div><div class="battle-history">H2OPulse sent out Zantedeschia (<strong>Resurrectric</strong>)!<br></div><div class="chat"><ul class="utilichart"><li class="result"><span class="col pokemonnamecol">Resurrectric</span> <span class="col typecol"><img src="https://dragonheaven.herokuapp.com/sprites/types/Ground.png" alt="Ground" height="14" width="32"><img src="https://dragonheaven.herokuapp.com/sprites/types/Electric.png" alt="Electric" height="14" width="32"></span> <span><span class="col abilitycol">Inner Focus / Lightning Rod / Battle Armor</span><span class="col abilitycol"></span></span></li><li></li></ul></div><div class="chat"><ul class="utilichart"><li class="result"><span><span class="col statcol"><em>HP</em><br>80</span> <span class="col statcol"><em>Atk</em><br>60</span> <span class="col statcol"><em>Def</em><br>130</span> <span class="col statcol"><em>SpA</em><br>125</span> <span class="col statcol"><em>SpD</em><br>80</span> <span class="col statcol"><em>Spe</em><br>45</span> </span></li><li></li></ul></div><div class="battle-history"><small>(Resurrectric was created by Hematite!)</small><br></div><div class="spacer battle-history"><br></div><div class="battle-history">Orbeetle used <strong>Trick</strong>!<br></div><div class="battle-history"><small>Orbeetle switched items with its target!</small><br></div><div class="battle-history"><small>The opposing Zantedeschia obtained one Choice Scarf.</small><br></div><div class="battle-history"><small>Orbeetle obtained one Thick Club.</small><br></div><div class="spacer battle-history"><br></div><h2 class="battle-history">Turn 3</h2><div class="chat chatmessage-h2opulse"><strong style="color:#6e8c2b"><small>☆</small><span class="username" data-name="H2OPulse">H2OPulse</span>:</strong> <em>I was going to say "let's find out if Scarf Resurrectric is viable? : D" but actually I am basically min Speed on this so--</em></div><div class="spacer battle-history"><br></div><div class="battle-history">Orbeetle used <strong>U-turn</strong>!<br></div><div class="battle-history"><small>(The opposing Zantedeschia lost 8% of its health!)</small><br></div><div class="chat chatmessage-magmajudis"><strong style="color:#979b3e"><small>☆</small><span class="username" data-name="Magmajudis">Magmajudis</span>:</strong> <em>ghgh</em></div><div class="spacer battle-history"><br></div><div class="battle-history">Orbeetle went back to Magmajudis!<br></div><div class="battle-history">Go! Dewgong (<strong>Dewgong-Variant</strong>)!<br></div><div class="spacer battle-history"><br></div><div class="battle-history">The opposing Zantedeschia used <strong>Rising Voltage</strong>!<br></div><div class="battle-history"><small>(Dewgong lost 84% of its health!)</small><br></div><div class="spacer battle-history"><br></div><h2 class="battle-history">Turn 4</h2><div class="chat chatmessage-magmajudis"><strong style="color:#979b3e"><small>☆</small><span class="username" data-name="Magmajudis">Magmajudis</span>:</strong> <em>*ouch*</em></div><div class="spacer battle-history"><br></div><div class="battle-history">Dewgong, come back!<br></div><div class="battle-history">Go! Orbeetle (<strong>Orbeetle-Variant</strong>)!<br></div><div class="spacer battle-history"><br></div><div class="battle-history">The opposing Zantedeschia used <strong>Rising Voltage</strong>!<br></div><div class="battle-history"><small>It's not very effective...</small><br></div><div class="battle-history"><small>(Orbeetle lost 59% of its health!)</small><br></div><div class="battle-history">[Orbeetle's Cotton Down]<br></div><div class="battle-history"><small>The opposing Zantedeschia's Speed fell!</small><br></div><div class="spacer battle-history"><br></div><h2 class="battle-history">Turn 5</h2><div class="chat chatmessage-h2opulse"><strong style="color:#6e8c2b"><small>☆</small><span class="username" data-name="H2OPulse">H2OPulse</span>:</strong> <em>WOW OKAY--</em></div><div class="spacer battle-history"><br></div><div class="battle-history">Orbeetle used <strong>Electro Ball</strong>!<br></div><div class="battle-history">[The opposing Zantedeschia's Lightning Rod]<br></div><div class="battle-history"><small>The opposing Zantedeschia's Sp. Atk rose!</small><br></div><div class="spacer battle-history"><br></div><div class="battle-history">The opposing Zantedeschia used <strong>Rising Voltage</strong>!<br></div><div class="battle-history"><small>It's not very effective...</small><br></div><div class="battle-history"><small>(Orbeetle lost 28% of its health!)</small><br></div><div class="battle-history">[Orbeetle's Cotton Down]<br></div><div class="battle-history"><small>The opposing Zantedeschia's Speed fell!</small><br></div><div class="spacer battle-history"><br></div><div class="battle-history">Orbeetle fainted!<br></div><div class="chat chatmessage-h2opulse"><strong style="color:#6e8c2b"><small>☆</small><span class="username" data-name="H2OPulse">H2OPulse</span>:</strong> <em>I... I have never used terrain-boosted Rising Voltage with this before</em></div><div class="chat chatmessage-magmajudis"><strong style="color:#979b3e"><small>☆</small><span class="username" data-name="Magmajudis">Magmajudis</span>:</strong> <em>my brain is big and smart</em></div><div class="chat chatmessage-h2opulse"><strong style="color:#6e8c2b"><small>☆</small><span class="username" data-name="H2OPulse">H2OPulse</span>:</strong> <em>Pff fair--</em></div><div class="spacer battle-history"><br></div><div class="battle-history">Go! Noivern (<strong>Noivern-Variant</strong>)!<br></div><div class="chat"><ul class="utilichart"><li class="result"><span class="col pokemonnamecol">Noivern-Variant</span> <span class="col typecol"><img src="https://dragonheaven.herokuapp.com/sprites/types/Fighting.png" alt="Fighting" height="14" width="32"><img src="https://dragonheaven.herokuapp.com/sprites/types/Dragon.png" alt="Dragon" height="14" width="32"></span> <span><span class="col abilitycol">Levitate</span><span class="col abilitycol"></span></span></li><li></li></ul></div><div class="chat"><ul class="utilichart"><li class="result"><span><span class="col statcol"><em>HP</em><br>95</span> <span class="col statcol"><em>Atk</em><br>70</span> <span class="col statcol"><em>Def</em><br>80</span> <span class="col statcol"><em>SpA</em><br>97</span> <span class="col statcol"><em>SpD</em><br>80</span> <span class="col statcol"><em>Spe</em><br>113</span> </span></li><li></li></ul></div><div class="battle-history"><small>(Noivern-Variant was created by Hematite!)</small><br></div><div class="spacer battle-history"><br></div><h2 class="battle-history">Turn 6</h2><div class="spacer battle-history"><br></div><div class="battle-history">Noivern used <strong>Draco Meteor</strong>!<br></div><div class="battle-history"><small>(The opposing Zantedeschia lost 60% of its health!)</small><br></div><div class="battle-history"><small>Noivern's Sp. Atk fell harshly!</small><br></div><div class="spacer battle-history"><br></div><div class="battle-history">The opposing Zantedeschia used <strong>Rising Voltage</strong>!<br></div><div class="battle-history"><small>It's not very effective...</small><br></div><div class="battle-history"><small>(Noivern lost 45% of its health!)</small><br></div><div class="spacer battle-history"><br></div><h2 class="battle-history">Turn 7</h2><div class="chat chatmessage-h2opulse"><strong style="color:#6e8c2b"><small>☆</small><span class="username" data-name="H2OPulse">H2OPulse</span>:</strong> <em>Fair okay adjfjg</em></div><div class="spacer battle-history"><br></div><div class="battle-history">H2OPulse withdrew Zantedeschia!<br></div><div class="battle-history">H2OPulse sent out Astera (<strong>Aleon</strong>)!<br></div><div class="chat"><ul class="utilichart"><li class="result"><span class="col pokemonnamecol">Aleon</span> <span class="col typecol"><img src="https://dragonheaven.herokuapp.com/sprites/types/Normal.png" alt="Normal" height="14" width="32"></span> <span><span class="col abilitycol">Adaptability / Normalize / Beast Boost</span><span class="col abilitycol"></span></span></li><li></li></ul></div><div class="chat"><ul class="utilichart"><li class="result"><span><span class="col statcol"><em>HP</em><br>103</span> <span class="col statcol"><em>Atk</em><br>79</span> <span class="col statcol"><em>Def</em><br>53</span> <span class="col statcol"><em>SpA</em><br>89</span> <span class="col statcol"><em>SpD</em><br>67</span> <span class="col statcol"><em>Spe</em><br>134</span> </span></li><li></li></ul></div><div class="battle-history"><small>(Aleon was created by inkbug!)</small><br></div><div class="spacer battle-history"><br></div><div class="battle-history">Noivern used <strong>Roost</strong>!<br></div><div class="battle-history"><small>Noivern had its HP restored.</small><br></div><div class="spacer battle-history"><br></div><h2 class="battle-history">Turn 8</h2><div class="spacer battle-history"><br></div><div class="battle-history">The opposing Astera used <strong>Wish</strong>!<br></div><div class="spacer battle-history"><br></div><div class="battle-history">Noivern used <strong>U-turn</strong>!<br></div><div class="battle-history"><small>(The opposing Astera lost 14% of its health!)</small><br></div><div class="spacer battle-history"><br></div><div class="battle-history">Noivern went back to Magmajudis!<br></div><div class="battle-history">Go! <strong>Scrafiti</strong>!<br></div><div class="chat"><ul class="utilichart"><li class="result"><span class="col pokemonnamecol">Scrafiti</span> <span class="col typecol"><img src="https://dragonheaven.herokuapp.com/sprites/types/Dark.png" alt="Dark" height="14" width="32"><img src="https://dragonheaven.herokuapp.com/sprites/types/Fighting.png" alt="Fighting" height="14" width="32"></span> <span><span class="col abilitycol">Shed Skin / Moxie / Prankster</span><span class="col abilitycol"></span></span></li><li></li></ul></div><div class="chat"><ul class="utilichart"><li class="result"><span><span class="col statcol"><em>HP</em><br>65</span> <span class="col statcol"><em>Atk</em><br>100</span> <span class="col statcol"><em>Def</em><br>115</span> <span class="col statcol"><em>SpA</em><br>45</span> <span class="col statcol"><em>SpD</em><br>115</span> <span class="col statcol"><em>Spe</em><br>48</span> </span></li><li></li></ul></div><div class="battle-history"><small>(Scrafiti was created by Magmajudis!)</small><br></div><div class="spacer battle-history"><br></div><div class="battle-history"><small>The electricity disappeared from the battlefield.</small><br></div><div class="spacer battle-history"><br></div><h2 class="battle-history">Turn 9</h2><div class="spacer battle-history"><br></div><div class="battle-history">Scrafiti used <strong>Dragon Dance</strong>!<br></div><div class="battle-history"><small>Scrafiti's Attack rose!</small><br></div><div class="battle-history"><small>Scrafiti's Speed rose!</small><br></div><div class="spacer battle-history"><br></div><div class="battle-history">The opposing Astera used <strong>Volt Switch</strong>!<br></div><div class="battle-history"><small>(Scrafiti lost 33% of its health!)</small><br></div><div class="spacer battle-history"><br></div><div class="battle-history">The opposing Astera went back to H2OPulse!<br></div><div class="battle-history">H2OPulse sent out Zantedeschia (<strong>Resurrectric</strong>)!<br></div><div class="spacer battle-history"><br></div><div class="battle-history"><small>Astera's wish came true!</small><br></div><div class="battle-history"><small>Scrafiti restored a little HP using its Leftovers!</small><br></div><div class="spacer battle-history"><br></div><h2 class="battle-history">Turn 10</h2><div class="chat chatmessage-h2opulse"><strong style="color:#6e8c2b"><small>☆</small><span class="username" data-name="H2OPulse">H2OPulse</span>:</strong> <em>F...fear actually--</em></div><div class="spacer battle-history"><br></div><div class="battle-history">Scrafiti used <strong>Knock Off</strong>!<br></div><div class="battle-history"><small>(The opposing Zantedeschia lost 56% of its health!)</small><br></div><div class="battle-history"><small>Scrafiti knocked off the opposing Zantedeschia's Choice Scarf!</small><br></div><div class="spacer battle-history"><br></div><div class="battle-history">The opposing Zantedeschia used <strong>Volt Switch</strong>!<br></div><div class="battle-history"><small>(Scrafiti lost 43% of its health!)</small><br></div><div class="spacer battle-history"><br></div><div class="battle-history">The opposing Zantedeschia went back to H2OPulse!<br></div><div class="battle-history">H2OPulse sent out Pilea Pepero (<strong>Togekiss-Unidentified</strong>)!<br></div><div class="chat"><ul class="utilichart"><li class="result"><span class="col pokemonnamecol">Togekiss-Unidentified</span> <span class="col typecol"><img src="https://dragonheaven.herokuapp.com/sprites/types/Steel.png" alt="Steel" height="14" width="32"><img src="https://dragonheaven.herokuapp.com/sprites/types/Flying.png" alt="Flying" height="14" width="32"></span> <span><span class="col abilitycol">Hustle / Light Metal / Super Luck</span><span class="col abilitycol"></span></span></li><li></li></ul></div><div class="chat"><ul class="utilichart"><li class="result"><span><span class="col statcol"><em>HP</em><br>85</span> <span class="col statcol"><em>Atk</em><br>120</span> <span class="col statcol"><em>Def</em><br>95</span> <span class="col statcol"><em>SpA</em><br>60</span> <span class="col statcol"><em>SpD</em><br>95</span> <span class="col statcol"><em>Spe</em><br>90</span> </span></li><li></li></ul></div><div class="battle-history"><small>(Togekiss-Unidentified was created by quagsi!)</small><br></div><div class="spacer battle-history"><br></div><div class="battle-history"><small>Scrafiti restored a little HP using its Leftovers!</small><br></div><div class="spacer battle-history"><br></div><h2 class="battle-history">Turn 11</h2><div class="spacer battle-history"><br></div><div class="battle-history">Scrafiti used <strong>Knock Off</strong>!<br></div><div class="battle-history"><small>(The opposing Pilea Pepero lost 68% of its health!)</small><br></div><div class="battle-history"><small>Scrafiti knocked off the opposing Pilea Pepero's Leftovers!</small><br></div><div class="spacer battle-history"><br></div><div class="battle-history">The opposing Pilea Pepero used <strong>Aerial Ace</strong>!<br></div><div class="battle-history"><small>It's super effective!</small><br></div><div class="battle-history"><small>(Scrafiti lost 36% of its health!)</small><br></div><div class="spacer battle-history"><br></div><div class="battle-history">Scrafiti fainted!<br></div><div class="spacer battle-history"><br></div><div class="battle-history">Go! <strong>Rubulwark</strong>!<br></div><div class="chat"><ul class="utilichart"><li class="result"><span class="col pokemonnamecol">Rubulwark</span> <span class="col typecol"><img src="https://dragonheaven.herokuapp.com/sprites/types/Dragon.png" alt="Dragon" height="14" width="32"><img src="https://dragonheaven.herokuapp.com/sprites/types/Rock.png" alt="Rock" height="14" width="32"></span> <span><span class="col abilitycol">Weak Armor / Sheer Force / Mold Breaker</span><span class="col abilitycol"></span></span></li><li></li></ul></div><div class="chat"><ul class="utilichart"><li class="result"><span><span class="col statcol"><em>HP</em><br>87</span> <span class="col statcol"><em>Atk</em><br>160</span> <span class="col statcol"><em>Def</em><br>90</span> <span class="col statcol"><em>SpA</em><br>60</span> <span class="col statcol"><em>SpD</em><br>90</span> <span class="col statcol"><em>Spe</em><br>38</span> </span></li><li></li></ul></div><div class="battle-history"><small>(Rubulwark was created by Hematite!)</small><br></div><div class="spacer battle-history"><br></div><h2 class="battle-history">Turn 12</h2><div class="chat chatmessage-h2opulse"><strong style="color:#6e8c2b"><small>☆</small><span class="username" data-name="H2OPulse">H2OPulse</span>:</strong> <em><i>fair ow--</i></em></div><div class="spacer battle-history"><br></div><div class="battle-history">The opposing Pilea Pepero used <strong>Smart Strike</strong>!<br></div><div class="battle-history"><small>It's super effective!</small><br></div><div class="battle-history"><small>(Rubulwark lost 83% of its health!)</small><br></div><div class="spacer battle-history"><br></div><div class="battle-history">Rubulwark used <strong>Crunch</strong>!<br></div><div class="battle-history"><small>(The opposing Pilea Pepero lost 32% of its health!)</small><br></div><div class="spacer battle-history"><br></div><div class="battle-history">The opposing Pilea Pepero fainted!<br></div><div class="chat chatmessage-magmajudis"><strong style="color:#979b3e"><small>☆</small><span class="username" data-name="Magmajudis">Magmajudis</span>:</strong> <em>this is the part where i am thankful for running defense and hp investments on this</em></div><div class="chat chatmessage-h2opulse"><strong style="color:#6e8c2b"><small>☆</small><span class="username" data-name="H2OPulse">H2OPulse</span>:</strong> <em><s>Hm, this would actually be a good time to be a scarfed Resurrectric</s></em></div><div class="chat chatmessage-h2opulse"><strong style="color:#6e8c2b"><small>☆</small><span class="username" data-name="H2OPulse">H2OPulse</span>:</strong> <em>Yeah I am actually very impressed you lived that--</em></div><div class="spacer battle-history"><br></div><div class="battle-history">H2OPulse sent out Zantedeschia (<strong>Resurrectric</strong>)!<br></div><div class="spacer battle-history"><br></div><h2 class="battle-history">Turn 13</h2><div class="chat chatmessage-h2opulse"><strong style="color:#6e8c2b"><small>☆</small><span class="username" data-name="H2OPulse">H2OPulse</span>:</strong> <em>wait</em></div><div class="chat chatmessage-h2opulse"><strong style="color:#6e8c2b"><small>☆</small><span class="username" data-name="H2OPulse">H2OPulse</span>:</strong> <em>I think</em></div><div class="chat chatmessage-h2opulse"><strong style="color:#6e8c2b"><small>☆</small><span class="username" data-name="H2OPulse">H2OPulse</span>:</strong> <em>do I creep this by 1 point--</em></div><div class="spacer battle-history"><br></div><div class="battle-history">The opposing Zantedeschia used <strong>Ice Beam</strong>!<br></div><div class="battle-history"><small>It's super effective!</small><br></div><div class="battle-history"><small>(Rubulwark lost 17% of its health!)</small><br></div><div class="spacer battle-history"><br></div><div class="battle-history">Rubulwark fainted!<br></div><div class="chat chatmessage-magmajudis"><strong style="color:#979b3e"><small>☆</small><span class="username" data-name="Magmajudis">Magmajudis</span>:</strong> <em>i had 112 speed</em></div><div class="spacer battle-history"><br></div><div class="battle-history">Go! Noivern (<strong>Noivern-Variant</strong>)!<br></div><div class="spacer battle-history"><br></div><h2 class="battle-history">Turn 14</h2><div class="chat chatmessage-h2opulse"><strong style="color:#6e8c2b"><small>☆</small><span class="username" data-name="H2OPulse">H2OPulse</span>:</strong> <em><i>yeah I have 113 ashfjfk</i></em></div><div class="chat chatmessage-h2opulse"><strong style="color:#6e8c2b"><small>☆</small><span class="username" data-name="H2OPulse">H2OPulse</span>:</strong> <em>I have a Speed-lowering nature so I didn't think I would</em></div><div class="chat chatmessage-magmajudis"><strong style="color:#979b3e"><small>☆</small><span class="username" data-name="Magmajudis">Magmajudis</span>:</strong> <em>wait how are you using italic words on dh</em></div><div class="spacer battle-history"><br></div><div class="battle-history">H2OPulse withdrew Zantedeschia!<br></div><div class="battle-history">H2OPulse sent out Senecio (<strong>Milotic</strong>)!<br></div><div class="spacer battle-history"><br></div><div class="battle-history">Noivern used <strong>Draco Meteor</strong>!<br></div><div class="battle-history"><small>(The opposing Senecio lost 36% of its health!)</small><br></div><div class="battle-history"><small>Noivern's Sp. Atk fell harshly!</small><br></div><div class="spacer battle-history"><br></div><div class="battle-history"><small>The opposing Senecio restored a little HP using its Leftovers!</small><br></div><div class="spacer battle-history"><br></div><h2 class="battle-history">Turn 15</h2><div class="chat chatmessage-h2opulse"><strong style="color:#6e8c2b"><small>☆</small><span class="username" data-name="H2OPulse">H2OPulse</span>:</strong> <em>Oh! It's uhh</em></div><div class="chat chatmessage-h2opulse"><strong style="color:#6e8c2b"><small>☆</small><span class="username" data-name="H2OPulse">H2OPulse</span>:</strong> <em>you know how if you use _ on each side like _this,_ that's one way to use italics on Discord?</em></div><div class="chat chatmessage-h2opulse"><strong style="color:#6e8c2b"><small>☆</small><span class="username" data-name="H2OPulse">H2OPulse</span>:</strong> <em>On DH, you just have to have two of them!</em></div><div class="chat chatmessage-h2opulse"><strong style="color:#6e8c2b"><small>☆</small><span class="username" data-name="H2OPulse">H2OPulse</span>:</strong> <em>Like __this</em></div><div class="chat chatmessage-h2opulse"><strong style="color:#6e8c2b"><small>☆</small><span class="username" data-name="H2OPulse">H2OPulse</span>:</strong> <em>but on both sides__</em></div><div class="spacer battle-history"><br></div><div class="battle-history">Noivern, come back!<br></div><div class="battle-history">Go! <strong>Balleringue</strong>!<br></div><div class="chat"><ul class="utilichart"><li class="result"><span class="col pokemonnamecol">Balleringue</span> <span class="col typecol"><img src="https://dragonheaven.herokuapp.com/sprites/types/Bug.png" alt="Bug" height="14" width="32"><img src="https://dragonheaven.herokuapp.com/sprites/types/Steel.png" alt="Steel" height="14" width="32"></span> <span><span class="col abilitycol">Anticipation / Triage / Overcoat</span><span class="col abilitycol"></span></span></li><li></li></ul></div><div class="chat"><ul class="utilichart"><li class="result"><span><span class="col statcol"><em>HP</em><br>80</span> <span class="col statcol"><em>Atk</em><br>109</span> <span class="col statcol"><em>Def</em><br>105</span> <span class="col statcol"><em>SpA</em><br>69</span> <span class="col statcol"><em>SpD</em><br>105</span> <span class="col statcol"><em>Spe</em><br>29</span> </span></li><li></li></ul></div><div class="battle-history"><small>(Balleringue was created by Magmajudis!)</small><br></div><div class="spacer battle-history"><br></div><div class="battle-history">The opposing Senecio used <strong>Ice Beam</strong>!<br></div><div class="battle-history"><small>It's not very effective...</small><br></div><div class="battle-history"><small>(Balleringue lost 8% of its health!)</small><br></div><div class="spacer battle-history"><br></div><div class="battle-history"><small>The opposing Senecio restored a little HP using its Leftovers!</small><br></div><div class="battle-history"><small>Balleringue restored a little HP using its Leftovers!</small><br></div><div class="spacer battle-history"><br></div><h2 class="battle-history">Turn 16</h2><div class="chat chatmessage-magmajudis"><strong style="color:#979b3e"><small>☆</small><span class="username" data-name="Magmajudis">Magmajudis</span>:</strong> <em><s>ok i just need to manage to heal and set up dewgong and i <i>might</i> win this</s></em></div><div class="chat chatmessage-h2opulse"><strong style="color:#6e8c2b"><small>☆</small><span class="username" data-name="H2OPulse">H2OPulse</span>:</strong> <em>: D</em></div><div class="spacer battle-history"><br></div><div class="battle-history">The opposing Senecio used <strong>Scald</strong>!<br></div><div class="battle-history"><small>(Balleringue lost 27% of its health!)</small><br></div><div class="spacer battle-history"><br></div><div class="battle-history">Balleringue used <strong>Stealth Rock</strong>!<br></div><div class="battle-history"><small>Pointed stones float in the air around the opposing team!</small><br></div><div class="spacer battle-history"><br></div><div class="battle-history"><small>The opposing Senecio restored a little HP using its Leftovers!</small><br></div><div class="battle-history"><small>Balleringue restored a little HP using its Leftovers!</small><br></div><div class="spacer battle-history"><br></div><h2 class="battle-history">Turn 17</h2><div class="chat chatmessage-h2opulse"><strong style="color:#6e8c2b"><small>☆</small><span class="username" data-name="H2OPulse">H2OPulse</span>:</strong> <em><i>oh wait Pilea was my hazard control</i> oops--</em></div><div class="spacer battle-history"><br></div><div class="battle-history">Balleringue used <strong>Leech Life</strong>!<br></div><div class="battle-history"><small>(The opposing Senecio lost 27% of its health!)</small><br></div><div class="battle-history"><small>The opposing Senecio had its energy drained!</small><br></div><div class="spacer battle-history"><br></div><div class="battle-history">The opposing Senecio used <strong>Scald</strong>!<br></div><div class="battle-history"><small>(Balleringue lost 25% of its health!)</small><br></div><div class="spacer battle-history"><br></div><div class="battle-history"><small>The opposing Senecio restored a little HP using its Leftovers!</small><br></div><div class="battle-history"><small>Balleringue restored a little HP using its Leftovers!</small><br></div><div class="spacer battle-history"><br></div><h2 class="battle-history">Turn 18</h2><div class="spacer battle-history"><br></div><div class="battle-history">Balleringue used <strong>Leech Life</strong>!<br></div><div class="battle-history"><small>(The opposing Senecio lost 32% of its health!)</small><br></div><div class="battle-history"><small>The opposing Senecio had its energy drained!</small><br></div><div class="spacer battle-history"><br></div><div class="battle-history">The opposing Senecio used <strong>Scald</strong>!<br></div><div class="battle-history"><small>(Balleringue lost 23% of its health!)</small><br></div><div class="battle-history"><small>Balleringue was burned!</small><br></div><div class="spacer battle-history"><br></div><div class="battle-history"><small>The opposing Senecio restored a little HP using its Leftovers!</small><br></div><div class="battle-history"><small>Balleringue restored a little HP using its Leftovers!</small><br></div><div class="battle-history"><small>Balleringue was hurt by its burn!</small><br></div><div class="spacer battle-history"><br></div><h2 class="battle-history">Turn 19</h2><div class="chat chatmessage-magmajudis"><strong style="color:#979b3e"><small>☆</small><span class="username" data-name="Magmajudis">Magmajudis</span>:</strong> <em>yeah that was bound to happen eventually</em></div><div class="spacer battle-history"><br></div><div class="battle-history">Balleringue, come back!<br></div><div class="battle-history">Go! Dewgong (<strong>Dewgong-Variant</strong>)!<br></div><div class="spacer battle-history"><br></div><div class="battle-history">The opposing Senecio used <strong>Recover</strong>!<br></div><div class="battle-history"><small>The opposing Senecio had its HP restored.</small><br></div><div class="spacer battle-history"><br></div><div class="battle-history"><small>The opposing Senecio restored a little HP using its Leftovers!</small><br></div><div class="spacer battle-history"><br></div><h2 class="battle-history">Turn 20</h2><div class="chat chatmessage-magmajudis"><strong style="color:#979b3e"><small>☆</small><span class="username" data-name="Magmajudis">Magmajudis</span>:</strong> <em>wait</em></div><div class="chat chatmessage-magmajudis"><strong style="color:#979b3e"><small>☆</small><span class="username" data-name="Magmajudis">Magmajudis</span>:</strong> <em>hghghg</em></div><div class="chat chatmessage-h2opulse"><strong style="color:#6e8c2b"><small>☆</small><span class="username" data-name="H2OPulse">H2OPulse</span>:</strong> <em>... okay I kinda want to see this--</em></div><div class="chat chatmessage-magmajudis"><strong style="color:#979b3e"><small>☆</small><span class="username" data-name="Magmajudis">Magmajudis</span>:</strong> <em>min speed milotic outspeeds this</em></div><div class="spacer battle-history"><br></div><div class="battle-history">The opposing Senecio used <strong>Recover</strong>!<br></div><div class="battle-history"><small>The opposing Senecio had its HP restored.</small><br></div><div class="spacer battle-history"><br></div><div class="battle-history">Dewgong used <strong>Recover</strong>!<br></div><div class="battle-history"><small>Dewgong had its HP restored.</small><br></div><div class="spacer battle-history"><br></div><h2 class="battle-history">Turn 21</h2><div class="spacer battle-history"><br></div><div class="battle-history">The opposing Senecio used <strong>Scald</strong>!<br></div><div class="battle-history"><small>(Dewgong lost 22% of its health!)</small><br></div><div class="spacer battle-history"><br></div><div class="battle-history">Dewgong used <strong>Stockpile</strong>!<br></div><div class="battle-history"><small>Dewgong stockpiled 1!</small><br></div><div class="battle-history"><small>Dewgong's Defense rose!</small><br></div><div class="battle-history"><small>Dewgong's Sp. Def rose!</small><br></div><div class="spacer battle-history"><br></div><h2 class="battle-history">Turn 22</h2><div class="spacer battle-history"><br></div><div class="battle-history">H2OPulse withdrew Senecio!<br></div><div class="battle-history">H2OPulse sent out Touch-Me-Not (<strong>Reuniclus-Neural</strong>)!<br></div><div class="battle-history"><small>Pointed stones dug into the opposing Touch-Me-Not!</small><br></div><div class="battle-history">[The opposing Touch-Me-Not's Electric Surge]<br><small>An electric current ran across the battlefield!</small><br></div><div class="spacer battle-history"><br></div><div class="battle-history">Dewgong used <strong>Recover</strong>!<br></div><div class="battle-history"><small>Dewgong had its HP restored.</small><br></div><div class="spacer battle-history"><br></div><h2 class="battle-history">Turn 23</h2><div class="spacer battle-history"><br></div><div class="battle-history">The opposing Touch-Me-Not used <strong>Axon Rush</strong>!<br></div><div class="battle-history"><small>The opposing Touch-Me-Not's Attack rose!</small><br></div><div class="battle-history"><small>The opposing Touch-Me-Not's Defense rose!</small><br></div><div class="battle-history"><small>The opposing Touch-Me-Not's Speed rose!</small><br></div><div class="spacer battle-history"><br></div><div class="battle-history">Dewgong used <strong>Stockpile</strong>!<br></div><div class="battle-history"><small>Dewgong stockpiled 2!</small><br></div><div class="battle-history"><small>Dewgong's Defense rose!</small><br></div><div class="battle-history"><small>Dewgong's Sp. Def rose!</small><br></div><div class="spacer battle-history"><br></div><h2 class="battle-history">Turn 24</h2><div class="spacer battle-history"><br></div><div class="battle-history">The opposing Touch-Me-Not used <strong>Axon Rush</strong>!<br></div><div class="battle-history"><small>The opposing Touch-Me-Not's Attack rose!</small><br></div><div class="battle-history"><small>The opposing Touch-Me-Not's Defense rose!</small><br></div><div class="battle-history"><small>The opposing Touch-Me-Not's Speed rose!</small><br></div><div class="spacer battle-history"><br></div><div class="battle-history">Dewgong used <strong>Echoed Voice</strong>!<br></div><div class="battle-history"><small>(The opposing Touch-Me-Not lost 20% of its health!)</small><br></div><div class="spacer battle-history"><br></div><h2 class="battle-history">Turn 25</h2><div class="spacer battle-history"><br></div><div class="battle-history">The opposing Touch-Me-Not used <strong>Axon Rush</strong>!<br></div><div class="battle-history"><small>The opposing Touch-Me-Not's Attack rose!</small><br></div><div class="battle-history"><small>The opposing Touch-Me-Not's Defense rose!</small><br></div><div class="battle-history"><small>The opposing Touch-Me-Not's Speed rose!</small><br></div><div class="spacer battle-history"><br></div><div class="battle-history">Dewgong used <strong>Echoed Voice</strong>!<br></div><div class="battle-history"><small>(The opposing Touch-Me-Not lost 51% of its health!)</small><br></div><div class="spacer battle-history"><br></div><h2 class="battle-history">Turn 26</h2><div class="spacer battle-history"><br></div><div class="battle-history">The opposing Touch-Me-Not used <strong>Drain Punch</strong>!<br></div><div class="battle-history"><small>It's super effective!</small><br></div><div class="battle-history"><small>(Dewgong lost 82% of its health!)</small><br></div><div class="battle-history"><small>Dewgong had its energy drained!</small><br></div><div class="spacer battle-history"><br></div><div class="battle-history">Dewgong used <strong>Echoed Voice</strong>!<br></div><div class="battle-history"><small>(The opposing Touch-Me-Not lost 67% of its health!)</small><br></div><div class="spacer battle-history"><br></div><div class="battle-history">The opposing Touch-Me-Not fainted!<br></div><div class="chat chatmessage-h2opulse"><strong style="color:#6e8c2b"><small>☆</small><span class="username" data-name="H2OPulse">H2OPulse</span>:</strong> <em>Oh that snowballs <i>quickly</i></em></div><div class="chat chatmessage-h2opulse"><strong style="color:#6e8c2b"><small>☆</small><span class="username" data-name="H2OPulse">H2OPulse</span>:</strong> <em>:eyes:</em></div><div class="spacer battle-history"><br></div><div class="battle-history">H2OPulse sent out Astera (<strong>Aleon</strong>)!<br></div><div class="battle-history"><small>Pointed stones dug into the opposing Astera!</small><br></div><div class="spacer battle-history"><br></div><h2 class="battle-history">Turn 27</h2><div class="spacer battle-history"><br></div><div class="battle-history">The opposing Astera used <strong>Terrain Pulse</strong>!<br></div><div class="battle-history"><small>(Dewgong lost 12% of its health!)</small><br></div><div class="spacer battle-history"><br></div><div class="battle-history">Dewgong fainted!<br></div><div class="chat chatmessage-magmajudis"><strong style="color:#979b3e"><small>☆</small><span class="username" data-name="Magmajudis">Magmajudis</span>:</strong> <em>yeah, it synergyzes super well with metronome</em></div><div class="chat chatmessage-h2opulse"><strong style="color:#6e8c2b"><small>☆</small><span class="username" data-name="H2OPulse">H2OPulse</span>:</strong> <em>RIGHT</em></div><div class="chat chatmessage-magmajudis"><strong style="color:#979b3e"><small>☆</small><span class="username" data-name="Magmajudis">Magmajudis</span>:</strong> <em>really hard to get going and pretty easy to revenge kill though from what i've seen</em></div><div class="spacer battle-history"><br></div><div class="battle-history">Go! Noivern (<strong>Noivern-Variant</strong>)!<br></div><div class="spacer battle-history"><br></div><h2 class="battle-history">Turn 28</h2><div class="chat chatmessage-h2opulse"><strong style="color:#6e8c2b"><small>☆</small><span class="username" data-name="H2OPulse">H2OPulse</span>:</strong> <em>Fair yeah,,</em></div><div class="spacer battle-history"><br></div><div class="battle-history">Noivern used <strong>Vacuum Wave</strong>!<br></div><div class="battle-history"><small>It's super effective!</small><br></div><div class="battle-history"><small>(The opposing Astera lost 37% of its health!)</small><br></div><div class="spacer battle-history"><br></div><div class="battle-history">The opposing Astera used <strong>Volt Switch</strong>!<br></div><div class="battle-history"><small>(Noivern lost 41% of its health!)</small><br></div><div class="spacer battle-history"><br></div><div class="battle-history">The opposing Astera went back to H2OPulse!<br></div><div class="battle-history">H2OPulse sent out Senecio (<strong>Milotic</strong>)!<br></div><div class="battle-history"><small>Pointed stones dug into the opposing Senecio!</small><br></div><div class="spacer battle-history"><br></div><div class="battle-history"><small>The opposing Senecio restored a little HP using its Leftovers!</small><br></div><div class="spacer battle-history"><br></div><h2 class="battle-history">Turn 29</h2><div class="spacer battle-history"><br></div><div class="battle-history">Noivern used <strong>Roost</strong>!<br></div><div class="battle-history"><small>Noivern had its HP restored.</small><br></div><div class="spacer battle-history"><br></div><div class="battle-history">The opposing Senecio used <strong>Ice Beam</strong>!<br></div><div class="battle-history"><small>It's super effective!</small><br></div><div class="battle-history"><small>(Noivern lost 51% of its health!)</small><br></div><div class="spacer battle-history"><br></div><div class="battle-history"><small>The opposing Senecio restored a little HP using its Leftovers!</small><br></div><div class="battle-history"><small>The electricity disappeared from the battlefield.</small><br></div><div class="spacer battle-history"><br></div><h2 class="battle-history">Turn 30</h2><div class="spacer battle-history"><br></div><div class="battle-history">Noivern used <strong>Roost</strong>!<br></div><div class="battle-history"><small>Noivern had its HP restored.</small><br></div><div class="spacer battle-history"><br></div><div class="battle-history">The opposing Senecio used <strong>Ice Beam</strong>!<br></div><div class="battle-history"><small>It's super effective!</small><br></div><div class="battle-history"><small>(Noivern lost 52% of its health!)</small><br></div><div class="battle-history"><small>Noivern was frozen solid!</small><br></div><div class="spacer battle-history"><br></div><div class="battle-history"><small>The opposing Senecio restored a little HP using its Leftovers!</small><br></div><div class="spacer battle-history"><br></div><h2 class="battle-history">Turn 31</h2><div class="chat chatmessage-h2opulse"><strong style="color:#6e8c2b"><small>☆</small><span class="username" data-name="H2OPulse">H2OPulse</span>:</strong> <em>MMSKFJ</em></div><div class="chat chatmessage-magmajudis"><strong style="color:#979b3e"><small>☆</small><span class="username" data-name="Magmajudis">Magmajudis</span>:</strong> <em>the game really said "let's skip forwards a few turns"</em></div><div class="chat"><small>☆H2OPulse left</small></div><div class="chat"><small>☆H2OPulse joined</small></div><div class="chat chatmessage-h2opulse"><strong style="color:#6e8c2b"><small>☆</small><span class="username" data-name="H2OPulse">H2OPulse</span>:</strong> <em><i>sorry hi</i> I disconnected but I am back</em></div><div class="spacer battle-history"><br></div><div class="battle-history">Noivern is frozen solid!<br></div><div class="spacer battle-history"><br></div><div class="battle-history">The opposing Senecio used <strong>Ice Beam</strong>!<br></div><div class="battle-history"><small>It's super effective!</small><br></div><div class="battle-history"><small>(Noivern lost 47% of its health!)</small><br></div><div class="spacer battle-history"><br></div><div class="battle-history">Noivern fainted!<br></div><div class="chat chatmessage-magmajudis"><strong style="color:#979b3e"><small>☆</small><span class="username" data-name="Magmajudis">Magmajudis</span>:</strong> <em>ok i just checked something</em></div><div class="chat"><small>☆H2OPulse left</small></div><div class="chat chatmessage-magmajudis"><strong style="color:#979b3e"><small>☆</small><span class="username" data-name="Magmajudis">Magmajudis</span>:</strong> <em>if a echoed voice hit from dewgong with metronome deals at least 45.455%</em></div><div class="chat chatmessage-magmajudis"><strong style="color:#979b3e"><small>☆</small><span class="username" data-name="Magmajudis">Magmajudis</span>:</strong> <em>wait no actually i forgot to account for the double damage</em></div><div class="chat"><small>☆H2OPulse joined</small></div><div class="chat chatmessage-magmajudis"><strong style="color:#979b3e"><small>☆</small><span class="username" data-name="Magmajudis">Magmajudis</span>:</strong> <em>if it deals at least 29.412%</em></div><div class="chat chatmessage-magmajudis"><strong style="color:#979b3e"><small>☆</small><span class="username" data-name="Magmajudis">Magmajudis</span>:</strong> <em>the next one will kill</em></div><div class="spacer battle-history"><br></div><div class="battle-history">Go! <strong>Balleringue</strong>!<br></div><div class="spacer battle-history"><br></div><h2 class="battle-history">Turn 32</h2><div class="chat chatmessage-h2opulse"><strong style="color:#6e8c2b"><small>☆</small><span class="username" data-name="H2OPulse">H2OPulse</span>:</strong> <em><i>wow okay--</i></em></div><div class="chat chatmessage-h2opulse"><strong style="color:#6e8c2b"><small>☆</small><span class="username" data-name="H2OPulse">H2OPulse</span>:</strong> <em>that's... really impressive o.o'</em></div><div class="chat chatmessage-magmajudis"><strong style="color:#979b3e"><small>☆</small><span class="username" data-name="Magmajudis">Magmajudis</span>:</strong> <em>if i calced correctly</em></div><div class="spacer battle-history"><br></div><div class="battle-history">Balleringue used <strong>Leech Life</strong>!<br></div><div class="battle-history"><small>(The opposing Senecio lost 15% of its health!)</small><br></div><div class="battle-history"><small>The opposing Senecio had its energy drained!</small><br></div><div class="spacer battle-history"><br></div><div class="battle-history">The opposing Senecio used <strong>Scald</strong>!<br></div><div class="battle-history"><small>(Balleringue lost 26% of its health!)</small><br></div><div class="spacer battle-history"><br></div><div class="battle-history"><small>The opposing Senecio restored a little HP using its Leftovers!</small><br></div><div class="battle-history"><small>Balleringue restored a little HP using its Leftovers!</small><br></div><div class="battle-history"><small>Balleringue was hurt by its burn!</small><br></div><div class="spacer battle-history"><br></div><h2 class="battle-history">Turn 33</h2><div class="spacer battle-history"><br></div><div class="battle-history">Balleringue used <strong>Leech Life</strong>!<br></div><div class="battle-history"><small>(The opposing Senecio lost 15% of its health!)</small><br></div><div class="battle-history"><small>The opposing Senecio had its energy drained!</small><br></div><div class="spacer battle-history"><br></div><div class="battle-history">The opposing Senecio used <strong>Scald</strong>!<br></div><div class="battle-history"><small>(Balleringue lost 26% of its health!)</small><br></div><div class="spacer battle-history"><br></div><div class="battle-history"><small>The opposing Senecio restored a little HP using its Leftovers!</small><br></div><div class="battle-history"><small>Balleringue restored a little HP using its Leftovers!</small><br></div><div class="battle-history"><small>Balleringue was hurt by its burn!</small><br></div><div class="spacer battle-history"><br></div><h2 class="battle-history">Turn 34</h2><div class="spacer battle-history"><br></div><div class="battle-history">Balleringue used <strong>Leech Life</strong>!<br></div><div class="battle-history"><small>(The opposing Senecio lost 16% of its health!)</small><br></div><div class="battle-history"><small>The opposing Senecio had its energy drained!</small><br></div><div class="spacer battle-history"><br></div><div class="battle-history">The opposing Senecio used <strong>Scald</strong>!<br></div><div class="battle-history"><small>(Balleringue lost 26% of its health!)</small><br></div><div class="spacer battle-history"><br></div><div class="battle-history"><small>The opposing Senecio restored a little HP using its Leftovers!</small><br></div><div class="battle-history"><small>Balleringue restored a little HP using its Leftovers!</small><br></div><div class="battle-history"><small>Balleringue was hurt by its burn!</small><br></div><div class="spacer battle-history"><br></div><h2 class="battle-history">Turn 35</h2><div class="spacer battle-history"><br></div><div class="battle-history">Balleringue used <strong>Leech Life</strong>!<br></div><div class="battle-history"><small>(The opposing Senecio lost 15% of its health!)</small><br></div><div class="battle-history"><small>The opposing Senecio had its energy drained!</small><br></div><div class="spacer battle-history"><br></div><div class="battle-history">The opposing Senecio used <strong>Scald</strong>!<br></div><div class="battle-history"><small>(Balleringue lost 22% of its health!)</small><br></div><div class="spacer battle-history"><br></div><div class="battle-history">Balleringue fainted!<br></div><div class="spacer battle-history"><br></div><div class="battle-history"><strong>H2OPulse</strong> won the battle!<br></div><div class="chat chatmessage-magmajudis"><strong style="color:#979b3e"><small>☆</small><span class="username" data-name="Magmajudis">Magmajudis</span>:</strong> <em>good game!</em></div><div class="chat chatmessage-h2opulse"><strong style="color:#6e8c2b"><small>☆</small><span class="username" data-name="H2OPulse">H2OPulse</span>:</strong> <em>Good game!!!</em></div><div class="chat chatmessage-magmajudis"><strong style="color:#979b3e"><small>☆</small><span class="username" data-name="Magmajudis">Magmajudis</span>:</strong> <em>i'm both really scared of dewgong and at the same time fighting types are common enough for revenge-killing to not be a problem</em></div><div class="chat chatmessage-h2opulse"><strong style="color:#6e8c2b"><small>☆</small><span class="username" data-name="H2OPulse">H2OPulse</span>:</strong> <em>Rig ht</em></div><div class="chat chatmessage-h2opulse"><strong style="color:#6e8c2b"><small>☆</small><span class="username" data-name="H2OPulse">H2OPulse</span>:</strong> <em>It's a really, really cool wallbreaker O: but it definitely seems manageable to me!</em></div><div class="chat chatmessage-magmajudis"><strong style="color:#979b3e"><small>☆</small><span class="username" data-name="Magmajudis">Magmajudis</span>:</strong> <em>oh also that dewgong wasn't modest</em></div><div class="chat chatmessage-magmajudis"><strong style="color:#979b3e"><small>☆</small><span class="username" data-name="Magmajudis">Magmajudis</span>:</strong> <em>it was calm</em></div><div class="chat chatmessage-h2opulse"><strong style="color:#6e8c2b"><small>☆</small><span class="username" data-name="H2OPulse">H2OPulse</span>:</strong> <em>Oh man o.o'</em></div><div class="chat chatmessage-magmajudis"><strong style="color:#979b3e"><small>☆</small><span class="username" data-name="Magmajudis">Magmajudis</span>:</strong> <em>i think if it was modest it would've 2HKOed haha</em></div><div class="chat chatmessage-h2opulse"><strong style="color:#6e8c2b"><small>☆</small><span class="username" data-name="H2OPulse">H2OPulse</span>:</strong> <em>Very possible shdjfj</em></div><div class="chat chatmessage-h2opulse"><strong style="color:#6e8c2b"><small>☆</small><span class="username" data-name="H2OPulse">H2OPulse</span>:</strong> <em>I think it would be a small difference at first but add up very quickly (like a lot about this Dewgong : D) - it's only a 10% boost to damage, but that can be a big difference when you're hitting as hard as it does even on the second hit</em></div><div class="chat chatmessage-magmajudis"><strong style="color:#979b3e"><small>☆</small><span class="username" data-name="Magmajudis">Magmajudis</span>:</strong> <em>yeah</em></div><div class="chat chatmessage-magmajudis"><strong style="color:#979b3e"><small>☆</small><span class="username" data-name="Magmajudis">Magmajudis</span>:</strong> <em>it hits</em></div><div class="chat chatmessage-magmajudis"><strong style="color:#979b3e"><small>☆</small><span class="username" data-name="Magmajudis">Magmajudis</span>:</strong> <em>suprisingly hard for echoed voice, even with adapt in mind</em></div><div class="chat chatmessage-magmajudis"><strong style="color:#979b3e"><small>☆</small><span class="username" data-name="Magmajudis">Magmajudis</span>:</strong> <em>i haven't tested sundor yet but i'm very happy about the two others i made this slate</em></div><div class="chat chatmessage-h2opulse"><strong style="color:#6e8c2b"><small>☆</small><span class="username" data-name="H2OPulse">H2OPulse</span>:</strong> <em>I forgot about Metronome, so I saw the 20% from the first hit and thought I would have a bit of time to keep setting up for more damage from Drain Punch</em></div><div class="chat chatmessage-h2opulse"><strong style="color:#6e8c2b"><small>☆</small><span class="username" data-name="H2OPulse">H2OPulse</span>:</strong> <em>and then it turned out that the next hit was 1.2x stronger <i>and</i> that the 20% at first must have been some kind of low roll adjfjgk</em></div><div class="chat chatmessage-h2opulse"><strong style="color:#6e8c2b"><small>☆</small><span class="username" data-name="H2OPulse">H2OPulse</span>:</strong> <em>Yeah I love them!!! I'm <i>so hyped for Sundor too actually</i> I <i>have</i> to try it</em></div><div class="chat chatmessage-magmajudis"><strong style="color:#979b3e"><small>☆</small><span class="username" data-name="Magmajudis">Magmajudis</span>:</strong> <em><s>i'm always gonna run silver wind on it as stab</s></em></div><div class="chat chatmessage-h2opulse"><strong style="color:#6e8c2b"><small>☆</small><span class="username" data-name="H2OPulse">H2OPulse</span>:</strong> <em>Y e s s s s</em></div><div class="chat chatmessage-h2opulse"><strong style="color:#6e8c2b"><small>☆</small><span class="username" data-name="H2OPulse">H2OPulse</span>:</strong> <em>May you always get omniboosts at the funniest possible times :pray:</em></div><div class="chat chatmessage-magmajudis"><strong style="color:#979b3e"><small>☆</small><span class="username" data-name="Magmajudis">Magmajudis</span>:</strong> <em>:pray:</em></div><div class="chat"><small>☆H2OPulse left</small></div><div class="chat chatmessage-magmajudis"><strong style="color:#979b3e"><small>☆</small><span class="username" data-name="Magmajudis">Magmajudis</span>:</strong> <em>a 10% chance to omniboost with your best stab sounds like it's gonna lead to incredibly funny situations</em></div><div class="chat"><small>☆H2OPulse joined</small></div><div class="chat chatmessage-h2opulse"><strong style="color:#6e8c2b"><small>☆</small><span class="username" data-name="H2OPulse">H2OPulse</span>:</strong> <em>Y e s</em></div><div class="chat chatmessage-h2opulse"><strong style="color:#6e8c2b"><small>☆</small><span class="username" data-name="H2OPulse">H2OPulse</span>:</strong> <em><s>sorry I keep disconnecting oops</s></em></div><div class="chat chatmessage-magmajudis"><strong style="color:#979b3e"><small>☆</small><span class="username" data-name="Magmajudis">Magmajudis</span>:</strong> <em>dw haha that's fair</em></div><div class="chat chatmessage-magmajudis"><strong style="color:#979b3e"><small>☆</small><span class="username" data-name="Magmajudis">Magmajudis</span>:</strong> <em>wait actually i don't think the 20% was a really low roll</em></div><div class="chat chatmessage-magmajudis"><strong style="color:#979b3e"><small>☆</small><span class="username" data-name="Magmajudis">Magmajudis</span>:</strong> <em>if you keep that same roll but do *2*1.2 to account for both of the power boosts</em></div><div class="chat chatmessage-magmajudis"><strong style="color:#979b3e"><small>☆</small><span class="username" data-name="Magmajudis">Magmajudis</span>:</strong> <em>it'd deal 48%</em></div><div class="chat chatmessage-magmajudis"><strong style="color:#979b3e"><small>☆</small><span class="username" data-name="Magmajudis">Magmajudis</span>:</strong> <em>which is notable compared to 51% but not by a lot</em></div><div class="chat chatmessage-h2opulse"><strong style="color:#6e8c2b"><small>☆</small><span class="username" data-name="H2OPulse">H2OPulse</span>:</strong> <em>Oh huh you're right actually!!</em></div><div class="chat chatmessage-magmajudis"><strong style="color:#979b3e"><small>☆</small><span class="username" data-name="Magmajudis">Magmajudis</span>:</strong> <em>oh also ghhghg</em></div><div class="chat chatmessage-magmajudis"><strong style="color:#979b3e"><small>☆</small><span class="username" data-name="Magmajudis">Magmajudis</span>:</strong> <em>i just calced and</em></div><div class="chat chatmessage-h2opulse"><strong style="color:#6e8c2b"><small>☆</small><span class="username" data-name="H2OPulse">H2OPulse</span>:</strong> <em>Wow it just escalates really quickly then adhfjgk</em></div><div class="chat chatmessage-magmajudis"><strong style="color:#979b3e"><small>☆</small><span class="username" data-name="Magmajudis">Magmajudis</span>:</strong> <em>if you let dewgong use echoed voice 6 (i think) times in a row</em></div><div class="chat chatmessage-magmajudis"><strong style="color:#979b3e"><small>☆</small><span class="username" data-name="Magmajudis">Magmajudis</span>:</strong> <em>it's echoed voice, with metronome, would be 400BP *before* adaptability/STAB</em></div><div class="chat chatmessage-h2opulse"><strong style="color:#6e8c2b"><small>☆</small><span class="username" data-name="H2OPulse">H2OPulse</span>:</strong> <em><i>mmskfhfjgk</i></em></div><div class="chat chatmessage-h2opulse"><strong style="color:#6e8c2b"><small>☆</small><span class="username" data-name="H2OPulse">H2OPulse</span>:</strong> <em><i>that's amazing</i></em></div><div class="chat chatmessage-h2opulse"><strong style="color:#6e8c2b"><small>☆</small><span class="username" data-name="H2OPulse">H2OPulse</span>:</strong> <em><s>also I'm not gonna lie I think it's very funny that I needed a switch-in for Trick and a Marowak evolution holding a Thick Club was my <i>best</i> option</s></em></div><div class="chat chatmessage-h2opulse"><strong style="color:#6e8c2b"><small>☆</small><span class="username" data-name="H2OPulse">H2OPulse</span>:</strong> <em>~~m...maybe Resurrectric is <i>too</i> specially biased__</em></div><div class="chat chatmessage-h2opulse"><strong style="color:#6e8c2b"><small>☆</small><span class="username" data-name="H2OPulse">H2OPulse</span>:</strong> <em>I guess I just wasn't ever going to need Ground in this match but--</em></div><div class="chat chatmessage-h2opulse"><strong style="color:#6e8c2b"><small>☆</small><span class="username" data-name="H2OPulse">H2OPulse</span>:</strong> <em>Oops I messed up formatting*</em></div><div class="chat chatmessage-magmajudis"><strong style="color:#979b3e"><small>☆</small><span class="username" data-name="Magmajudis">Magmajudis</span>:</strong> <em>ok but mixed attackers are</em></div><div class="chat chatmessage-magmajudis"><strong style="color:#979b3e"><small>☆</small><span class="username" data-name="Magmajudis">Magmajudis</span>:</strong> <em>just so amazing</em></div><div class="chat chatmessage-h2opulse"><strong style="color:#6e8c2b"><small>☆</small><span class="username" data-name="H2OPulse">H2OPulse</span>:</strong> <em>Y e a h</em></div><div class="chat chatmessage-magmajudis"><strong style="color:#979b3e"><small>☆</small><span class="username" data-name="Magmajudis">Magmajudis</span>:</strong> <em>man it's really sad that</em></div><div class="chat chatmessage-h2opulse"><strong style="color:#6e8c2b"><small>☆</small><span class="username" data-name="H2OPulse">H2OPulse</span>:</strong> <em>RIGHT THAT'S ANOTHER THING I haven't used Starly myself yet but it was pointed out that it can <i>really</i> prey on the low-Defense slate</em></div><div class="chat chatmessage-h2opulse"><strong style="color:#6e8c2b"><small>☆</small><span class="username" data-name="H2OPulse">H2OPulse</span>:</strong> <em>it's so funny--</em></div><div class="chat chatmessage-magmajudis"><strong style="color:#979b3e"><small>☆</small><span class="username" data-name="Magmajudis">Magmajudis</span>:</strong> <em>the damage calc doesn't take echoed voice doubling power into account</em></div><div class="chat chatmessage-h2opulse"><strong style="color:#6e8c2b"><small>☆</small><span class="username" data-name="H2OPulse">H2OPulse</span>:</strong> <em>Aww it doesn't?;;</em></div><div class="chat chatmessage-magmajudis"><strong style="color:#979b3e"><small>☆</small><span class="username" data-name="Magmajudis">Magmajudis</span>:</strong> <em>yeah apparently not</em></div><div class="chat chatmessage-h2opulse"><strong style="color:#6e8c2b"><small>☆</small><span class="username" data-name="H2OPulse">H2OPulse</span>:</strong> <em>I think you can do it manually at least!! if you type in the base power</em></div><div class="chat chatmessage-magmajudis"><strong style="color:#979b3e"><small>☆</small><span class="username" data-name="Magmajudis">Magmajudis</span>:</strong> <em>yeah at least</em></div><div class="chat chatmessage-magmajudis"><strong style="color:#979b3e"><small>☆</small><span class="username" data-name="Magmajudis">Magmajudis</span>:</strong> <em>so about that 400BP echoed voice</em></div><div class="chat chatmessage-h2opulse"><strong style="color:#6e8c2b"><small>☆</small><span class="username" data-name="H2OPulse">H2OPulse</span>:</strong> <em>:eyes:</em></div><div class="chat chatmessage-magmajudis"><strong style="color:#979b3e"><small>☆</small><span class="username" data-name="Magmajudis">Magmajudis</span>:</strong> <em>252+ SpA Metronome Adaptability Dewgong Echoed Voice vs. 252 HP / 252+ SpD Assault Vest Mew: 408-484 (100.9 - 119.8%) -- guaranteed KO in 1 turns</em></div><div class="chat chatmessage-magmajudis"><strong style="color:#979b3e"><small>☆</small><span class="username" data-name="Magmajudis">Magmajudis</span>:</strong> <em>who needs crits right</em></div><div class="chat"><small>☆H2OPulse left</small></div><div class="chat chatmessage-magmajudis"><strong style="color:#979b3e"><small>☆</small><span class="username" data-name="Magmajudis">Magmajudis</span>:</strong> <em>(ignore the "in 1 turns" metronome just shows that when you put it in the calc)</em></div><div class="chat"><small>☆H2OPulse joined</small></div><div class="chat chatmessage-h2opulse"><strong style="color:#6e8c2b"><small>☆</small><span class="username" data-name="H2OPulse">H2OPulse</span>:</strong> <em>AHSJFKFKF AMAZING</em></div><div class="chat chatmessage-magmajudis"><strong style="color:#979b3e"><small>☆</small><span class="username" data-name="Magmajudis">Magmajudis</span>:</strong> <em>wait does</em></div><div class="chat chatmessage-magmajudis"><strong style="color:#979b3e"><small>☆</small><span class="username" data-name="Magmajudis">Magmajudis</span>:</strong> <em>does metronome already boost the first time you use a move?</em></div><div class="chat chatmessage-h2opulse"><strong style="color:#6e8c2b"><small>☆</small><span class="username" data-name="H2OPulse">H2OPulse</span>:</strong> <em>It does not!</em></div><div class="chat chatmessage-magmajudis"><strong style="color:#979b3e"><small>☆</small><span class="username" data-name="Magmajudis">Magmajudis</span>:</strong> <em>ok that's what i thought!</em></div><div class="chat chatmessage-h2opulse"><strong style="color:#6e8c2b"><small>☆</small><span class="username" data-name="H2OPulse">H2OPulse</span>:</strong> <em>(If it did, it would outclass all of the type-boosting items like Plates and Silk Scarf, since those are also 20%)</em></div><div class="chat chatmessage-magmajudis"><strong style="color:#979b3e"><small>☆</small><span class="username" data-name="Magmajudis">Magmajudis</span>:</strong> <em>yeah right</em></div><div class="chat chatmessage-magmajudis"><strong style="color:#979b3e"><small>☆</small><span class="username" data-name="Magmajudis">Magmajudis</span>:</strong> <em>metronome is such a funny item</em></div><div class="chat chatmessage-h2opulse"><strong style="color:#6e8c2b"><small>☆</small><span class="username" data-name="H2OPulse">H2OPulse</span>:</strong> <em>Y e s s s</em></div><div class="chat chatmessage-magmajudis"><strong style="color:#979b3e"><small>☆</small><span class="username" data-name="Magmajudis">Magmajudis</span>:</strong> <em>especially on sweepers</em></div><div class="chat chatmessage-h2opulse"><strong style="color:#6e8c2b"><small>☆</small><span class="username" data-name="H2OPulse">H2OPulse</span>:</strong> <em>I don't... think I've ever actually gotten to try it before but I <i>really</i> should</em></div><div class="chat chatmessage-magmajudis"><strong style="color:#979b3e"><small>☆</small><span class="username" data-name="Magmajudis">Magmajudis</span>:</strong> <em>man evolution project is so good</em></div><div class="chat chatmessage-h2opulse"><strong style="color:#6e8c2b"><small>☆</small><span class="username" data-name="H2OPulse">H2OPulse</span>:</strong> <em>: D yesssssss</em></div><div class="chat chatmessage-h2opulse"><strong style="color:#6e8c2b"><small>☆</small><span class="username" data-name="H2OPulse">H2OPulse</span>:</strong> <em>I'm so happy we're all doing it</em></div><div class="chat chatmessage-magmajudis"><strong style="color:#979b3e"><small>☆</small><span class="username" data-name="Magmajudis">Magmajudis</span>:</strong> <em>sale : D</em></div><div class="chat chatmessage-magmajudis"><strong style="color:#979b3e"><small>☆</small><span class="username" data-name="Magmajudis">Magmajudis</span>:</strong> <em>same*</em></div><div class="chat chatmessage-magmajudis"><strong style="color:#979b3e"><small>☆</small><span class="username" data-name="Magmajudis">Magmajudis</span>:</strong> <em>all the mons are also just</em></div><div class="chat chatmessage-magmajudis"><strong style="color:#979b3e"><small>☆</small><span class="username" data-name="Magmajudis">Magmajudis</span>:</strong> <em>so cool to use</em></div><div class="chat chatmessage-h2opulse"><strong style="color:#6e8c2b"><small>☆</small><span class="username" data-name="H2OPulse">H2OPulse</span>:</strong> <em>They are!!!!!</em></div><div class="chat chatmessage-magmajudis"><strong style="color:#979b3e"><small>☆</small><span class="username" data-name="Magmajudis">Magmajudis</span>:</strong> <em><s>and also we have ink so we're automatically a good mod</s></em></div><div class="chat chatmessage-h2opulse"><strong style="color:#6e8c2b"><small>☆</small><span class="username" data-name="H2OPulse">H2OPulse</span>:</strong> <em>TRUE</em></div><div class="chat chatmessage-h2opulse"><strong style="color:#6e8c2b"><small>☆</small><span class="username" data-name="H2OPulse">H2OPulse</span>:</strong> <em>... There are a lot of really annoyed-sounding coyotes howling right now</em></div><div class="chat chatmessage-magmajudis"><strong style="color:#979b3e"><small>☆</small><span class="username" data-name="Magmajudis">Magmajudis</span>:</strong> <em>...oh</em></div><div class="chat chatmessage-h2opulse"><strong style="color:#6e8c2b"><small>☆</small><span class="username" data-name="H2OPulse">H2OPulse</span>:</strong> <em>I think I was closer to them when they started barking than I would like to be adjfjgk</em></div><div class="chat chatmessage-h2opulse"><strong style="color:#6e8c2b"><small>☆</small><span class="username" data-name="H2OPulse">H2OPulse</span>:</strong> <em>I'm almost home though it's fine P:</em></div><div class="chat chatmessage-magmajudis"><strong style="color:#979b3e"><small>☆</small><span class="username" data-name="Magmajudis">Magmajudis</span>:</strong> <em>ok!</em></div><div class="chat chatmessage-magmajudis"><strong style="color:#979b3e"><small>☆</small><span class="username" data-name="Magmajudis">Magmajudis</span>:</strong> <em>have a good day/night!</em></div><div class="chat chatmessage-h2opulse"><strong style="color:#6e8c2b"><small>☆</small><span class="username" data-name="H2OPulse">H2OPulse</span>:</strong> <em>Oh, you too!!! <s>it is night here it is 3:39 AM but I am on a walk anyway</s></em></div><div class="chat chatmessage-h2opulse"><strong style="color:#6e8c2b"><small>☆</small><span class="username" data-name="H2OPulse">H2OPulse</span>:</strong> <em><i>or I was until the coyotes decided otherwise--</i></em></div><div class="chat chatmessage-h2opulse"><strong style="color:#6e8c2b"><small>☆</small><span class="username" data-name="H2OPulse">H2OPulse</span>:</strong> <em>ahem</em></div><div class="chat"><small>☆Magmajudis left</small></div></div><div class="inner-preempt message-log"></div></div></div>
</div>
<script>
let daily = Math.floor(Date.now()/1000/60/60/24);document.write('<script src="https://play.pokemonshowdown.com/js/replay-embed.js?version'+daily+'"></'+'script>');
</script>
