<!DOCTYPE html>
<meta charset="utf-8" />
<!-- version 1 -->
<title>[Gen 8] Evolution Project replay: H2OPulse vs. time to chill</title>
<style>
html,body {font-family:Verdana, sans-serif;font-size:10pt;margin:0;padding:0;}body{padding:12px 0;} .battle-log {font-family:Verdana, sans-serif;font-size:10pt;} .battle-log-inline {border:1px solid #AAAAAA;background:#EEF2F5;color:black;max-width:640px;margin:0 auto 80px;padding-bottom:5px;} .battle-log .inner {padding:4px 8px 0px 8px;} .battle-log .inner-preempt {padding:0 8px 4px 8px;} .battle-log .inner-after {margin-top:0.5em;} .battle-log h2 {margin:0.5em -8px;padding:4px 8px;border:1px solid #AAAAAA;background:#E0E7EA;border-left:0;border-right:0;font-family:Verdana, sans-serif;font-size:13pt;} .battle-log .chat {vertical-align:middle;padding:3px 0 3px 0;font-size:8pt;} .battle-log .chat strong {color:#40576A;} .battle-log .chat em {padding:1px 4px 1px 3px;color:#000000;font-style:normal;} .chat.mine {background:rgba(0,0,0,0.05);margin-left:-8px;margin-right:-8px;padding-left:8px;padding-right:8px;} .spoiler {color:#BBBBBB;background:#BBBBBB;padding:0px 3px;} .spoiler:hover, .spoiler:active, .spoiler-shown {color:#000000;background:#E2E2E2;padding:0px 3px;} .spoiler a {color:#BBBBBB;} .spoiler:hover a, .spoiler:active a, .spoiler-shown a {color:#2288CC;} .chat code, .chat .spoiler:hover code, .chat .spoiler:active code, .chat .spoiler-shown code {border:1px solid #C0C0C0;background:#EEEEEE;color:black;padding:0 2px;} .chat .spoiler code {border:1px solid #CCCCCC;background:#CCCCCC;color:#CCCCCC;} .battle-log .rated {padding:3px 4px;} .battle-log .rated strong {color:white;background:#89A;padding:1px 4px;border-radius:4px;} .spacer {margin-top:0.5em;} .message-announce {background:#6688AA;color:white;padding:1px 4px 2px;} .message-announce a, .broadcast-green a, .broadcast-blue a, .broadcast-red a {color:#DDEEFF;} .broadcast-green {background-color:#559955;color:white;padding:2px 4px;} .broadcast-blue {background-color:#6688AA;color:white;padding:2px 4px;} .infobox {border:1px solid #6688AA;padding:2px 4px;} .infobox-limited {max-height:200px;overflow:auto;overflow-x:hidden;} .broadcast-red {background-color:#AA5544;color:white;padding:2px 4px;} .message-learn-canlearn {font-weight:bold;color:#228822;text-decoration:underline;} .message-learn-cannotlearn {font-weight:bold;color:#CC2222;text-decoration:underline;} .message-effect-weak {font-weight:bold;color:#CC2222;} .message-effect-resist {font-weight:bold;color:#6688AA;} .message-effect-immune {font-weight:bold;color:#666666;} .message-learn-list {margin-top:0;margin-bottom:0;} .message-throttle-notice, .message-error {color:#992222;} .message-overflow, .chat small.message-overflow {font-size:0pt;} .message-overflow::before {font-size:9pt;content:'...';} .subtle {color:#3A4A66;}
</style>
<div class="wrapper replay-wrapper" style="max-width:1180px;margin:0 auto">
<input type="hidden" name="replayid" value="dragonheaven-gen8evolutionproject-24" />
<div class="battle"></div><div class="battle-log"></div><div class="replay-controls"></div><div class="replay-controls-2"></div>
<h1 style="font-weight:normal;text-align:center"><strong>[Gen 8] Evolution Project</strong><br /><a href="http://pokemonshowdown.com/users/h2opulse" class="subtle" target="_blank">H2OPulse</a> vs. <a href="http://pokemonshowdown.com/users/timetochill" class="subtle" target="_blank">time to chill</a></h1>
<script type="text/plain" class="battle-log-data">|j|☆H2OPulse
|j|☆time to chill
|t:|1658172851
|player|p1|H2OPulse|aetherfoundation|
|player|p2|time to chill|cyclist-gen4|
|teamsize|p1|6
|teamsize|p2|6
|gametype|singles
|gen|8
|tier|[Gen 8] Evolution Project
|clearpoke
|poke|p1|Orbeetle-Variant, M|
|poke|p1|Shiinotic-Kalos, F|
|poke|p1|Klefki-Galar, F|
|poke|p1|Vaporeon, F|
|poke|p1|Noivern-Variant, M|
|poke|p1|Resurrectric, M|
|poke|p2|Balleringue, F|
|poke|p2|Oonabee, M|
|poke|p2|Scolipede-Variant, F|
|poke|p2|Velocinobi, F|
|poke|p2|Orbeetle-Variant, F|
|poke|p2|Frosmoth-Variant, M|
|rule|HP Percentage Mod: HP is shown in percentages
|rule|Endless Battle Clause: Forcing endless battles is banned
|rule|OHKO Clause: OHKO moves are banned
|rule|Evasion Moves Clause: Evasion moves are banned
|rule|Species Clause: Limit one of each Pokémon
|rule|Dynamax Clause: You cannot dynamax
|rule|Sleep Clause Mod: Limit one foe put to sleep
|rule|Z-Move Clause: Type-based Z-Moves are banned
|teampreview
|c|☆time to chill|glhf!
|c|☆H2OPulse|MONO BUG
|c|☆H2OPulse|NICE
|c|☆H2OPulse|Good luck and have fun!!! O:
|
|t:|1658172871
|start
|switch|p1a: Snakey|Orbeetle-Variant, M|100\/100
|switch|p2a: Scolipede|Scolipede-Variant, F|100\/100
|-start|p2a: Scolipede|typechange|Bug\/Ground|[silent]
|raw|<ul class="utilichart"><li class="result"><span class="col pokemonnamecol" style="white-space: nowrap">Scolipede-Variant<\/span> <span class="col typecol"><img src="https:\/\/dragonheaven.herokuapp.com\/sprites\/types\/Bug.png" alt="Bug" height="14" width="32"><img src="https:\/\/dragonheaven.herokuapp.com\/sprites\/types\/Ground.png" alt="Ground" height="14" width="32"><\/span> <span style="float: left ; min-height: 26px"><span class="col abilitycol">Poison Heal \/ Swarm \/ Quick Feet<\/span><span class="col abilitycol"><\/span><\/span><\/li><li style="clear: both"><\/li><\/ul>
|raw|<ul class="utilichart"><li class="result"><span style="float: left ; min-height: 26px"><span class="col statcol"><em>HP<\/em><br>100<\/span> <span class="col statcol"><em>Atk<\/em><br>100<\/span> <span class="col statcol"><em>Def<\/em><br>49<\/span> <span class="col statcol"><em>SpA<\/em><br>85<\/span> <span class="col statcol"><em>SpD<\/em><br>39<\/span> <span class="col statcol"><em>Spe<\/em><br>112<\/span> <\/span><\/li><li style="clear: both"><\/li><\/ul>
|-hint|Scolipede-Variant was created by BlueRay!
|-start|p1a: Snakey|typechange|Bug\/Electric|[silent]
|raw|<ul class="utilichart"><li class="result"><span class="col pokemonnamecol" style="white-space: nowrap">Orbeetle-Variant<\/span> <span class="col typecol"><img src="https:\/\/dragonheaven.herokuapp.com\/sprites\/types\/Bug.png" alt="Bug" height="14" width="32"><img src="https:\/\/dragonheaven.herokuapp.com\/sprites\/types\/Electric.png" alt="Electric" height="14" width="32"><\/span> <span style="float: left ; min-height: 26px"><span class="col abilitycol">Swarm \/ Frisk \/ Cotton Down<\/span><span class="col abilitycol"><\/span><\/span><\/li><li style="clear: both"><\/li><\/ul>
|raw|<ul class="utilichart"><li class="result"><span style="float: left ; min-height: 26px"><span class="col statcol"><em>HP<\/em><br>60<\/span> <span class="col statcol"><em>Atk<\/em><br>45<\/span> <span class="col statcol"><em>Def<\/em><br>110<\/span> <span class="col statcol"><em>SpA<\/em><br>120<\/span> <span class="col statcol"><em>SpD<\/em><br>80<\/span> <span class="col statcol"><em>Spe<\/em><br>90<\/span> <\/span><\/li><li style="clear: both"><\/li><\/ul>
|-hint|Orbeetle-Variant was created by Magmajudis!
|turn|1
|
|t:|1658172896
|move|p2a: Scolipede|Toxic|p1a: Snakey
|-status|p1a: Snakey|tox
|move|p1a: Snakey|Bug Buzz|p2a: Scolipede
|-damage|p2a: Scolipede|46\/100
|
|-damage|p1a: Snakey|94\/100 tox|[from] psn
|-status|p2a: Scolipede|tox|[from] item: Toxic Orb
|upkeep
|turn|2
|
|t:|1658172905
|move|p2a: Scolipede|Protect|p2a: Scolipede
|-singleturn|p2a: Scolipede|Protect
|move|p1a: Snakey|Bug Buzz|p2a: Scolipede
|-activate|p2a: Scolipede|move: Protect
|
|-heal|p2a: Scolipede|59\/100 tox|[from] ability: Poison Heal
|-damage|p1a: Snakey|82\/100 tox|[from] psn
|upkeep
|turn|3
|
|t:|1658172939
|switch|p2a: Oonabee|Oonabee, M|100\/100
|-start|p2a: Oonabee|typechange|Bug\/Fairy|[silent]
|raw|<ul class="utilichart"><li class="result"><span class="col pokemonnamecol" style="white-space: nowrap">Oonabee<\/span> <span class="col typecol"><img src="https:\/\/dragonheaven.herokuapp.com\/sprites\/types\/Bug.png" alt="Bug" height="14" width="32"><img src="https:\/\/dragonheaven.herokuapp.com\/sprites\/types\/Fairy.png" alt="Fairy" height="14" width="32"><\/span> <span style="float: left ; min-height: 26px"><span class="col abilitycol">Pressure \/ Flash Fire \/ Flare Boost<\/span><span class="col abilitycol"><\/span><\/span><\/li><li style="clear: both"><\/li><\/ul>
|raw|<ul class="utilichart"><li class="result"><span style="float: left ; min-height: 26px"><span class="col statcol"><em>HP<\/em><br>85<\/span> <span class="col statcol"><em>Atk<\/em><br>90<\/span> <span class="col statcol"><em>Def<\/em><br>110<\/span> <span class="col statcol"><em>SpA<\/em><br>100<\/span> <span class="col statcol"><em>SpD<\/em><br>110<\/span> <span class="col statcol"><em>Spe<\/em><br>60<\/span> <\/span><\/li><li style="clear: both"><\/li><\/ul>
|-hint|Oonabee was created by BlueRay!
|move|p1a: Snakey|Sticky Web|p2a: Oonabee
|-sidestart|p2: time to chill|move: Sticky Web
|
|-damage|p1a: Snakey|63\/100 tox|[from] psn
|upkeep
|turn|4
|
|t:|1658172949
|move|p1a: Snakey|U-turn|p2a: Oonabee
|-resisted|p2a: Oonabee
|-damage|p2a: Oonabee|96\/100
|
|t:|1658172971
|switch|p1a: Foxfire|Shiinotic-Kalos, F|100\/100|[from]move: U-turn
|-start|p1a: Foxfire|typechange|Poison\/Fairy|[silent]
|raw|<ul class="utilichart"><li class="result"><span class="col pokemonnamecol" style="white-space: nowrap">Shiinotic-Kalos<\/span> <span class="col typecol"><img src="https:\/\/dragonheaven.herokuapp.com\/sprites\/types\/Poison.png" alt="Poison" height="14" width="32"><img src="https:\/\/dragonheaven.herokuapp.com\/sprites\/types\/Fairy.png" alt="Fairy" height="14" width="32"><\/span> <span style="float: left ; min-height: 26px"><span class="col abilitycol">Illuminate \/ Effect Spore \/ Technician<\/span><span class="col abilitycol"><\/span><\/span><\/li><li style="clear: both"><\/li><\/ul>
|raw|<ul class="utilichart"><li class="result"><span style="float: left ; min-height: 26px"><span class="col statcol"><em>HP<\/em><br>60<\/span> <span class="col statcol"><em>Atk<\/em><br>61<\/span> <span class="col statcol"><em>Def<\/em><br>60<\/span> <span class="col statcol"><em>SpA<\/em><br>90<\/span> <span class="col statcol"><em>SpD<\/em><br>80<\/span> <span class="col statcol"><em>Spe<\/em><br>54<\/span> <\/span><\/li><li style="clear: both"><\/li><\/ul>
|-hint|Shiinotic-Kalos was created by Hematite!
|move|p2a: Oonabee|Heat Wave|p1a: Foxfire
|-damage|p1a: Foxfire|67\/100
|
|-heal|p1a: Foxfire|73\/100|[from] item: Black Sludge
|upkeep
|turn|5
|
|t:|1658173030
|move|p1a: Foxfire|Spore|p2a: Oonabee
|-status|p2a: Oonabee|slp|[from] move: Spore
|cant|p2a: Oonabee|slp
|
|-heal|p1a: Foxfire|80\/100|[from] item: Black Sludge
|upkeep
|turn|6
|
|t:|1658173054
|switch|p2a: Orbeetle|Orbeetle-Variant, F|100\/100
|-start|p2a: Orbeetle|typechange|Bug\/Electric|[silent]
|raw|<ul class="utilichart"><li class="result"><span class="col pokemonnamecol" style="white-space: nowrap">Orbeetle-Variant<\/span> <span class="col typecol"><img src="https:\/\/dragonheaven.herokuapp.com\/sprites\/types\/Bug.png" alt="Bug" height="14" width="32"><img src="https:\/\/dragonheaven.herokuapp.com\/sprites\/types\/Electric.png" alt="Electric" height="14" width="32"><\/span> <span style="float: left ; min-height: 26px"><span class="col abilitycol">Swarm \/ Frisk \/ Cotton Down<\/span><span class="col abilitycol"><\/span><\/span><\/li><li style="clear: both"><\/li><\/ul>
|raw|<ul class="utilichart"><li class="result"><span style="float: left ; min-height: 26px"><span class="col statcol"><em>HP<\/em><br>60<\/span> <span class="col statcol"><em>Atk<\/em><br>45<\/span> <span class="col statcol"><em>Def<\/em><br>110<\/span> <span class="col statcol"><em>SpA<\/em><br>120<\/span> <span class="col statcol"><em>SpD<\/em><br>80<\/span> <span class="col statcol"><em>Spe<\/em><br>90<\/span> <\/span><\/li><li style="clear: both"><\/li><\/ul>
|-hint|Orbeetle-Variant was created by Magmajudis!
|move|p1a: Foxfire|Acid Spray|p2a: Orbeetle
|-damage|p2a: Orbeetle|71\/100
|-unboost|p2a: Orbeetle|spd|2
|-ability|p2a: Orbeetle|Cotton Down
|-unboost|p1a: Foxfire|spe|1
|
|-heal|p1a: Foxfire|86\/100|[from] item: Black Sludge
|upkeep
|turn|7
|
|t:|1658173094
|switch|p2a: Balleringue|Balleringue, F|100\/100
|-start|p2a: Balleringue|typechange|Bug\/Steel|[silent]
|raw|<ul class="utilichart"><li class="result"><span class="col pokemonnamecol" style="white-space: nowrap">Balleringue<\/span> <span class="col typecol"><img src="https:\/\/dragonheaven.herokuapp.com\/sprites\/types\/Bug.png" alt="Bug" height="14" width="32"><img src="https:\/\/dragonheaven.herokuapp.com\/sprites\/types\/Steel.png" alt="Steel" height="14" width="32"><\/span> <span style="float: left ; min-height: 26px"><span class="col abilitycol">Anticipation \/ Triage \/ Overcoat<\/span><span class="col abilitycol"><\/span><\/span><\/li><li style="clear: both"><\/li><\/ul>
|raw|<ul class="utilichart"><li class="result"><span style="float: left ; min-height: 26px"><span class="col statcol"><em>HP<\/em><br>80<\/span> <span class="col statcol"><em>Atk<\/em><br>109<\/span> <span class="col statcol"><em>Def<\/em><br>105<\/span> <span class="col statcol"><em>SpA<\/em><br>69<\/span> <span class="col statcol"><em>SpD<\/em><br>105<\/span> <span class="col statcol"><em>Spe<\/em><br>29<\/span> <\/span><\/li><li style="clear: both"><\/li><\/ul>
|-hint|Balleringue was created by Magmajudis!
|-activate|p2a: Balleringue|move: Sticky Web
|-unboost|p2a: Balleringue|spe|1
|move|p1a: Foxfire|Draining Kiss|p2a: Balleringue
|-resisted|p2a: Balleringue
|-damage|p2a: Balleringue|88\/100
|-heal|p1a: Foxfire|99\/100|[from] drain|[of] p2a: Balleringue
|
|-heal|p1a: Foxfire|100\/100|[from] item: Black Sludge
|-heal|p2a: Balleringue|94\/100|[from] item: Leftovers
|upkeep
|turn|8
|
|t:|1658173107
|move|p1a: Foxfire|Hidden Power|p2a: Balleringue
|-supereffective|p2a: Balleringue
|-damage|p2a: Balleringue|14\/100
|move|p2a: Balleringue|Gyro Ball|p1a: Foxfire
|-supereffective|p1a: Foxfire
|-crit|p1a: Foxfire
|-damage|p1a: Foxfire|0 fnt
|faint|p1a: Foxfire
|
|-heal|p2a: Balleringue|20\/100|[from] item: Leftovers
|upkeep
|c|☆time to chill|mb
|c|☆H2OPulse|Oh fair-1
|c|☆H2OPulse|No worries!! O:
|
|t:|1658173123
|switch|p1a: Zantedeschia|Resurrectric, M|100\/100
|-start|p1a: Zantedeschia|typechange|Ground\/Electric|[silent]
|raw|<ul class="utilichart"><li class="result"><span class="col pokemonnamecol" style="white-space: nowrap">Resurrectric<\/span> <span class="col typecol"><img src="https:\/\/dragonheaven.herokuapp.com\/sprites\/types\/Ground.png" alt="Ground" height="14" width="32"><img src="https:\/\/dragonheaven.herokuapp.com\/sprites\/types\/Electric.png" alt="Electric" height="14" width="32"><\/span> <span style="float: left ; min-height: 26px"><span class="col abilitycol">Inner Focus \/ Lightning Rod \/ Battle Armor<\/span><span class="col abilitycol"><\/span><\/span><\/li><li style="clear: both"><\/li><\/ul>
|raw|<ul class="utilichart"><li class="result"><span style="float: left ; min-height: 26px"><span class="col statcol"><em>HP<\/em><br>80<\/span> <span class="col statcol"><em>Atk<\/em><br>50<\/span> <span class="col statcol"><em>Def<\/em><br>130<\/span> <span class="col statcol"><em>SpA<\/em><br>110<\/span> <span class="col statcol"><em>SpD<\/em><br>80<\/span> <span class="col statcol"><em>Spe<\/em><br>45<\/span> <\/span><\/li><li style="clear: both"><\/li><\/ul>
|-hint|Resurrectric was created by Hematite!
|turn|9
|
|t:|1658173157
|switch|p2a: Oonabee|Oonabee, M|96\/100 slp
|-start|p2a: Oonabee|typechange|Bug\/Fairy|[silent]
|move|p1a: Zantedeschia|Fire Blast|p2a: Oonabee
|-start|p2a: Oonabee|ability: Flash Fire
|
|upkeep
|turn|10
|j|~inkbug1

|c|☆H2OPulse|Fair--
|
|t:|1658173260
|cant|p2a: Oonabee|slp
|move|p1a: Zantedeschia|Discharge|p2a: Oonabee
|-damage|p2a: Oonabee|69\/100 slp
|
|upkeep
|turn|11
|
|t:|1658173296
|-curestatus|p2a: Oonabee|slp|[msg]
|move|p2a: Oonabee|Heat Wave|p1a: Zantedeschia
|-damage|p1a: Zantedeschia|77\/100
|move|p1a: Zantedeschia|Discharge|p2a: Oonabee
|-damage|p2a: Oonabee|44\/100
|-status|p2a: Oonabee|par
|
|upkeep
|turn|12
|c|☆H2OPulse|Immediately huh o.o'
|c|☆H2OPulse|Sorry,,
|
|t:|1658173332
|move|p1a: Zantedeschia|Ice Beam|p2a: Oonabee
|-damage|p2a: Oonabee|24\/100 par
|move|p2a: Oonabee|Roost|p2a: Oonabee
|-heal|p2a: Oonabee|74\/100 par
|-singleturn|p2a: Oonabee|move: Roost
|
|upkeep
|turn|13
|
|t:|1658173350
|move|p1a: Zantedeschia|Discharge|p2a: Oonabee
|-damage|p2a: Oonabee|45\/100 par
|move|p2a: Oonabee|Roost|p2a: Oonabee
|-heal|p2a: Oonabee|95\/100 par
|-singleturn|p2a: Oonabee|move: Roost
|
|upkeep
|turn|14
|l|☆H2OPulse
|player|p1|
|j|☆H2OPulse
|player|p1|H2OPulse|aetherfoundation
|c|☆H2OPulse|Oops sorry I disconnected
|
|t:|1658173482
|move|p1a: Zantedeschia|Discharge|p2a: Oonabee
|-damage|p2a: Oonabee|66\/100 par
|cant|p2a: Oonabee|par
|
|upkeep
|turn|15
|
|t:|1658173488
|move|p1a: Zantedeschia|Discharge|p2a: Oonabee
|-damage|p2a: Oonabee|40\/100 par
|move|p2a: Oonabee|Roost|p2a: Oonabee
|-heal|p2a: Oonabee|91\/100 par
|-singleturn|p2a: Oonabee|move: Roost
|
|upkeep
|turn|16
|
|t:|1658173524
|switch|p1a: Cattail|Vaporeon, F|100\/100
|move|p2a: Oonabee|Heat Wave|p1a: Cattail
|-resisted|p1a: Cattail
|-damage|p1a: Cattail|92\/100
|
|-heal|p1a: Cattail|98\/100|[from] item: Leftovers
|upkeep
|turn|17
|
|t:|1658173548
|-end|p2a: Oonabee|ability: Flash Fire|[silent]
|switch|p2a: Frosmoth|Frosmoth-Variant, M|100\/100
|-start|p2a: Frosmoth|typechange|Normal\/Bug|[silent]
|raw|<ul class="utilichart"><li class="result"><span class="col pokemonnamecol" style="white-space: nowrap">Frosmoth-Variant<\/span> <span class="col typecol"><img src="https:\/\/dragonheaven.herokuapp.com\/sprites\/types\/Normal.png" alt="Normal" height="14" width="32"><img src="https:\/\/dragonheaven.herokuapp.com\/sprites\/types\/Bug.png" alt="Bug" height="14" width="32"><\/span> <span style="float: left ; min-height: 26px"><span class="col abilitycol">Shield Dust \/ Fur Coat \/ Scale Shift<\/span><span class="col abilitycol"><\/span><\/span><\/li><li style="clear: both"><\/li><\/ul>
|raw|<ul class="utilichart"><li class="result"><span style="float: left ; min-height: 26px"><span class="col statcol"><em>HP<\/em><br>70<\/span> <span class="col statcol"><em>Atk<\/em><br>65<\/span> <span class="col statcol"><em>Def<\/em><br>60<\/span> <span class="col statcol"><em>SpA<\/em><br>125<\/span> <span class="col statcol"><em>SpD<\/em><br>90<\/span> <span class="col statcol"><em>Spe<\/em><br>65<\/span> <\/span><\/li><li style="clear: both"><\/li><\/ul>
|-hint|Frosmoth-Variant was created by BlueRay!
|move|p1a: Cattail|Heal Bell|p1a: Cattail
|-activate|p1a: Cattail|move: Heal Bell
|-curestatus|p1: Snakey|tox|[msg]
|
|-heal|p1a: Cattail|100\/100|[from] item: Leftovers
|upkeep
|turn|18
|
|t:|1658173557
|move|p2a: Frosmoth|Quiver Dance|p2a: Frosmoth
|-boost|p2a: Frosmoth|spa|1
|-boost|p2a: Frosmoth|spd|1
|-boost|p2a: Frosmoth|spe|1
|move|p1a: Cattail|Flip Turn|p2a: Frosmoth
|-damage|p2a: Frosmoth|92\/100
|
|t:|1658173568
|switch|p1a: Zantedeschia|Resurrectric, M|77\/100|[from]move: Flip Turn
|-start|p1a: Zantedeschia|typechange|Ground\/Electric|[silent]
|
|upkeep
|turn|19
|
|t:|1658173579
|move|p2a: Frosmoth|Quiver Dance|p2a: Frosmoth
|-boost|p2a: Frosmoth|spa|1
|-boost|p2a: Frosmoth|spd|1
|-boost|p2a: Frosmoth|spe|1
|move|p1a: Zantedeschia|Discharge|p2a: Frosmoth
|-damage|p2a: Frosmoth|71\/100
|-status|p2a: Frosmoth|par
|
|upkeep
|turn|20
|c|☆H2OPulse|First try again
|c|☆H2OPulse|I'm so sorry
|
|t:|1658173589
|move|p2a: Frosmoth|Giga Drain|p1a: Zantedeschia
|-supereffective|p1a: Zantedeschia
|-damage|p1a: Zantedeschia|14\/100
|-heal|p2a: Frosmoth|100\/100 par|[from] drain|[of] p1a: Zantedeschia
|move|p1a: Zantedeschia|Fire Blast|p2a: Frosmoth
|-supereffective|p2a: Frosmoth
|-damage|p2a: Frosmoth|59\/100 par
|
|upkeep
|turn|21
|c|☆time to chill|it's okay!
|c|☆H2OPulse|OH you have that! Fair O:
|
|t:|1658173616
|switch|p1a: Pandorea|Klefki-Galar, F|100\/100
|-start|p1a: Pandorea|typechange|Steel\/Dark|[silent]
|raw|<ul class="utilichart"><li class="result"><span class="col pokemonnamecol" style="white-space: nowrap">Klefki-Galar<\/span> <span class="col typecol"><img src="https:\/\/dragonheaven.herokuapp.com\/sprites\/types\/Steel.png" alt="Steel" height="14" width="32"><img src="https:\/\/dragonheaven.herokuapp.com\/sprites\/types\/Dark.png" alt="Dark" height="14" width="32"><\/span> <span style="float: left ; min-height: 26px"><span class="col abilitycol">Hunger Switch<\/span><span class="col abilitycol"><\/span><\/span><\/li><li style="clear: both"><\/li><\/ul>
|raw|<ul class="utilichart"><li class="result"><span style="float: left ; min-height: 26px"><span class="col statcol"><em>HP<\/em><br>57<\/span> <span class="col statcol"><em>Atk<\/em><br>60<\/span> <span class="col statcol"><em>Def<\/em><br>106<\/span> <span class="col statcol"><em>SpA<\/em><br>70<\/span> <span class="col statcol"><em>SpD<\/em><br>87<\/span> <span class="col statcol"><em>Spe<\/em><br>90<\/span> <\/span><\/li><li style="clear: both"><\/li><\/ul>
|-hint|Klefki-Galar was created by Albatross!
|move|p2a: Frosmoth|Giga Drain|p1a: Pandorea
|-resisted|p1a: Pandorea
|-damage|p1a: Pandorea|68\/100
|-heal|p2a: Frosmoth|71\/100 par|[from] drain|[of] p1a: Pandorea
|
|-heal|p1a: Pandorea|74\/100|[from] item: Leftovers
|-formechange|p1a: Pandorea|Klefki-Galar-Revealed||[from] ability: Hunger Switch
|-start|p1a: Pandorea|typechange|Fairy\/Dark|[silent]
|-message|Pandorea changed to Revealed Mode!
|raw|<ul class="utilichart"><li class="result"><span class="col pokemonnamecol" style="white-space: nowrap">Klefki-Galar-Revealed<\/span> <span class="col typecol"><img src="https:\/\/dragonheaven.herokuapp.com\/sprites\/types\/Fairy.png" alt="Fairy" height="14" width="32"><img src="https:\/\/dragonheaven.herokuapp.com\/sprites\/types\/Dark.png" alt="Dark" height="14" width="32"><\/span> <span style="float: left ; min-height: 26px"><span class="col abilitycol">Hunger Switch<\/span><span class="col abilitycol"><\/span><\/span><span style="float: left ; min-height: 26px"><span class="col statcol"><em>HP<\/em><br>57<\/span> <span class="col statcol"><em>Atk<\/em><br>116<\/span> <span class="col statcol"><em>Def<\/em><br>50<\/span> <span class="col statcol"><em>SpA<\/em><br>70<\/span> <span class="col statcol"><em>SpD<\/em><br>87<\/span> <span class="col statcol"><em>Spe<\/em><br>90<\/span> <\/span><\/li><li style="clear: both"><\/li><\/ul>
|upkeep
|turn|22
|
|t:|1658173649
|move|p1a: Pandorea|Swords Dance|p1a: Pandorea
|-boost|p1a: Pandorea|atk|2
|move|p2a: Frosmoth|Quiver Dance|p2a: Frosmoth
|-boost|p2a: Frosmoth|spa|1
|-boost|p2a: Frosmoth|spd|1
|-boost|p2a: Frosmoth|spe|1
|
|-heal|p1a: Pandorea|80\/100|[from] item: Leftovers
|-formechange|p1a: Pandorea|Klefki-Galar||[from] ability: Hunger Switch
|-start|p1a: Pandorea|typechange|Steel\/Dark|[silent]
|-message|Pandorea changed to Lure Mode!
|upkeep
|turn|23
|
|t:|1658173667
|move|p1a: Pandorea|Swords Dance|p1a: Pandorea
|-boost|p1a: Pandorea|atk|2
|move|p2a: Frosmoth|Hyper Voice|p1a: Pandorea
|-resisted|p1a: Pandorea
|-damage|p1a: Pandorea|13\/100
|
|-heal|p1a: Pandorea|19\/100|[from] item: Leftovers
|-formechange|p1a: Pandorea|Klefki-Galar-Revealed||[from] ability: Hunger Switch
|-start|p1a: Pandorea|typechange|Fairy\/Dark|[silent]
|-message|Pandorea changed to Revealed Mode!
|upkeep
|turn|24
|
|t:|1658173680
|move|p1a: Pandorea|Knock Off|p2a: Frosmoth
|-damage|p2a: Frosmoth|6\/100 par
|-enditem|p2a: Frosmoth|Heavy-Duty Boots|[from] move: Knock Off|[of] p1a: Pandorea
|move|p2a: Frosmoth|Giga Drain|p1a: Pandorea
|-damage|p1a: Pandorea|0 fnt
|-heal|p2a: Frosmoth|13\/100 par|[from] drain|[of] p1a: Pandorea
|faint|p1a: Pandorea
|
|upkeep
|c|☆H2OPulse|Close--
|
|t:|1658173704
|switch|p1a: Snakey|Orbeetle-Variant, M|63\/100
|-start|p1a: Snakey|typechange|Bug\/Electric|[silent]
|turn|25
|
|t:|1658173709
|move|p2a: Frosmoth|Hyper Voice|p1a: Snakey
|-damage|p1a: Snakey|0 fnt
|-ability|p1a: Snakey|Cotton Down
|-unboost|p2a: Frosmoth|spe|1
|faint|p1a: Snakey
|
|upkeep
|c|☆H2OPulse|Oh fair
|c|☆H2OPulse|Oops
|
|t:|1658173720
|switch|p1a: Mango|Noivern-Variant, M|100\/100
|-start|p1a: Mango|typechange|Fighting\/Dragon|[silent]
|raw|<ul class="utilichart"><li class="result"><span class="col pokemonnamecol" style="white-space: nowrap">Noivern-Variant<\/span> <span class="col typecol"><img src="https:\/\/dragonheaven.herokuapp.com\/sprites\/types\/Fighting.png" alt="Fighting" height="14" width="32"><img src="https:\/\/dragonheaven.herokuapp.com\/sprites\/types\/Dragon.png" alt="Dragon" height="14" width="32"><\/span> <span style="float: left ; min-height: 26px"><span class="col abilitycol">Levitate<\/span><span class="col abilitycol"><\/span><\/span><\/li><li style="clear: both"><\/li><\/ul>
|raw|<ul class="utilichart"><li class="result"><span style="float: left ; min-height: 26px"><span class="col statcol"><em>HP<\/em><br>95<\/span> <span class="col statcol"><em>Atk<\/em><br>70<\/span> <span class="col statcol"><em>Def<\/em><br>80<\/span> <span class="col statcol"><em>SpA<\/em><br>97<\/span> <span class="col statcol"><em>SpD<\/em><br>80<\/span> <span class="col statcol"><em>Spe<\/em><br>113<\/span> <\/span><\/li><li style="clear: both"><\/li><\/ul>
|-hint|Noivern-Variant was created by Hematite!
|turn|26
|
|t:|1658173733
|switch|p2a: Oonabee|Oonabee, M|91\/100 par
|-start|p2a: Oonabee|typechange|Bug\/Fairy|[silent]
|move|p1a: Mango|Draco Meteor|p2a: Oonabee
|-immune|p2a: Oonabee
|
|upkeep
|turn|27
|
|t:|1658173743
|switch|p1a: Cattail|Vaporeon, F|100\/100
|cant|p2a: Oonabee|par
|
|upkeep
|turn|28
|
|t:|1658173752
|move|p1a: Cattail|Wish|p1a: Cattail
|cant|p2a: Oonabee|par
|
|upkeep
|turn|29
|
|t:|1658173757
|move|p1a: Cattail|Flip Turn|p2a: Oonabee
|-damage|p2a: Oonabee|79\/100 par
|
|t:|1658173758
|switch|p1a: Zantedeschia|Resurrectric, M|14\/100|[from]move: Flip Turn
|-start|p1a: Zantedeschia|typechange|Ground\/Electric|[silent]
|cant|p2a: Oonabee|par
|
|-heal|p1a: Zantedeschia|77\/100|[from] move: Wish|[wisher] Cattail
|upkeep
|turn|30
|c|☆H2OPulse|I am haxing you
|c|☆H2OPulse|literally so much
|c|☆H2OPulse|I'm so sorry
|
|t:|1658173781
|move|p1a: Zantedeschia|Discharge|p2a: Oonabee
|-damage|p2a: Oonabee|51\/100 par
|move|p2a: Oonabee|Roost|p2a: Oonabee
|-heal|p2a: Oonabee|100\/100 par
|-singleturn|p2a: Oonabee|move: Roost
|
|upkeep
|turn|31
|c|☆time to chill|it's fine^^
|
|t:|1658173790
|move|p1a: Zantedeschia|Earth Power|p2a: Oonabee
|-resisted|p2a: Oonabee
|-damage|p2a: Oonabee|84\/100 par
|move|p2a: Oonabee|Heat Wave|p1a: Zantedeschia
|-damage|p1a: Zantedeschia|60\/100
|
|upkeep
|turn|32
|
|t:|1658173798
|move|p1a: Zantedeschia|Earth Power|p2a: Oonabee
|-resisted|p2a: Oonabee
|-damage|p2a: Oonabee|69\/100 par
|cant|p2a: Oonabee|par
|
|upkeep
|turn|33
|
|t:|1658173808
|move|p1a: Zantedeschia|Earth Power|p2a: Oonabee
|-resisted|p2a: Oonabee
|-damage|p2a: Oonabee|52\/100 par
|move|p2a: Oonabee|Dazzling Gleam|p1a: Zantedeschia
|-damage|p1a: Zantedeschia|41\/100
|
|upkeep
|turn|34
|
|t:|1658173818
|move|p1a: Zantedeschia|Earth Power|p2a: Oonabee
|-resisted|p2a: Oonabee
|-damage|p2a: Oonabee|37\/100 par
|move|p2a: Oonabee|Roost|p2a: Oonabee
|-heal|p2a: Oonabee|87\/100 par
|-singleturn|p2a: Oonabee|move: Roost
|
|upkeep
|turn|35
|
|t:|1658173825
|switch|p1a: Cattail|Vaporeon, F|100\/100
|cant|p2a: Oonabee|par
|
|upkeep
|turn|36
|
|t:|1658173836
|switch|p2a: Orbeetle|Orbeetle-Variant, F|71\/100
|-start|p2a: Orbeetle|typechange|Bug\/Electric|[silent]
|move|p1a: Cattail|Wish|p1a: Cattail
|
|upkeep
|turn|37
|
|t:|1658173850
|switch|p1a: Zantedeschia|Resurrectric, M|41\/100
|-start|p1a: Zantedeschia|typechange|Ground\/Electric|[silent]
|move|p2a: Orbeetle|Calm Mind|p2a: Orbeetle
|-boost|p2a: Orbeetle|spa|1
|-boost|p2a: Orbeetle|spd|1
|
|-heal|p1a: Zantedeschia|100\/100|[from] move: Wish|[wisher] Cattail
|upkeep
|turn|38
|
|t:|1658173859
|move|p2a: Orbeetle|Calm Mind|p2a: Orbeetle
|-boost|p2a: Orbeetle|spa|1
|-boost|p2a: Orbeetle|spd|1
|move|p1a: Zantedeschia|Earth Power|p2a: Orbeetle
|-damage|p2a: Orbeetle|44\/100
|-ability|p2a: Orbeetle|Cotton Down
|-unboost|p1a: Zantedeschia|spe|1
|
|upkeep
|turn|39
|
|t:|1658173873
|move|p2a: Orbeetle|Recover|p2a: Orbeetle
|-heal|p2a: Orbeetle|94\/100
|move|p1a: Zantedeschia|Earth Power|p2a: Orbeetle
|-damage|p2a: Orbeetle|62\/100
|-ability|p2a: Orbeetle|Cotton Down
|-unboost|p1a: Zantedeschia|spe|1
|
|upkeep
|turn|40
|
|t:|1658173885
|move|p2a: Orbeetle|Calm Mind|p2a: Orbeetle
|-boost|p2a: Orbeetle|spa|1
|-boost|p2a: Orbeetle|spd|1
|move|p1a: Zantedeschia|Fire Blast|p2a: Orbeetle
|-supereffective|p2a: Orbeetle
|-damage|p2a: Orbeetle|24\/100
|-ability|p2a: Orbeetle|Cotton Down
|-unboost|p1a: Zantedeschia|spe|1
|
|upkeep
|turn|41
|
|t:|1658173897
|move|p2a: Orbeetle|Recover|p2a: Orbeetle
|-heal|p2a: Orbeetle|74\/100
|move|p1a: Zantedeschia|Fire Blast|p2a: Orbeetle
|-supereffective|p2a: Orbeetle
|-damage|p2a: Orbeetle|36\/100
|-ability|p2a: Orbeetle|Cotton Down
|-unboost|p1a: Zantedeschia|spe|1
|
|upkeep
|turn|42
|
|t:|1658173906
|move|p2a: Orbeetle|Recover|p2a: Orbeetle
|-heal|p2a: Orbeetle|87\/100
|move|p1a: Zantedeschia|Earth Power|p2a: Orbeetle
|-damage|p2a: Orbeetle|64\/100
|-unboost|p2a: Orbeetle|spd|1
|-ability|p2a: Orbeetle|Cotton Down
|-unboost|p1a: Zantedeschia|spe|1
|
|upkeep
|turn|43
|
|t:|1658173917
|move|p2a: Orbeetle|Stored Power|p1a: Zantedeschia
|-damage|p1a: Zantedeschia|37\/100
|move|p1a: Zantedeschia|Fire Blast|p2a: Orbeetle
|-supereffective|p2a: Orbeetle
|-damage|p2a: Orbeetle|17\/100
|-ability|p2a: Orbeetle|Cotton Down
|-unboost|p1a: Zantedeschia|spe|1
|
|upkeep
|turn|44
|
|t:|1658173926
|move|p2a: Orbeetle|Recover|p2a: Orbeetle
|-heal|p2a: Orbeetle|67\/100
|move|p1a: Zantedeschia|Fire Blast|p2a: Orbeetle
|-supereffective|p2a: Orbeetle
|-damage|p2a: Orbeetle|19\/100
|-ability|p2a: Orbeetle|Cotton Down
|-unboost|p1a: Zantedeschia|spe|0
|
|upkeep
|turn|45
|j| Violettes
|
|t:|1658173945
|switch|p1a: Cattail|Vaporeon, F|100\/100
|move|p2a: Orbeetle|Recover|p2a: Orbeetle
|-heal|p2a: Orbeetle|69\/100
|
|upkeep
|turn|46
|
|t:|1658173953
|move|p2a: Orbeetle|Electro Ball|p1a: Cattail
|-supereffective|p1a: Cattail
|-damage|p1a: Cattail|37\/100
|move|p1a: Cattail|Wish|p1a: Cattail
|
|-heal|p1a: Cattail|43\/100|[from] item: Leftovers
|upkeep
|turn|47
|
|t:|1658173962
|switch|p1a: Zantedeschia|Resurrectric, M|37\/100
|-start|p1a: Zantedeschia|typechange|Ground\/Electric|[silent]
|move|p2a: Orbeetle|Stored Power|p1a: Zantedeschia
|-damage|p1a: Zantedeschia|0 fnt
|faint|p1a: Zantedeschia
|
|upkeep
|
|t:|1658173964
|switch|p1a: Mango|Noivern-Variant, M|100\/100
|-start|p1a: Mango|typechange|Fighting\/Dragon|[silent]
|turn|48
|c|☆H2OPulse|Yeah I lose to this ashffk
|c|☆H2OPulse|Good game!! O:
|c|☆time to chill|gg!
|
|t:|1658173981
|move|p1a: Mango|Draco Meteor|p2a: Orbeetle
|-damage|p2a: Orbeetle|40\/100
|-unboost|p1a: Mango|spa|2
|-enditem|p1a: Mango|Eject Pack
|-ability|p2a: Orbeetle|Cotton Down
|-unboost|p1a: Mango|spe|1
|
|t:|1658173986
|switch|p1a: Cattail|Vaporeon, F|43\/100
|move|p2a: Orbeetle|Stored Power|p1a: Cattail
|-damage|p1a: Cattail|2\/100
|
|-heal|p1a: Cattail|8\/100|[from] item: Leftovers
|upkeep
|turn|49
|
|t:|1658173995
|move|p2a: Orbeetle|Recover|p2a: Orbeetle
|-heal|p2a: Orbeetle|90\/100
|move|p1a: Cattail|Flip Turn|p2a: Orbeetle
|-damage|p2a: Orbeetle|76\/100
|-ability|p2a: Orbeetle|Cotton Down
|-unboost|p1a: Cattail|spe|1
|
|t:|1658173999
|switch|p1a: Mango|Noivern-Variant, M|100\/100|[from]move: Flip Turn
|-start|p1a: Mango|typechange|Fighting\/Dragon|[silent]
|
|upkeep
|turn|50
|j|+regic boat
|
|t:|1658174006
|move|p1a: Mango|Super Fang|p2a: Orbeetle
|-damage|p2a: Orbeetle|38\/100
|-ability|p2a: Orbeetle|Cotton Down
|-unboost|p1a: Mango|spe|1
|move|p2a: Orbeetle|Stored Power|p1a: Mango
|-supereffective|p1a: Mango
|-damage|p1a: Mango|0 fnt
|faint|p1a: Mango
|
|upkeep
|
|t:|1658174014
|switch|p1a: Cattail|Vaporeon, F|8\/100
|turn|51
|
|t:|1658174017
|move|p2a: Orbeetle|Stored Power|p1a: Cattail
|-damage|p1a: Cattail|0 fnt
|faint|p1a: Cattail
|
|win|time to chill
|c|☆time to chill|this time a more standard team
|c|☆H2OPulse|Cool okay!!
|l|+regic boat</script>
</div>
<div class="battle-log battle-log-inline"><div class="inner"><div class="battle-options"><div style="padding-top: 3px; padding-right: 3px; text-align: right"><button class="icon button" name="openBattleOptions" title="Options">Battle Options</button></div></div><div class="inner message-log"><div class="chat"><small>☆H2OPulse and ☆time to chill joined</small></div><div class=""><small>Format:</small> <br><strong>[Gen 8] Evolution Project</strong></div><div class=""><small><em>HP Percentage Mod:</em> HP is shown in percentages</small></div><div class=""><small><em>Endless Battle Clause:</em> Forcing endless battles is banned</small></div><div class=""><small><em>OHKO Clause:</em> OHKO moves are banned</small></div><div class=""><small><em>Evasion Moves Clause:</em> Evasion moves are banned</small></div><div class=""><small><em>Species Clause:</em> Limit one of each Pokémon</small></div><div class=""><small><em>Dynamax Clause:</em> You cannot dynamax</small></div><div class=""><small><em>Sleep Clause Mod:</em> Limit one foe put to sleep</small></div><div class=""><small><em>Z-Move Clause:</em> Type-based Z-Moves are banned</small></div><div class="chat battle-history"><strong>H2OPulse's team:</strong> <em style="color:#445566;display:block;">Orbeetle-Variant / Shiinotic-Kalos / Klefki-Galar / Vaporeon / Noivern-Variant / Resurrectric</em></div><div class="chat battle-history"><strong>time to chill's team:</strong> <em style="color:#445566;display:block;">Balleringue / Oonabee / Scolipede-Variant / Velocinobi / Orbeetle-Variant / Frosmoth-Variant</em></div><div class="chat chatmessage-timetochill"><strong style="color:#338e9e"><small>☆</small><span class="username" data-name="time to chill">time to chill</span>:</strong> <em>glhf!</em></div><div class="chat chatmessage-h2opulse"><strong style="color:#6e8c2b"><small>☆</small><span class="username" data-name="H2OPulse">H2OPulse</span>:</strong> <em>MONO BUG</em></div><div class="chat chatmessage-h2opulse"><strong style="color:#6e8c2b"><small>☆</small><span class="username" data-name="H2OPulse">H2OPulse</span>:</strong> <em>NICE</em></div><div class="chat chatmessage-h2opulse"><strong style="color:#6e8c2b"><small>☆</small><span class="username" data-name="H2OPulse">H2OPulse</span>:</strong> <em>Good luck and have fun!!! O:</em></div><div class="spacer battle-history"><br></div><div class="battle-history">Battle started between H2OPulse and time to chill!<br></div><div class="spacer battle-history"><br></div><div class="battle-history">Go! Snakey (<strong>Orbeetle-Variant</strong>)!<br></div><div class="spacer battle-history"><br></div><div class="battle-history">time to chill sent out Scolipede (<strong>Scolipede-Variant</strong>)!<br></div><div class="chat"><ul class="utilichart"><li class="result"><span class="col pokemonnamecol" style="white-space: nowrap">Scolipede-Variant</span> <span class="col typecol"><img src="https://dragonheaven.herokuapp.com/sprites/types/Bug.png" alt="Bug" height="14" width="32"><img src="https://dragonheaven.herokuapp.com/sprites/types/Ground.png" alt="Ground" height="14" width="32"></span> <span style="float: left ; min-height: 26px"><span class="col abilitycol">Poison Heal / Swarm / Quick Feet</span><span class="col abilitycol"></span></span></li><li style="clear: both"></li></ul></div><div class="chat"><ul class="utilichart"><li class="result"><span style="float: left ; min-height: 26px"><span class="col statcol"><em>HP</em><br>100</span> <span class="col statcol"><em>Atk</em><br>100</span> <span class="col statcol"><em>Def</em><br>49</span> <span class="col statcol"><em>SpA</em><br>85</span> <span class="col statcol"><em>SpD</em><br>39</span> <span class="col statcol"><em>Spe</em><br>112</span> </span></li><li style="clear: both"></li></ul></div><div class="battle-history"><small>(Scolipede-Variant was created by BlueRay!)</small><br></div><div class="chat"><ul class="utilichart"><li class="result"><span class="col pokemonnamecol" style="white-space: nowrap">Orbeetle-Variant</span> <span class="col typecol"><img src="https://dragonheaven.herokuapp.com/sprites/types/Bug.png" alt="Bug" height="14" width="32"><img src="https://dragonheaven.herokuapp.com/sprites/types/Electric.png" alt="Electric" height="14" width="32"></span> <span style="float: left ; min-height: 26px"><span class="col abilitycol">Swarm / Frisk / Cotton Down</span><span class="col abilitycol"></span></span></li><li style="clear: both"></li></ul></div><div class="chat"><ul class="utilichart"><li class="result"><span style="float: left ; min-height: 26px"><span class="col statcol"><em>HP</em><br>60</span> <span class="col statcol"><em>Atk</em><br>45</span> <span class="col statcol"><em>Def</em><br>110</span> <span class="col statcol"><em>SpA</em><br>120</span> <span class="col statcol"><em>SpD</em><br>80</span> <span class="col statcol"><em>Spe</em><br>90</span> </span></li><li style="clear: both"></li></ul></div><div class="battle-history"><small>(Orbeetle-Variant was created by Magmajudis!)</small><br></div><div class="spacer battle-history"><br></div><h2 class="battle-history">Turn 1</h2><div class="spacer battle-history"><br></div><div class="battle-history">The opposing Scolipede used <strong>Toxic</strong>!<br></div><div class="battle-history"><small>Snakey was badly poisoned!</small><br></div><div class="spacer battle-history"><br></div><div class="battle-history">Snakey used <strong>Bug Buzz</strong>!<br></div><div class="battle-history"><small>(The opposing Scolipede lost 54% of its health!)</small><br></div><div class="spacer battle-history"><br></div><div class="battle-history"><small>Snakey was hurt by poison!</small><br></div><div class="battle-history"><small>The opposing Scolipede was badly poisoned!</small><br></div><div class="spacer battle-history"><br></div><h2 class="battle-history">Turn 2</h2><div class="spacer battle-history"><br></div><div class="battle-history">The opposing Scolipede used <strong>Protect</strong>!<br></div><div class="battle-history"><small>The opposing Scolipede protected itself!</small><br></div><div class="spacer battle-history"><br></div><div class="battle-history">Snakey used <strong>Bug Buzz</strong>!<br></div><div class="battle-history"><small>The opposing Scolipede protected itself!</small><br></div><div class="spacer battle-history"><br></div><div class="battle-history">[The opposing Scolipede's Poison Heal]<br><small>The opposing Scolipede had its HP restored.</small><br></div><div class="battle-history"><small>Snakey was hurt by poison!</small><br></div><div class="spacer battle-history"><br></div><h2 class="battle-history">Turn 3</h2><div class="spacer battle-history"><br></div><div class="battle-history">time to chill withdrew Scolipede!<br></div><div class="battle-history">time to chill sent out <strong>Oonabee</strong>!<br></div><div class="chat"><ul class="utilichart"><li class="result"><span class="col pokemonnamecol" style="white-space: nowrap">Oonabee</span> <span class="col typecol"><img src="https://dragonheaven.herokuapp.com/sprites/types/Bug.png" alt="Bug" height="14" width="32"><img src="https://dragonheaven.herokuapp.com/sprites/types/Fairy.png" alt="Fairy" height="14" width="32"></span> <span style="float: left ; min-height: 26px"><span class="col abilitycol">Pressure / Flash Fire / Flare Boost</span><span class="col abilitycol"></span></span></li><li style="clear: both"></li></ul></div><div class="chat"><ul class="utilichart"><li class="result"><span style="float: left ; min-height: 26px"><span class="col statcol"><em>HP</em><br>85</span> <span class="col statcol"><em>Atk</em><br>90</span> <span class="col statcol"><em>Def</em><br>110</span> <span class="col statcol"><em>SpA</em><br>100</span> <span class="col statcol"><em>SpD</em><br>110</span> <span class="col statcol"><em>Spe</em><br>60</span> </span></li><li style="clear: both"></li></ul></div><div class="battle-history"><small>(Oonabee was created by BlueRay!)</small><br></div><div class="spacer battle-history"><br></div><div class="battle-history">Snakey used <strong>Sticky Web</strong>!<br></div><div class="battle-history"><small>A sticky web has been laid out on the ground around the opposing team!</small><br></div><div class="spacer battle-history"><br></div><div class="battle-history"><small>Snakey was hurt by poison!</small><br></div><div class="spacer battle-history"><br></div><h2 class="battle-history">Turn 4</h2><div class="spacer battle-history"><br></div><div class="battle-history">Snakey used <strong>U-turn</strong>!<br></div><div class="battle-history"><small>It's not very effective...</small><br></div><div class="battle-history"><small>(The opposing Oonabee lost 4% of its health!)</small><br></div><div class="spacer battle-history"><br></div><div class="battle-history">Snakey went back to H2OPulse!<br></div><div class="battle-history">Go! Foxfire (<strong>Shiinotic-Kalos</strong>)!<br></div><div class="chat"><ul class="utilichart"><li class="result"><span class="col pokemonnamecol" style="white-space: nowrap">Shiinotic-Kalos</span> <span class="col typecol"><img src="https://dragonheaven.herokuapp.com/sprites/types/Poison.png" alt="Poison" height="14" width="32"><img src="https://dragonheaven.herokuapp.com/sprites/types/Fairy.png" alt="Fairy" height="14" width="32"></span> <span style="float: left ; min-height: 26px"><span class="col abilitycol">Illuminate / Effect Spore / Technician</span><span class="col abilitycol"></span></span></li><li style="clear: both"></li></ul></div><div class="chat"><ul class="utilichart"><li class="result"><span style="float: left ; min-height: 26px"><span class="col statcol"><em>HP</em><br>60</span> <span class="col statcol"><em>Atk</em><br>61</span> <span class="col statcol"><em>Def</em><br>60</span> <span class="col statcol"><em>SpA</em><br>90</span> <span class="col statcol"><em>SpD</em><br>80</span> <span class="col statcol"><em>Spe</em><br>54</span> </span></li><li style="clear: both"></li></ul></div><div class="battle-history"><small>(Shiinotic-Kalos was created by Hematite!)</small><br></div><div class="spacer battle-history"><br></div><div class="battle-history">The opposing Oonabee used <strong>Heat Wave</strong>!<br></div><div class="battle-history"><small>(Foxfire lost 33% of its health!)</small><br></div><div class="spacer battle-history"><br></div><div class="battle-history"><small>Foxfire restored a little HP using its Black Sludge!</small><br></div><div class="spacer battle-history"><br></div><h2 class="battle-history">Turn 5</h2><div class="spacer battle-history"><br></div><div class="battle-history">Foxfire used <strong>Spore</strong>!<br></div><div class="battle-history"><small>The opposing Oonabee fell asleep!</small><br></div><div class="spacer battle-history"><br></div><div class="battle-history">The opposing Oonabee is fast asleep.<br></div><div class="spacer battle-history"><br></div><div class="battle-history"><small>Foxfire restored a little HP using its Black Sludge!</small><br></div><div class="spacer battle-history"><br></div><h2 class="battle-history">Turn 6</h2><div class="spacer battle-history"><br></div><div class="battle-history">time to chill withdrew Oonabee!<br></div><div class="battle-history">time to chill sent out Orbeetle (<strong>Orbeetle-Variant</strong>)!<br></div><div class="chat"><ul class="utilichart"><li class="result"><span class="col pokemonnamecol" style="white-space: nowrap">Orbeetle-Variant</span> <span class="col typecol"><img src="https://dragonheaven.herokuapp.com/sprites/types/Bug.png" alt="Bug" height="14" width="32"><img src="https://dragonheaven.herokuapp.com/sprites/types/Electric.png" alt="Electric" height="14" width="32"></span> <span style="float: left ; min-height: 26px"><span class="col abilitycol">Swarm / Frisk / Cotton Down</span><span class="col abilitycol"></span></span></li><li style="clear: both"></li></ul></div><div class="chat"><ul class="utilichart"><li class="result"><span style="float: left ; min-height: 26px"><span class="col statcol"><em>HP</em><br>60</span> <span class="col statcol"><em>Atk</em><br>45</span> <span class="col statcol"><em>Def</em><br>110</span> <span class="col statcol"><em>SpA</em><br>120</span> <span class="col statcol"><em>SpD</em><br>80</span> <span class="col statcol"><em>Spe</em><br>90</span> </span></li><li style="clear: both"></li></ul></div><div class="battle-history"><small>(Orbeetle-Variant was created by Magmajudis!)</small><br></div><div class="spacer battle-history"><br></div><div class="battle-history">Foxfire used <strong>Acid Spray</strong>!<br></div><div class="battle-history"><small>(The opposing Orbeetle lost 29% of its health!)</small><br></div><div class="battle-history"><small>The opposing Orbeetle's Sp. Def fell harshly!</small><br></div><div class="battle-history">[The opposing Orbeetle's Cotton Down]<br></div><div class="battle-history"><small>Foxfire's Speed fell!</small><br></div><div class="spacer battle-history"><br></div><div class="battle-history"><small>Foxfire restored a little HP using its Black Sludge!</small><br></div><div class="spacer battle-history"><br></div><h2 class="battle-history">Turn 7</h2><div class="spacer battle-history"><br></div><div class="battle-history">time to chill withdrew Orbeetle!<br></div><div class="battle-history">time to chill sent out <strong>Balleringue</strong>!<br></div><div class="chat"><ul class="utilichart"><li class="result"><span class="col pokemonnamecol" style="white-space: nowrap">Balleringue</span> <span class="col typecol"><img src="https://dragonheaven.herokuapp.com/sprites/types/Bug.png" alt="Bug" height="14" width="32"><img src="https://dragonheaven.herokuapp.com/sprites/types/Steel.png" alt="Steel" height="14" width="32"></span> <span style="float: left ; min-height: 26px"><span class="col abilitycol">Anticipation / Triage / Overcoat</span><span class="col abilitycol"></span></span></li><li style="clear: both"></li></ul></div><div class="chat"><ul class="utilichart"><li class="result"><span style="float: left ; min-height: 26px"><span class="col statcol"><em>HP</em><br>80</span> <span class="col statcol"><em>Atk</em><br>109</span> <span class="col statcol"><em>Def</em><br>105</span> <span class="col statcol"><em>SpA</em><br>69</span> <span class="col statcol"><em>SpD</em><br>105</span> <span class="col statcol"><em>Spe</em><br>29</span> </span></li><li style="clear: both"></li></ul></div><div class="battle-history"><small>(Balleringue was created by Magmajudis!)</small><br></div><div class="battle-history"><small>The opposing Balleringue was caught in a sticky web!</small><br></div><div class="battle-history"><small>The opposing Balleringue's Speed fell!</small><br></div><div class="spacer battle-history"><br></div><div class="battle-history">Foxfire used <strong>Draining Kiss</strong>!<br></div><div class="battle-history"><small>It's not very effective...</small><br></div><div class="battle-history"><small>(The opposing Balleringue lost 12% of its health!)</small><br></div><div class="battle-history"><small>The opposing Balleringue had its energy drained!</small><br></div><div class="spacer battle-history"><br></div><div class="battle-history"><small>Foxfire restored a little HP using its Black Sludge!</small><br></div><div class="battle-history"><small>The opposing Balleringue restored a little HP using its Leftovers!</small><br></div><div class="spacer battle-history"><br></div><h2 class="battle-history">Turn 8</h2><div class="spacer battle-history"><br></div><div class="battle-history">Foxfire used <strong>Hidden Power</strong>!<br></div><div class="battle-history"><small>It's super effective!</small><br></div><div class="battle-history"><small>(The opposing Balleringue lost 80% of its health!)</small><br></div><div class="spacer battle-history"><br></div><div class="battle-history">The opposing Balleringue used <strong>Gyro Ball</strong>!<br></div><div class="battle-history"><small>It's super effective!</small><br></div><div class="battle-history"><small>A critical hit!</small><br></div><div class="battle-history"><small>(Foxfire lost 100% of its health!)</small><br></div><div class="spacer battle-history"><br></div><div class="battle-history">Foxfire fainted!<br></div><div class="spacer battle-history"><br></div><div class="battle-history"><small>The opposing Balleringue restored a little HP using its Leftovers!</small><br></div><div class="chat chatmessage-timetochill"><strong style="color:#338e9e"><small>☆</small><span class="username" data-name="time to chill">time to chill</span>:</strong> <em>mb</em></div><div class="chat chatmessage-h2opulse"><strong style="color:#6e8c2b"><small>☆</small><span class="username" data-name="H2OPulse">H2OPulse</span>:</strong> <em>Oh fair-1</em></div><div class="chat chatmessage-h2opulse"><strong style="color:#6e8c2b"><small>☆</small><span class="username" data-name="H2OPulse">H2OPulse</span>:</strong> <em>No worries!! O:</em></div><div class="spacer battle-history"><br></div><div class="battle-history">Go! Zantedeschia (<strong>Resurrectric</strong>)!<br></div><div class="chat"><ul class="utilichart"><li class="result"><span class="col pokemonnamecol" style="white-space: nowrap">Resurrectric</span> <span class="col typecol"><img src="https://dragonheaven.herokuapp.com/sprites/types/Ground.png" alt="Ground" height="14" width="32"><img src="https://dragonheaven.herokuapp.com/sprites/types/Electric.png" alt="Electric" height="14" width="32"></span> <span style="float: left ; min-height: 26px"><span class="col abilitycol">Inner Focus / Lightning Rod / Battle Armor</span><span class="col abilitycol"></span></span></li><li style="clear: both"></li></ul></div><div class="chat"><ul class="utilichart"><li class="result"><span style="float: left ; min-height: 26px"><span class="col statcol"><em>HP</em><br>80</span> <span class="col statcol"><em>Atk</em><br>50</span> <span class="col statcol"><em>Def</em><br>130</span> <span class="col statcol"><em>SpA</em><br>110</span> <span class="col statcol"><em>SpD</em><br>80</span> <span class="col statcol"><em>Spe</em><br>45</span> </span></li><li style="clear: both"></li></ul></div><div class="battle-history"><small>(Resurrectric was created by Hematite!)</small><br></div><div class="spacer battle-history"><br></div><h2 class="battle-history">Turn 9</h2><div class="spacer battle-history"><br></div><div class="battle-history">time to chill withdrew Balleringue!<br></div><div class="battle-history">time to chill sent out <strong>Oonabee</strong>!<br></div><div class="spacer battle-history"><br></div><div class="battle-history">Zantedeschia used <strong>Fire Blast</strong>!<br></div><div class="battle-history">[The opposing Oonabee's Flash Fire]<br><small>The power of the opposing Oonabee's Fire-type moves rose!</small><br></div><div class="spacer battle-history"><br></div><h2 class="battle-history">Turn 10</h2><div class="chat"><small>~inkbug1 joined</small></div><div class="chat chatmessage-h2opulse"><strong style="color:#6e8c2b"><small>☆</small><span class="username" data-name="H2OPulse">H2OPulse</span>:</strong> <em>Fair--</em></div><div class="spacer battle-history"><br></div><div class="battle-history">The opposing Oonabee is fast asleep.<br></div><div class="spacer battle-history"><br></div><div class="battle-history">Zantedeschia used <strong>Discharge</strong>!<br></div><div class="battle-history"><small>(The opposing Oonabee lost 27% of its health!)</small><br></div><div class="spacer battle-history"><br></div><h2 class="battle-history">Turn 11</h2><div class="spacer battle-history"><br></div><div class="battle-history"><small>The opposing Oonabee woke up!</small><br></div><div class="spacer battle-history"><br></div><div class="battle-history">The opposing Oonabee used <strong>Heat Wave</strong>!<br></div><div class="battle-history"><small>(Zantedeschia lost 23% of its health!)</small><br></div><div class="spacer battle-history"><br></div><div class="battle-history">Zantedeschia used <strong>Discharge</strong>!<br></div><div class="battle-history"><small>(The opposing Oonabee lost 25% of its health!)</small><br></div><div class="battle-history"><small>The opposing Oonabee is paralyzed! It may be unable to move!</small><br></div><div class="spacer battle-history"><br></div><h2 class="battle-history">Turn 12</h2><div class="chat chatmessage-h2opulse"><strong style="color:#6e8c2b"><small>☆</small><span class="username" data-name="H2OPulse">H2OPulse</span>:</strong> <em>Immediately huh o.o'</em></div><div class="chat chatmessage-h2opulse"><strong style="color:#6e8c2b"><small>☆</small><span class="username" data-name="H2OPulse">H2OPulse</span>:</strong> <em>Sorry,,</em></div><div class="spacer battle-history"><br></div><div class="battle-history">Zantedeschia used <strong>Ice Beam</strong>!<br></div><div class="battle-history"><small>(The opposing Oonabee lost 20% of its health!)</small><br></div><div class="spacer battle-history"><br></div><div class="battle-history">The opposing Oonabee used <strong>Roost</strong>!<br></div><div class="battle-history"><small>The opposing Oonabee had its HP restored.</small><br></div><div class="spacer battle-history"><br></div><h2 class="battle-history">Turn 13</h2><div class="spacer battle-history"><br></div><div class="battle-history">Zantedeschia used <strong>Discharge</strong>!<br></div><div class="battle-history"><small>(The opposing Oonabee lost 29% of its health!)</small><br></div><div class="spacer battle-history"><br></div><div class="battle-history">The opposing Oonabee used <strong>Roost</strong>!<br></div><div class="battle-history"><small>The opposing Oonabee had its HP restored.</small><br></div><div class="spacer battle-history"><br></div><h2 class="battle-history">Turn 14</h2><div class="chat"><small>☆H2OPulse left</small></div><div class="chat"><small>☆H2OPulse joined</small></div><div class="chat chatmessage-h2opulse"><strong style="color:#6e8c2b"><small>☆</small><span class="username" data-name="H2OPulse">H2OPulse</span>:</strong> <em>Oops sorry I disconnected</em></div><div class="spacer battle-history"><br></div><div class="battle-history">Zantedeschia used <strong>Discharge</strong>!<br></div><div class="battle-history"><small>(The opposing Oonabee lost 29% of its health!)</small><br></div><div class="spacer battle-history"><br></div><div class="battle-history">The opposing Oonabee is paralyzed! It can't move!<br></div><div class="spacer battle-history"><br></div><h2 class="battle-history">Turn 15</h2><div class="spacer battle-history"><br></div><div class="battle-history">Zantedeschia used <strong>Discharge</strong>!<br></div><div class="battle-history"><small>(The opposing Oonabee lost 26% of its health!)</small><br></div><div class="spacer battle-history"><br></div><div class="battle-history">The opposing Oonabee used <strong>Roost</strong>!<br></div><div class="battle-history"><small>The opposing Oonabee had its HP restored.</small><br></div><div class="spacer battle-history"><br></div><h2 class="battle-history">Turn 16</h2><div class="spacer battle-history"><br></div><div class="battle-history">Zantedeschia, come back!<br></div><div class="battle-history">Go! Cattail (<strong>Vaporeon</strong>)!<br></div><div class="spacer battle-history"><br></div><div class="battle-history">The opposing Oonabee used <strong>Heat Wave</strong>!<br></div><div class="battle-history"><small>It's not very effective...</small><br></div><div class="battle-history"><small>(Cattail lost 8% of its health!)</small><br></div><div class="spacer battle-history"><br></div><div class="battle-history"><small>Cattail restored a little HP using its Leftovers!</small><br></div><div class="spacer battle-history"><br></div><h2 class="battle-history">Turn 17</h2><div class="spacer battle-history"><br></div><div class="battle-history">time to chill withdrew Oonabee!<br></div><div class="battle-history">time to chill sent out Frosmoth (<strong>Frosmoth-Variant</strong>)!<br></div><div class="chat"><ul class="utilichart"><li class="result"><span class="col pokemonnamecol" style="white-space: nowrap">Frosmoth-Variant</span> <span class="col typecol"><img src="https://dragonheaven.herokuapp.com/sprites/types/Normal.png" alt="Normal" height="14" width="32"><img src="https://dragonheaven.herokuapp.com/sprites/types/Bug.png" alt="Bug" height="14" width="32"></span> <span style="float: left ; min-height: 26px"><span class="col abilitycol">Shield Dust / Fur Coat / Scale Shift</span><span class="col abilitycol"></span></span></li><li style="clear: both"></li></ul></div><div class="chat"><ul class="utilichart"><li class="result"><span style="float: left ; min-height: 26px"><span class="col statcol"><em>HP</em><br>70</span> <span class="col statcol"><em>Atk</em><br>65</span> <span class="col statcol"><em>Def</em><br>60</span> <span class="col statcol"><em>SpA</em><br>125</span> <span class="col statcol"><em>SpD</em><br>90</span> <span class="col statcol"><em>Spe</em><br>65</span> </span></li><li style="clear: both"></li></ul></div><div class="battle-history"><small>(Frosmoth-Variant was created by BlueRay!)</small><br></div><div class="spacer battle-history"><br></div><div class="battle-history">Cattail used <strong>Heal Bell</strong>!<br></div><div class="battle-history"><small>A bell chimed!</small><br></div><div class="battle-history"><small>Snakey was cured of its poisoning!</small><br></div><div class="spacer battle-history"><br></div><div class="battle-history"><small>Cattail restored a little HP using its Leftovers!</small><br></div><div class="spacer battle-history"><br></div><h2 class="battle-history">Turn 18</h2><div class="spacer battle-history"><br></div><div class="battle-history">The opposing Frosmoth used <strong>Quiver Dance</strong>!<br></div><div class="battle-history"><small>The opposing Frosmoth's Sp. Atk rose!</small><br></div><div class="battle-history"><small>The opposing Frosmoth's Sp. Def rose!</small><br></div><div class="battle-history"><small>The opposing Frosmoth's Speed rose!</small><br></div><div class="spacer battle-history"><br></div><div class="battle-history">Cattail used <strong>Flip Turn</strong>!<br></div><div class="battle-history"><small>(The opposing Frosmoth lost 8% of its health!)</small><br></div><div class="spacer battle-history"><br></div><div class="battle-history">Cattail, come back!<br></div><div class="battle-history">Go! Zantedeschia (<strong>Resurrectric</strong>)!<br></div><div class="spacer battle-history"><br></div><h2 class="battle-history">Turn 19</h2><div class="spacer battle-history"><br></div><div class="battle-history">The opposing Frosmoth used <strong>Quiver Dance</strong>!<br></div><div class="battle-history"><small>The opposing Frosmoth's Sp. Atk rose!</small><br></div><div class="battle-history"><small>The opposing Frosmoth's Sp. Def rose!</small><br></div><div class="battle-history"><small>The opposing Frosmoth's Speed rose!</small><br></div><div class="spacer battle-history"><br></div><div class="battle-history">Zantedeschia used <strong>Discharge</strong>!<br></div><div class="battle-history"><small>(The opposing Frosmoth lost 21% of its health!)</small><br></div><div class="battle-history"><small>The opposing Frosmoth is paralyzed! It may be unable to move!</small><br></div><div class="spacer battle-history"><br></div><h2 class="battle-history">Turn 20</h2><div class="chat chatmessage-h2opulse"><strong style="color:#6e8c2b"><small>☆</small><span class="username" data-name="H2OPulse">H2OPulse</span>:</strong> <em>First try again</em></div><div class="chat chatmessage-h2opulse"><strong style="color:#6e8c2b"><small>☆</small><span class="username" data-name="H2OPulse">H2OPulse</span>:</strong> <em>I'm so sorry</em></div><div class="spacer battle-history"><br></div><div class="battle-history">The opposing Frosmoth used <strong>Giga Drain</strong>!<br></div><div class="battle-history"><small>It's super effective!</small><br></div><div class="battle-history"><small>(Zantedeschia lost 63% of its health!)</small><br></div><div class="battle-history"><small>Zantedeschia had its energy drained!</small><br></div><div class="spacer battle-history"><br></div><div class="battle-history">Zantedeschia used <strong>Fire Blast</strong>!<br></div><div class="battle-history"><small>It's super effective!</small><br></div><div class="battle-history"><small>(The opposing Frosmoth lost 41% of its health!)</small><br></div><div class="spacer battle-history"><br></div><h2 class="battle-history">Turn 21</h2><div class="chat chatmessage-timetochill"><strong style="color:#338e9e"><small>☆</small><span class="username" data-name="time to chill">time to chill</span>:</strong> <em>it's okay!</em></div><div class="chat chatmessage-h2opulse"><strong style="color:#6e8c2b"><small>☆</small><span class="username" data-name="H2OPulse">H2OPulse</span>:</strong> <em>OH you have that! Fair O:</em></div><div class="spacer battle-history"><br></div><div class="battle-history">Zantedeschia, come back!<br></div><div class="battle-history">Go! Pandorea (<strong>Klefki-Galar</strong>)!<br></div><div class="chat"><ul class="utilichart"><li class="result"><span class="col pokemonnamecol" style="white-space: nowrap">Klefki-Galar</span> <span class="col typecol"><img src="https://dragonheaven.herokuapp.com/sprites/types/Steel.png" alt="Steel" height="14" width="32"><img src="https://dragonheaven.herokuapp.com/sprites/types/Dark.png" alt="Dark" height="14" width="32"></span> <span style="float: left ; min-height: 26px"><span class="col abilitycol">Hunger Switch</span><span class="col abilitycol"></span></span></li><li style="clear: both"></li></ul></div><div class="chat"><ul class="utilichart"><li class="result"><span style="float: left ; min-height: 26px"><span class="col statcol"><em>HP</em><br>57</span> <span class="col statcol"><em>Atk</em><br>60</span> <span class="col statcol"><em>Def</em><br>106</span> <span class="col statcol"><em>SpA</em><br>70</span> <span class="col statcol"><em>SpD</em><br>87</span> <span class="col statcol"><em>Spe</em><br>90</span> </span></li><li style="clear: both"></li></ul></div><div class="battle-history"><small>(Klefki-Galar was created by Albatross!)</small><br></div><div class="spacer battle-history"><br></div><div class="battle-history">The opposing Frosmoth used <strong>Giga Drain</strong>!<br></div><div class="battle-history"><small>It's not very effective...</small><br></div><div class="battle-history"><small>(Pandorea lost 32% of its health!)</small><br></div><div class="battle-history"><small>Pandorea had its energy drained!</small><br></div><div class="spacer battle-history"><br></div><div class="battle-history"><small>Pandorea restored a little HP using its Leftovers!</small><br></div><div class="battle-history">[Pandorea's Hunger Switch]<br></div><div class="battle-history"><small>Pandorea changed to Revealed Mode!</small><br></div><div class="chat"><ul class="utilichart"><li class="result"><span class="col pokemonnamecol" style="white-space: nowrap">Klefki-Galar-Revealed</span> <span class="col typecol"><img src="https://dragonheaven.herokuapp.com/sprites/types/Fairy.png" alt="Fairy" height="14" width="32"><img src="https://dragonheaven.herokuapp.com/sprites/types/Dark.png" alt="Dark" height="14" width="32"></span> <span style="float: left ; min-height: 26px"><span class="col abilitycol">Hunger Switch</span><span class="col abilitycol"></span></span><span style="float: left ; min-height: 26px"><span class="col statcol"><em>HP</em><br>57</span> <span class="col statcol"><em>Atk</em><br>116</span> <span class="col statcol"><em>Def</em><br>50</span> <span class="col statcol"><em>SpA</em><br>70</span> <span class="col statcol"><em>SpD</em><br>87</span> <span class="col statcol"><em>Spe</em><br>90</span> </span></li><li style="clear: both"></li></ul></div><div class="spacer battle-history"><br></div><h2 class="battle-history">Turn 22</h2><div class="spacer battle-history"><br></div><div class="battle-history">Pandorea used <strong>Swords Dance</strong>!<br></div><div class="battle-history"><small>Pandorea's Attack rose sharply!</small><br></div><div class="spacer battle-history"><br></div><div class="battle-history">The opposing Frosmoth used <strong>Quiver Dance</strong>!<br></div><div class="battle-history"><small>The opposing Frosmoth's Sp. Atk rose!</small><br></div><div class="battle-history"><small>The opposing Frosmoth's Sp. Def rose!</small><br></div><div class="battle-history"><small>The opposing Frosmoth's Speed rose!</small><br></div><div class="spacer battle-history"><br></div><div class="battle-history"><small>Pandorea restored a little HP using its Leftovers!</small><br></div><div class="battle-history">[Pandorea's Hunger Switch]<br></div><div class="battle-history"><small>Pandorea changed to Lure Mode!</small><br></div><div class="spacer battle-history"><br></div><h2 class="battle-history">Turn 23</h2><div class="spacer battle-history"><br></div><div class="battle-history">Pandorea used <strong>Swords Dance</strong>!<br></div><div class="battle-history"><small>Pandorea's Attack rose sharply!</small><br></div><div class="spacer battle-history"><br></div><div class="battle-history">The opposing Frosmoth used <strong>Hyper Voice</strong>!<br></div><div class="battle-history"><small>It's not very effective...</small><br></div><div class="battle-history"><small>(Pandorea lost 67% of its health!)</small><br></div><div class="spacer battle-history"><br></div><div class="battle-history"><small>Pandorea restored a little HP using its Leftovers!</small><br></div><div class="battle-history">[Pandorea's Hunger Switch]<br></div><div class="battle-history"><small>Pandorea changed to Revealed Mode!</small><br></div><div class="spacer battle-history"><br></div><h2 class="battle-history">Turn 24</h2><div class="spacer battle-history"><br></div><div class="battle-history">Pandorea used <strong>Knock Off</strong>!<br></div><div class="battle-history"><small>(The opposing Frosmoth lost 65% of its health!)</small><br></div><div class="battle-history"><small>Pandorea knocked off the opposing Frosmoth's Heavy-Duty Boots!</small><br></div><div class="spacer battle-history"><br></div><div class="battle-history">The opposing Frosmoth used <strong>Giga Drain</strong>!<br></div><div class="battle-history"><small>(Pandorea lost 19% of its health!)</small><br></div><div class="battle-history"><small>Pandorea had its energy drained!</small><br></div><div class="spacer battle-history"><br></div><div class="battle-history">Pandorea fainted!<br></div><div class="chat chatmessage-h2opulse"><strong style="color:#6e8c2b"><small>☆</small><span class="username" data-name="H2OPulse">H2OPulse</span>:</strong> <em>Close--</em></div><div class="spacer battle-history"><br></div><div class="battle-history">Go! Snakey (<strong>Orbeetle-Variant</strong>)!<br></div><div class="spacer battle-history"><br></div><h2 class="battle-history">Turn 25</h2><div class="spacer battle-history"><br></div><div class="battle-history">The opposing Frosmoth used <strong>Hyper Voice</strong>!<br></div><div class="battle-history"><small>(Snakey lost 63% of its health!)</small><br></div><div class="battle-history">[Snakey's Cotton Down]<br></div><div class="battle-history"><small>The opposing Frosmoth's Speed fell!</small><br></div><div class="spacer battle-history"><br></div><div class="battle-history">Snakey fainted!<br></div><div class="chat chatmessage-h2opulse"><strong style="color:#6e8c2b"><small>☆</small><span class="username" data-name="H2OPulse">H2OPulse</span>:</strong> <em>Oh fair</em></div><div class="chat chatmessage-h2opulse"><strong style="color:#6e8c2b"><small>☆</small><span class="username" data-name="H2OPulse">H2OPulse</span>:</strong> <em>Oops</em></div><div class="spacer battle-history"><br></div><div class="battle-history">Go! Mango (<strong>Noivern-Variant</strong>)!<br></div><div class="chat"><ul class="utilichart"><li class="result"><span class="col pokemonnamecol" style="white-space: nowrap">Noivern-Variant</span> <span class="col typecol"><img src="https://dragonheaven.herokuapp.com/sprites/types/Fighting.png" alt="Fighting" height="14" width="32"><img src="https://dragonheaven.herokuapp.com/sprites/types/Dragon.png" alt="Dragon" height="14" width="32"></span> <span style="float: left ; min-height: 26px"><span class="col abilitycol">Levitate</span><span class="col abilitycol"></span></span></li><li style="clear: both"></li></ul></div><div class="chat"><ul class="utilichart"><li class="result"><span style="float: left ; min-height: 26px"><span class="col statcol"><em>HP</em><br>95</span> <span class="col statcol"><em>Atk</em><br>70</span> <span class="col statcol"><em>Def</em><br>80</span> <span class="col statcol"><em>SpA</em><br>97</span> <span class="col statcol"><em>SpD</em><br>80</span> <span class="col statcol"><em>Spe</em><br>113</span> </span></li><li style="clear: both"></li></ul></div><div class="battle-history"><small>(Noivern-Variant was created by Hematite!)</small><br></div><div class="spacer battle-history"><br></div><h2 class="battle-history">Turn 26</h2><div class="spacer battle-history"><br></div><div class="battle-history">time to chill withdrew Frosmoth!<br></div><div class="battle-history">time to chill sent out <strong>Oonabee</strong>!<br></div><div class="spacer battle-history"><br></div><div class="battle-history">Mango used <strong>Draco Meteor</strong>!<br></div><div class="battle-history"><small>It doesn't affect the opposing Oonabee...</small><br></div><div class="spacer battle-history"><br></div><h2 class="battle-history">Turn 27</h2><div class="spacer battle-history"><br></div><div class="battle-history">Mango, come back!<br></div><div class="battle-history">Go! Cattail (<strong>Vaporeon</strong>)!<br></div><div class="spacer battle-history"><br></div><div class="battle-history">The opposing Oonabee is paralyzed! It can't move!<br></div><div class="spacer battle-history"><br></div><h2 class="battle-history">Turn 28</h2><div class="spacer battle-history"><br></div><div class="battle-history">Cattail used <strong>Wish</strong>!<br></div><div class="spacer battle-history"><br></div><div class="battle-history">The opposing Oonabee is paralyzed! It can't move!<br></div><div class="spacer battle-history"><br></div><h2 class="battle-history">Turn 29</h2><div class="spacer battle-history"><br></div><div class="battle-history">Cattail used <strong>Flip Turn</strong>!<br></div><div class="battle-history"><small>(The opposing Oonabee lost 12% of its health!)</small><br></div><div class="spacer battle-history"><br></div><div class="battle-history">Cattail, come back!<br></div><div class="battle-history">Go! Zantedeschia (<strong>Resurrectric</strong>)!<br></div><div class="spacer battle-history"><br></div><div class="battle-history">The opposing Oonabee is paralyzed! It can't move!<br></div><div class="spacer battle-history"><br></div><div class="battle-history"><small>Cattail's wish came true!</small><br></div><div class="spacer battle-history"><br></div><h2 class="battle-history">Turn 30</h2><div class="chat chatmessage-h2opulse"><strong style="color:#6e8c2b"><small>☆</small><span class="username" data-name="H2OPulse">H2OPulse</span>:</strong> <em>I am haxing you</em></div><div class="chat chatmessage-h2opulse"><strong style="color:#6e8c2b"><small>☆</small><span class="username" data-name="H2OPulse">H2OPulse</span>:</strong> <em>literally so much</em></div><div class="chat chatmessage-h2opulse"><strong style="color:#6e8c2b"><small>☆</small><span class="username" data-name="H2OPulse">H2OPulse</span>:</strong> <em>I'm so sorry</em></div><div class="spacer battle-history"><br></div><div class="battle-history">Zantedeschia used <strong>Discharge</strong>!<br></div><div class="battle-history"><small>(The opposing Oonabee lost 28% of its health!)</small><br></div><div class="spacer battle-history"><br></div><div class="battle-history">The opposing Oonabee used <strong>Roost</strong>!<br></div><div class="battle-history"><small>The opposing Oonabee had its HP restored.</small><br></div><div class="spacer battle-history"><br></div><h2 class="battle-history">Turn 31</h2><div class="chat chatmessage-timetochill"><strong style="color:#338e9e"><small>☆</small><span class="username" data-name="time to chill">time to chill</span>:</strong> <em>it's fine^^</em></div><div class="spacer battle-history"><br></div><div class="battle-history">Zantedeschia used <strong>Earth Power</strong>!<br></div><div class="battle-history"><small>It's not very effective...</small><br></div><div class="battle-history"><small>(The opposing Oonabee lost 16% of its health!)</small><br></div><div class="spacer battle-history"><br></div><div class="battle-history">The opposing Oonabee used <strong>Heat Wave</strong>!<br></div><div class="battle-history"><small>(Zantedeschia lost 17% of its health!)</small><br></div><div class="spacer battle-history"><br></div><h2 class="battle-history">Turn 32</h2><div class="spacer battle-history"><br></div><div class="battle-history">Zantedeschia used <strong>Earth Power</strong>!<br></div><div class="battle-history"><small>It's not very effective...</small><br></div><div class="battle-history"><small>(The opposing Oonabee lost 15% of its health!)</small><br></div><div class="spacer battle-history"><br></div><div class="battle-history">The opposing Oonabee is paralyzed! It can't move!<br></div><div class="spacer battle-history"><br></div><h2 class="battle-history">Turn 33</h2><div class="spacer battle-history"><br></div><div class="battle-history">Zantedeschia used <strong>Earth Power</strong>!<br></div><div class="battle-history"><small>It's not very effective...</small><br></div><div class="battle-history"><small>(The opposing Oonabee lost 17% of its health!)</small><br></div><div class="spacer battle-history"><br></div><div class="battle-history">The opposing Oonabee used <strong>Dazzling Gleam</strong>!<br></div><div class="battle-history"><small>(Zantedeschia lost 19% of its health!)</small><br></div><div class="spacer battle-history"><br></div><h2 class="battle-history">Turn 34</h2><div class="spacer battle-history"><br></div><div class="battle-history">Zantedeschia used <strong>Earth Power</strong>!<br></div><div class="battle-history"><small>It's not very effective...</small><br></div><div class="battle-history"><small>(The opposing Oonabee lost 15% of its health!)</small><br></div><div class="spacer battle-history"><br></div><div class="battle-history">The opposing Oonabee used <strong>Roost</strong>!<br></div><div class="battle-history"><small>The opposing Oonabee had its HP restored.</small><br></div><div class="spacer battle-history"><br></div><h2 class="battle-history">Turn 35</h2><div class="spacer battle-history"><br></div><div class="battle-history">Zantedeschia, come back!<br></div><div class="battle-history">Go! Cattail (<strong>Vaporeon</strong>)!<br></div><div class="spacer battle-history"><br></div><div class="battle-history">The opposing Oonabee is paralyzed! It can't move!<br></div><div class="spacer battle-history"><br></div><h2 class="battle-history">Turn 36</h2><div class="spacer battle-history"><br></div><div class="battle-history">time to chill withdrew Oonabee!<br></div><div class="battle-history">time to chill sent out Orbeetle (<strong>Orbeetle-Variant</strong>)!<br></div><div class="spacer battle-history"><br></div><div class="battle-history">Cattail used <strong>Wish</strong>!<br></div><div class="spacer battle-history"><br></div><h2 class="battle-history">Turn 37</h2><div class="spacer battle-history"><br></div><div class="battle-history">Cattail, come back!<br></div><div class="battle-history">Go! Zantedeschia (<strong>Resurrectric</strong>)!<br></div><div class="spacer battle-history"><br></div><div class="battle-history">The opposing Orbeetle used <strong>Calm Mind</strong>!<br></div><div class="battle-history"><small>The opposing Orbeetle's Sp. Atk rose!</small><br></div><div class="battle-history"><small>The opposing Orbeetle's Sp. Def rose!</small><br></div><div class="spacer battle-history"><br></div><div class="battle-history"><small>Cattail's wish came true!</small><br></div><div class="spacer battle-history"><br></div><h2 class="battle-history">Turn 38</h2><div class="spacer battle-history"><br></div><div class="battle-history">The opposing Orbeetle used <strong>Calm Mind</strong>!<br></div><div class="battle-history"><small>The opposing Orbeetle's Sp. Atk rose!</small><br></div><div class="battle-history"><small>The opposing Orbeetle's Sp. Def rose!</small><br></div><div class="spacer battle-history"><br></div><div class="battle-history">Zantedeschia used <strong>Earth Power</strong>!<br></div><div class="battle-history"><small>(The opposing Orbeetle lost 27% of its health!)</small><br></div><div class="battle-history">[The opposing Orbeetle's Cotton Down]<br></div><div class="battle-history"><small>Zantedeschia's Speed fell!</small><br></div><div class="spacer battle-history"><br></div><h2 class="battle-history">Turn 39</h2><div class="spacer battle-history"><br></div><div class="battle-history">The opposing Orbeetle used <strong>Recover</strong>!<br></div><div class="battle-history"><small>The opposing Orbeetle had its HP restored.</small><br></div><div class="spacer battle-history"><br></div><div class="battle-history">Zantedeschia used <strong>Earth Power</strong>!<br></div><div class="battle-history"><small>(The opposing Orbeetle lost 32% of its health!)</small><br></div><div class="battle-history">[The opposing Orbeetle's Cotton Down]<br></div><div class="battle-history"><small>Zantedeschia's Speed fell!</small><br></div><div class="spacer battle-history"><br></div><h2 class="battle-history">Turn 40</h2><div class="spacer battle-history"><br></div><div class="battle-history">The opposing Orbeetle used <strong>Calm Mind</strong>!<br></div><div class="battle-history"><small>The opposing Orbeetle's Sp. Atk rose!</small><br></div><div class="battle-history"><small>The opposing Orbeetle's Sp. Def rose!</small><br></div><div class="spacer battle-history"><br></div><div class="battle-history">Zantedeschia used <strong>Fire Blast</strong>!<br></div><div class="battle-history"><small>It's super effective!</small><br></div><div class="battle-history"><small>(The opposing Orbeetle lost 38% of its health!)</small><br></div><div class="battle-history">[The opposing Orbeetle's Cotton Down]<br></div><div class="battle-history"><small>Zantedeschia's Speed fell!</small><br></div><div class="spacer battle-history"><br></div><h2 class="battle-history">Turn 41</h2><div class="spacer battle-history"><br></div><div class="battle-history">The opposing Orbeetle used <strong>Recover</strong>!<br></div><div class="battle-history"><small>The opposing Orbeetle had its HP restored.</small><br></div><div class="spacer battle-history"><br></div><div class="battle-history">Zantedeschia used <strong>Fire Blast</strong>!<br></div><div class="battle-history"><small>It's super effective!</small><br></div><div class="battle-history"><small>(The opposing Orbeetle lost 38% of its health!)</small><br></div><div class="battle-history">[The opposing Orbeetle's Cotton Down]<br></div><div class="battle-history"><small>Zantedeschia's Speed fell!</small><br></div><div class="spacer battle-history"><br></div><h2 class="battle-history">Turn 42</h2><div class="spacer battle-history"><br></div><div class="battle-history">The opposing Orbeetle used <strong>Recover</strong>!<br></div><div class="battle-history"><small>The opposing Orbeetle had its HP restored.</small><br></div><div class="spacer battle-history"><br></div><div class="battle-history">Zantedeschia used <strong>Earth Power</strong>!<br></div><div class="battle-history"><small>(The opposing Orbeetle lost 23% of its health!)</small><br></div><div class="battle-history"><small>The opposing Orbeetle's Sp. Def fell!</small><br></div><div class="battle-history">[The opposing Orbeetle's Cotton Down]<br></div><div class="battle-history"><small>Zantedeschia's Speed fell!</small><br></div><div class="spacer battle-history"><br></div><h2 class="battle-history">Turn 43</h2><div class="spacer battle-history"><br></div><div class="battle-history">The opposing Orbeetle used <strong>Stored Power</strong>!<br></div><div class="battle-history"><small>(Zantedeschia lost 63% of its health!)</small><br></div><div class="spacer battle-history"><br></div><div class="battle-history">Zantedeschia used <strong>Fire Blast</strong>!<br></div><div class="battle-history"><small>It's super effective!</small><br></div><div class="battle-history"><small>(The opposing Orbeetle lost 47% of its health!)</small><br></div><div class="battle-history">[The opposing Orbeetle's Cotton Down]<br></div><div class="battle-history"><small>Zantedeschia's Speed fell!</small><br></div><div class="spacer battle-history"><br></div><h2 class="battle-history">Turn 44</h2><div class="spacer battle-history"><br></div><div class="battle-history">The opposing Orbeetle used <strong>Recover</strong>!<br></div><div class="battle-history"><small>The opposing Orbeetle had its HP restored.</small><br></div><div class="spacer battle-history"><br></div><div class="battle-history">Zantedeschia used <strong>Fire Blast</strong>!<br></div><div class="battle-history"><small>It's super effective!</small><br></div><div class="battle-history"><small>(The opposing Orbeetle lost 48% of its health!)</small><br></div><div class="battle-history">[The opposing Orbeetle's Cotton Down]<br></div><div class="battle-history"><small>Zantedeschia's Speed won't go any lower!</small><br></div><div class="spacer battle-history"><br></div><h2 class="battle-history">Turn 45</h2><div class="chat"><small> Violettes joined</small></div><div class="spacer battle-history"><br></div><div class="battle-history">Zantedeschia, come back!<br></div><div class="battle-history">Go! Cattail (<strong>Vaporeon</strong>)!<br></div><div class="spacer battle-history"><br></div><div class="battle-history">The opposing Orbeetle used <strong>Recover</strong>!<br></div><div class="battle-history"><small>The opposing Orbeetle had its HP restored.</small><br></div><div class="spacer battle-history"><br></div><h2 class="battle-history">Turn 46</h2><div class="spacer battle-history"><br></div><div class="battle-history">The opposing Orbeetle used <strong>Electro Ball</strong>!<br></div><div class="battle-history"><small>It's super effective!</small><br></div><div class="battle-history"><small>(Cattail lost 63% of its health!)</small><br></div><div class="spacer battle-history"><br></div><div class="battle-history">Cattail used <strong>Wish</strong>!<br></div><div class="spacer battle-history"><br></div><div class="battle-history"><small>Cattail restored a little HP using its Leftovers!</small><br></div><div class="spacer battle-history"><br></div><h2 class="battle-history">Turn 47</h2><div class="spacer battle-history"><br></div><div class="battle-history">Cattail, come back!<br></div><div class="battle-history">Go! Zantedeschia (<strong>Resurrectric</strong>)!<br></div><div class="spacer battle-history"><br></div><div class="battle-history">The opposing Orbeetle used <strong>Stored Power</strong>!<br></div><div class="battle-history"><small>(Zantedeschia lost 37% of its health!)</small><br></div><div class="spacer battle-history"><br></div><div class="battle-history">Zantedeschia fainted!<br></div><div class="spacer battle-history"><br></div><div class="battle-history">Go! Mango (<strong>Noivern-Variant</strong>)!<br></div><div class="spacer battle-history"><br></div><h2 class="battle-history">Turn 48</h2><div class="chat chatmessage-h2opulse"><strong style="color:#6e8c2b"><small>☆</small><span class="username" data-name="H2OPulse">H2OPulse</span>:</strong> <em>Yeah I lose to this ashffk</em></div><div class="chat chatmessage-h2opulse"><strong style="color:#6e8c2b"><small>☆</small><span class="username" data-name="H2OPulse">H2OPulse</span>:</strong> <em>Good game!! O:</em></div><div class="chat chatmessage-timetochill"><strong style="color:#338e9e"><small>☆</small><span class="username" data-name="time to chill">time to chill</span>:</strong> <em>gg!</em></div><div class="spacer battle-history"><br></div><div class="battle-history">Mango used <strong>Draco Meteor</strong>!<br></div><div class="battle-history"><small>(The opposing Orbeetle lost 29% of its health!)</small><br></div><div class="battle-history"><small>Mango's Sp. Atk fell harshly!</small><br></div><div class="battle-history"><small>(Mango used its Eject Pack!)</small><br></div><div class="battle-history">[The opposing Orbeetle's Cotton Down]<br></div><div class="battle-history"><small>Mango's Speed fell!</small><br></div><div class="spacer battle-history"><br></div><div class="battle-history">Mango, come back!<br></div><div class="battle-history">Go! Cattail (<strong>Vaporeon</strong>)!<br></div><div class="spacer battle-history"><br></div><div class="battle-history">The opposing Orbeetle used <strong>Stored Power</strong>!<br></div><div class="battle-history"><small>(Cattail lost 41% of its health!)</small><br></div><div class="spacer battle-history"><br></div><div class="battle-history"><small>Cattail restored a little HP using its Leftovers!</small><br></div><div class="spacer battle-history"><br></div><h2 class="battle-history">Turn 49</h2><div class="spacer battle-history"><br></div><div class="battle-history">The opposing Orbeetle used <strong>Recover</strong>!<br></div><div class="battle-history"><small>The opposing Orbeetle had its HP restored.</small><br></div><div class="spacer battle-history"><br></div><div class="battle-history">Cattail used <strong>Flip Turn</strong>!<br></div><div class="battle-history"><small>(The opposing Orbeetle lost 14% of its health!)</small><br></div><div class="battle-history">[The opposing Orbeetle's Cotton Down]<br></div><div class="battle-history"><small>Cattail's Speed fell!</small><br></div><div class="spacer battle-history"><br></div><div class="battle-history">Cattail, come back!<br></div><div class="battle-history">Go! Mango (<strong>Noivern-Variant</strong>)!<br></div><div class="spacer battle-history"><br></div><h2 class="battle-history">Turn 50</h2><div class="chat"><small>+regic boat joined</small></div><div class="spacer battle-history"><br></div><div class="battle-history">Mango used <strong>Super Fang</strong>!<br></div><div class="battle-history"><small>(The opposing Orbeetle lost 38% of its health!)</small><br></div><div class="battle-history">[The opposing Orbeetle's Cotton Down]<br></div><div class="battle-history"><small>Mango's Speed fell!</small><br></div><div class="spacer battle-history"><br></div><div class="battle-history">The opposing Orbeetle used <strong>Stored Power</strong>!<br></div><div class="battle-history"><small>It's super effective!</small><br></div><div class="battle-history"><small>(Mango lost 100% of its health!)</small><br></div><div class="spacer battle-history"><br></div><div class="battle-history">Mango fainted!<br></div><div class="spacer battle-history"><br></div><div class="battle-history">Go! Cattail (<strong>Vaporeon</strong>)!<br></div><div class="spacer battle-history"><br></div><h2 class="battle-history">Turn 51</h2><div class="spacer battle-history"><br></div><div class="battle-history">The opposing Orbeetle used <strong>Stored Power</strong>!<br></div><div class="battle-history"><small>(Cattail lost 8% of its health!)</small><br></div><div class="spacer battle-history"><br></div><div class="battle-history">Cattail fainted!<br></div><div class="spacer battle-history"><br></div><div class="battle-history"><strong>time to chill</strong> won the battle!<br></div><div class="chat chatmessage-timetochill"><strong style="color:#338e9e"><small>☆</small><span class="username" data-name="time to chill">time to chill</span>:</strong> <em>this time a more standard team</em></div><div class="chat chatmessage-h2opulse"><strong style="color:#6e8c2b"><small>☆</small><span class="username" data-name="H2OPulse">H2OPulse</span>:</strong> <em>Cool okay!!</em></div><div class="chat"><small>+regic boat left</small></div></div><div class="inner-preempt message-log"></div></div></div>
</div>
<script>
let daily = Math.floor(Date.now()/1000/60/60/24);document.write('<script src="https://dragonheaven.herokuapp.com/js/replay-embed.js?version'+daily+'"></'+'script>');
</script>
