<!DOCTYPE html>
<meta charset="utf-8" />
<!-- version 1 -->
<title>[Gen 8] Evolution Project replay: KeroseneZanchu vs. inkbug1</title>
<style>
html,body {font-family:Verdana, sans-serif;font-size:10pt;margin:0;padding:0;}body{padding:12px 0;} .battle-log {font-family:Verdana, sans-serif;font-size:10pt;} .battle-log-inline {border:1px solid #AAAAAA;background:#EEF2F5;color:black;max-width:640px;margin:0 auto 80px;padding-bottom:5px;} .battle-log .inner {padding:4px 8px 0px 8px;} .battle-log .inner-preempt {padding:0 8px 4px 8px;} .battle-log .inner-after {margin-top:0.5em;} .battle-log h2 {margin:0.5em -8px;padding:4px 8px;border:1px solid #AAAAAA;background:#E0E7EA;border-left:0;border-right:0;font-family:Verdana, sans-serif;font-size:13pt;} .battle-log .chat {vertical-align:middle;padding:3px 0 3px 0;font-size:8pt;} .battle-log .chat strong {color:#40576A;} .battle-log .chat em {padding:1px 4px 1px 3px;color:#000000;font-style:normal;} .chat.mine {background:rgba(0,0,0,0.05);margin-left:-8px;margin-right:-8px;padding-left:8px;padding-right:8px;} .spoiler {color:#BBBBBB;background:#BBBBBB;padding:0px 3px;} .spoiler:hover, .spoiler:active, .spoiler-shown {color:#000000;background:#E2E2E2;padding:0px 3px;} .spoiler a {color:#BBBBBB;} .spoiler:hover a, .spoiler:active a, .spoiler-shown a {color:#2288CC;} .chat code, .chat .spoiler:hover code, .chat .spoiler:active code, .chat .spoiler-shown code {border:1px solid #C0C0C0;background:#EEEEEE;color:black;padding:0 2px;} .chat .spoiler code {border:1px solid #CCCCCC;background:#CCCCCC;color:#CCCCCC;} .battle-log .rated {padding:3px 4px;} .battle-log .rated strong {color:white;background:#89A;padding:1px 4px;border-radius:4px;} .spacer {margin-top:0.5em;} .message-announce {background:#6688AA;color:white;padding:1px 4px 2px;} .message-announce a, .broadcast-green a, .broadcast-blue a, .broadcast-red a {color:#DDEEFF;} .broadcast-green {background-color:#559955;color:white;padding:2px 4px;} .broadcast-blue {background-color:#6688AA;color:white;padding:2px 4px;} .infobox {border:1px solid #6688AA;padding:2px 4px;} .infobox-limited {max-height:200px;overflow:auto;overflow-x:hidden;} .broadcast-red {background-color:#AA5544;color:white;padding:2px 4px;} .message-learn-canlearn {font-weight:bold;color:#228822;text-decoration:underline;} .message-learn-cannotlearn {font-weight:bold;color:#CC2222;text-decoration:underline;} .message-effect-weak {font-weight:bold;color:#CC2222;} .message-effect-resist {font-weight:bold;color:#6688AA;} .message-effect-immune {font-weight:bold;color:#666666;} .message-learn-list {margin-top:0;margin-bottom:0;} .message-throttle-notice, .message-error {color:#992222;} .message-overflow, .chat small.message-overflow {font-size:0pt;} .message-overflow::before {font-size:9pt;content:'...';} .subtle {color:#3A4A66;}
</style>
<div class="wrapper replay-wrapper" style="max-width:1180px;margin:0 auto">
<input type="hidden" name="replayid" value="dragonheaven-gen8evolutionproject-53" />
<div class="battle"></div><div class="battle-log"></div><div class="replay-controls"></div><div class="replay-controls-2"></div>
<h1 style="font-weight:normal;text-align:center"><strong>[Gen 8] Evolution Project</strong><br /><a href="http://pokemonshowdown.com/users/kerosenezanchu" class="subtle" target="_blank">KeroseneZanchu</a> vs. <a href="http://pokemonshowdown.com/users/inkbug1" class="subtle" target="_blank">inkbug1</a></h1>
<script type="text/plain" class="battle-log-data">|j|☆KeroseneZanchu
|j|☆inkbug1

|t:|1657598774
|player|p1|KeroseneZanchu|riley|
|player|p2|inkbug1|emmet|
|teamsize|p1|6
|teamsize|p2|6
|gametype|singles
|gen|8
|tier|[Gen 8] Evolution Project
|clearpoke
|poke|p1|Aleon, M|
|poke|p1|Naganadel-Terrestrial, M|
|poke|p1|Starly-Crown, M|
|poke|p1|Adourami, M|
|poke|p1|Boomblare, F|
|poke|p1|Bafflack, M|
|poke|p2|Aleon, M|
|poke|p2|Gigalith-Kalos, F|
|poke|p2|Tsareena, F|
|poke|p2|Naganadel-Terrestrial, M|
|poke|p2|Tenoris, F|
|poke|p2|Drifblim-Variant, M|
|rule|HP Percentage Mod: HP is shown in percentages
|rule|Endless Battle Clause: Forcing endless battles is banned
|rule|OHKO Clause: OHKO moves are banned
|rule|Evasion Moves Clause: Evasion moves are banned
|rule|Species Clause: Limit one of each Pokémon
|rule|Dynamax Clause: You cannot dynamax
|rule|Sleep Clause Mod: Limit one foe put to sleep
|rule|Z-Move Clause: Type-based Z-Moves are banned
|teampreview
|c|☆KeroseneZanchu|glhf
|c|☆inkbug1|u too !
|
|t:|1657598802
|start
|switch|p1a: Boomblare|Boomblare, F|100\/100
|switch|p2a: Sable|Gigalith-Kalos, F|374\/374
|-start|p1a: Boomblare|typechange|Normal\/Electric|[silent]
|raw|<ul class="utilichart"><li class="result"><span class="col pokemonnamecol" style="white-space: nowrap">Boomblare<\/span> <span class="col typecol"><img src="https:\/\/dragonheaven.herokuapp.com\/sprites\/types\/Normal.png" alt="Normal" height="14" width="32"><img src="https:\/\/dragonheaven.herokuapp.com\/sprites\/types\/Electric.png" alt="Electric" height="14" width="32"><\/span> <span style="float: left ; min-height: 26px"><span class="col abilitycol">Blowout<\/span><span class="col abilitycol"><\/span><\/span><\/li><li style="clear: both"><\/li><\/ul>
|raw|<ul class="utilichart"><li class="result"><span style="float: left ; min-height: 26px"><span class="col statcol"><em>HP<\/em><br>104<\/span> <span class="col statcol"><em>Atk<\/em><br>116<\/span> <span class="col statcol"><em>Def<\/em><br>58<\/span> <span class="col statcol"><em>SpA<\/em><br>76<\/span> <span class="col statcol"><em>SpD<\/em><br>58<\/span> <span class="col statcol"><em>Spe<\/em><br>78<\/span> <\/span><\/li><li style="clear: both"><\/li><\/ul>
|-hint|Boomblare was created by ausma!
|-start|p2a: Sable|typechange|Rock\/Electric|[silent]
|raw|<ul class="utilichart"><li class="result"><span class="col pokemonnamecol" style="white-space: nowrap">Gigalith-Kalos<\/span> <span class="col typecol"><img src="https:\/\/dragonheaven.herokuapp.com\/sprites\/types\/Rock.png" alt="Rock" height="14" width="32"><img src="https:\/\/dragonheaven.herokuapp.com\/sprites\/types\/Electric.png" alt="Electric" height="14" width="32"><\/span> <span style="float: left ; min-height: 26px"><span class="col abilitycol">Sturdy \/ Drought \/ Solar Power<\/span><span class="col abilitycol"><\/span><\/span><\/li><li style="clear: both"><\/li><\/ul>
|raw|<ul class="utilichart"><li class="result"><span style="float: left ; min-height: 26px"><span class="col statcol"><em>HP<\/em><br>85<\/span> <span class="col statcol"><em>Atk<\/em><br>60<\/span> <span class="col statcol"><em>Def<\/em><br>130<\/span> <span class="col statcol"><em>SpA<\/em><br>135<\/span> <span class="col statcol"><em>SpD<\/em><br>80<\/span> <span class="col statcol"><em>Spe<\/em><br>25<\/span> <\/span><\/li><li style="clear: both"><\/li><\/ul>
|-hint|Gigalith-Kalos was created by Violet!
|-weather|SunnyDay|[from] ability: Drought|[of] p2a: Sable
|turn|1
|
|t:|1657598817
|switch|p2a: Eloise|Tsareena, F|348\/348
|move|p1a: Boomblare|Volt Switch|p2a: Eloise
|-resisted|p2a: Eloise
|-damage|p2a: Eloise|312\/348
|
|t:|1657598825
|switch|p1a: Starly|Starly-Crown, M|100\/100|[from]move: Volt Switch
|-start|p1a: Starly|typechange|Normal\/Flying|[silent]
|raw|<ul class="utilichart"><li class="result"><span class="col pokemonnamecol" style="white-space: nowrap">Starly-Crown<\/span> <span class="col typecol"><img src="https:\/\/dragonheaven.herokuapp.com\/sprites\/types\/Normal.png" alt="Normal" height="14" width="32"><img src="https:\/\/dragonheaven.herokuapp.com\/sprites\/types\/Flying.png" alt="Flying" height="14" width="32"><\/span> <span style="float: left ; min-height: 26px"><span class="col abilitycol">Murmuration<\/span><span class="col abilitycol"><\/span><\/span><\/li><li style="clear: both"><\/li><\/ul>
|raw|<ul class="utilichart"><li class="result"><span style="float: left ; min-height: 26px"><span class="col statcol"><em>HP<\/em><br>40<\/span> <span class="col statcol"><em>Atk<\/em><br>55<\/span> <span class="col statcol"><em>Def<\/em><br>30<\/span> <span class="col statcol"><em>SpA<\/em><br>30<\/span> <span class="col statcol"><em>SpD<\/em><br>30<\/span> <span class="col statcol"><em>Spe<\/em><br>60<\/span> <\/span><\/li><li style="clear: both"><\/li><\/ul>
|-hint|Starly-Crown was created by KeroseneZanchu!
|-formechange|p1a: Starly|Starly-Crown-Cloud||[from] ability: Murmuration
|-message|Starly changed to Cloud Form!
|-start|p1a: Starly|typechange|Normal\/Flying|[silent]
|raw|<ul class="utilichart"><li class="result"><span class="col pokemonnamecol" style="white-space: nowrap">Starly-Crown-Cloud<\/span> <span class="col typecol"><img src="https:\/\/dragonheaven.herokuapp.com\/sprites\/types\/Normal.png" alt="Normal" height="14" width="32"><img src="https:\/\/dragonheaven.herokuapp.com\/sprites\/types\/Flying.png" alt="Flying" height="14" width="32"><\/span> <span style="float: left ; min-height: 26px"><span class="col abilitycol">Murmuration<\/span><span class="col abilitycol"><\/span><\/span><span style="float: left ; min-height: 26px"><span class="col statcol"><em>HP<\/em><br>40<\/span> <span class="col statcol"><em>Atk<\/em><br>120<\/span> <span class="col statcol"><em>Def<\/em><br>170<\/span> <span class="col statcol"><em>SpA<\/em><br>50<\/span> <span class="col statcol"><em>SpD<\/em><br>161<\/span> <span class="col statcol"><em>Spe<\/em><br>100<\/span> <\/span><\/li><li style="clear: both"><\/li><\/ul>
|
|-weather|SunnyDay|[upkeep]
|-start|p1a: Starly|typechange|Normal\/Flying|[silent]
|upkeep
|turn|2
|
|t:|1657598854
|switch|p2a: Oreo|Tenoris, F|354\/354
|-start|p2a: Oreo|typechange|Ice\/Dragon|[silent]
|raw|<ul class="utilichart"><li class="result"><span class="col pokemonnamecol" style="white-space: nowrap">Tenoris<\/span> <span class="col typecol"><img src="https:\/\/dragonheaven.herokuapp.com\/sprites\/types\/Ice.png" alt="Ice" height="14" width="32"><img src="https:\/\/dragonheaven.herokuapp.com\/sprites\/types\/Dragon.png" alt="Dragon" height="14" width="32"><\/span> <span style="float: left ; min-height: 26px"><span class="col abilitycol">Volt Absorb \/ Slush Rush<\/span><span class="col abilitycol"><\/span><\/span><\/li><li style="clear: both"><\/li><\/ul>
|raw|<ul class="utilichart"><li class="result"><span style="float: left ; min-height: 26px"><span class="col statcol"><em>HP<\/em><br>75<\/span> <span class="col statcol"><em>Atk<\/em><br>110<\/span> <span class="col statcol"><em>Def<\/em><br>70<\/span> <span class="col statcol"><em>SpA<\/em><br>80<\/span> <span class="col statcol"><em>SpD<\/em><br>75<\/span> <span class="col statcol"><em>Spe<\/em><br>80<\/span> <\/span><\/li><li style="clear: both"><\/li><\/ul>
|-hint|Tenoris was created by Albatross!
|move|p1a: Starly|Flurry|p2a: Oreo
|-message|Starly called for help!
|
|-weather|SunnyDay|[upkeep]
|-message|Oreo is being swarmed by a flurry of Starly!
|-anim|p1a: Starly|Sky Attack|p2a: Oreo
|-damage|p2a: Oreo|311\/354
|-heal|p2a: Oreo|333\/354|[from] item: Leftovers
|-start|p1a: Starly|typechange|Normal\/Flying|[silent]
|upkeep
|turn|3
|j|+H2OPulse
|
|t:|1657598870
|switch|p1a: Adourami|Adourami, M|100\/100
|-start|p1a: Adourami|typechange|Water\/Fairy|[silent]
|raw|<ul class="utilichart"><li class="result"><span class="col pokemonnamecol" style="white-space: nowrap">Adourami<\/span> <span class="col typecol"><img src="https:\/\/dragonheaven.herokuapp.com\/sprites\/types\/Water.png" alt="Water" height="14" width="32"><img src="https:\/\/dragonheaven.herokuapp.com\/sprites\/types\/Fairy.png" alt="Fairy" height="14" width="32"><\/span> <span style="float: left ; min-height: 26px"><span class="col abilitycol">Swift Swim \/ Soul-Heart \/ Unburden<\/span><span class="col abilitycol"><\/span><\/span><\/li><li style="clear: both"><\/li><\/ul>
|raw|<ul class="utilichart"><li class="result"><span style="float: left ; min-height: 26px"><span class="col statcol"><em>HP<\/em><br>63<\/span> <span class="col statcol"><em>Atk<\/em><br>30<\/span> <span class="col statcol"><em>Def<\/em><br>85<\/span> <span class="col statcol"><em>SpA<\/em><br>95<\/span> <span class="col statcol"><em>SpD<\/em><br>105<\/span> <span class="col statcol"><em>Spe<\/em><br>112<\/span> <\/span><\/li><li style="clear: both"><\/li><\/ul>
|-hint|Adourami was created by BlueRay!
|move|p2a: Oreo|Ice Beam|p1a: Adourami
|-resisted|p1a: Adourami
|-damage|p1a: Adourami|80\/100
|
|-weather|SunnyDay|[upkeep]
|-message|Oreo is being swarmed by a flurry of Starly!
|-damage|p2a: Oreo|306\/354
|-heal|p2a: Oreo|328\/354|[from] item: Leftovers
|upkeep
|turn|4
|c|+H2OPulse|(aaa good luck and have fun both!!!)
|
|t:|1657598886
|switch|p2a: Eloise|Tsareena, F|312\/348
|move|p1a: Adourami|Draining Kiss|p2a: Eloise
|-damage|p2a: Eloise|254\/348
|-heal|p1a: Adourami|96\/100|[from] drain|[of] p2a: Eloise
|
|-weather|SunnyDay|[upkeep]
|-message|Eloise is being swarmed by a flurry of Starly!
|-supereffective|p2a: Eloise
|-damage|p2a: Eloise|212\/348
|upkeep
|turn|5
|
|t:|1657598903
|switch|p1a: Starly|Starly-Crown, M|100\/100
|-start|p1a: Starly|typechange|Normal\/Flying|[silent]
|-formechange|p1a: Starly|Starly-Crown-Cloud||[from] ability: Murmuration
|-message|Starly changed to Cloud Form!
|-start|p1a: Starly|typechange|Normal\/Flying|[silent]
|move|p2a: Eloise|Solar Blade||[still]
|-prepare|p2a: Eloise|Solar Blade
|-anim|p2a: Eloise|Solar Blade|p1a: Starly
|-resisted|p1a: Starly
|-damage|p1a: Starly|74\/100
|
|-weather|SunnyDay|[upkeep]
|-message|Eloise is being swarmed by a flurry of Starly!
|-anim|p1a: Starly|Sky Attack|p2a: Eloise
|-supereffective|p2a: Eloise
|-damage|p2a: Eloise|138\/348
|-start|p1a: Starly|typechange|Normal\/Flying|[silent]
|upkeep
|turn|6
|c|☆KeroseneZanchu|oh wait
|c|☆KeroseneZanchu|hm
|c|☆KeroseneZanchu|I think Flurry might be using
|c|☆KeroseneZanchu|Starly-Crown's attack when it's out of battle instead of
|c|☆KeroseneZanchu|Starly-Crown-Cloud
|c|☆inkbug1|huh 
|c|☆inkbug1|yeah maybe 
|
|t:|1657598968
|switch|p2a: Sable|Gigalith-Kalos, F|374\/374
|-start|p2a: Sable|typechange|Rock\/Electric|[silent]
|move|p1a: Starly|U-turn|p2a: Sable
|-damage|p2a: Sable|327\/374
|
|t:|1657598978
|switch|p1a: Bafflack|Bafflack, M|100\/100|[from]move: U-turn
|-start|p1a: Bafflack|typechange|Water|[silent]
|raw|<ul class="utilichart"><li class="result"><span class="col pokemonnamecol" style="white-space: nowrap">Bafflack<\/span> <span class="col typecol"><img src="https:\/\/dragonheaven.herokuapp.com\/sprites\/types\/Water.png" alt="Water" height="14" width="32"><\/span> <span style="float: left ; min-height: 26px"><span class="col abilitycol">Psychic Surge \/ Cloud Nine \/ Pure Power<\/span><span class="col abilitycol"><\/span><\/span><\/li><li style="clear: both"><\/li><\/ul>
|raw|<ul class="utilichart"><li class="result"><span style="float: left ; min-height: 26px"><span class="col statcol"><em>HP<\/em><br>80<\/span> <span class="col statcol"><em>Atk<\/em><br>69<\/span> <span class="col statcol"><em>Def<\/em><br>18<\/span> <span class="col statcol"><em>SpA<\/em><br>135<\/span> <span class="col statcol"><em>SpD<\/em><br>110<\/span> <span class="col statcol"><em>Spe<\/em><br>105<\/span> <\/span><\/li><li style="clear: both"><\/li><\/ul>
|-hint|Bafflack was created by KeroseneZanchu!
|
|-weather|SunnyDay|[upkeep]
|-message|Sable is being swarmed by a flurry of Starly!
|-resisted|p2a: Sable
|-damage|p2a: Sable|324\/374
|upkeep
|turn|7
|
|t:|1657598991
|move|p1a: Bafflack|Flip Turn|p2a: Sable
|-supereffective|p2a: Sable
|-crit|p2a: Sable
|-damage|p2a: Sable|114\/374
|
|t:|1657598997
|switch|p1a: Boomblare|Boomblare, F|100\/100|[from]move: Flip Turn
|-start|p1a: Boomblare|typechange|Normal\/Electric|[silent]
|move|p2a: Sable|Thunderbolt|p1a: Boomblare
|-resisted|p1a: Boomblare
|-damage|p1a: Boomblare|64\/100
|
|-weather|SunnyDay|[upkeep]
|upkeep
|turn|8
|
|t:|1657599009
|switch|p2a: Trace|Aleon, M|409\/409
|-start|p2a: Trace|typechange|Normal|[silent]
|raw|<ul class="utilichart"><li class="result"><span class="col pokemonnamecol" style="white-space: nowrap">Aleon<\/span> <span class="col typecol"><img src="https:\/\/dragonheaven.herokuapp.com\/sprites\/types\/Normal.png" alt="Normal" height="14" width="32"><\/span> <span style="float: left ; min-height: 26px"><span class="col abilitycol">Adaptability \/ Normalize \/ Beast Boost<\/span><span class="col abilitycol"><\/span><\/span><\/li><li style="clear: both"><\/li><\/ul>
|raw|<ul class="utilichart"><li class="result"><span style="float: left ; min-height: 26px"><span class="col statcol"><em>HP<\/em><br>103<\/span> <span class="col statcol"><em>Atk<\/em><br>79<\/span> <span class="col statcol"><em>Def<\/em><br>53<\/span> <span class="col statcol"><em>SpA<\/em><br>89<\/span> <span class="col statcol"><em>SpD<\/em><br>67<\/span> <span class="col statcol"><em>Spe<\/em><br>134<\/span> <\/span><\/li><li style="clear: both"><\/li><\/ul>
|-hint|Aleon was created by inkbug!
|move|p1a: Boomblare|Boomburst|p2a: Trace
|-damage|p2a: Trace|49\/409
|-ability|p1a: Boomblare|Blowout
|-ability|p2a: Trace|Soundproof
|-message|Trace lost its hearing!
|
|-weather|none
|upkeep
|turn|9
|c|☆inkbug1|my sun 
|c|☆inkbug1|good timing 
|
|t:|1657599044
|move|p2a: Trace|Solar Beam||[still]
|-prepare|p2a: Trace|Solar Beam
|-enditem|p2a: Trace|Power Herb
|-anim|p2a: Trace|Solar Beam|p1a: Boomblare
|-damage|p1a: Boomblare|33\/100
|move|p1a: Boomblare|Volt Switch|p2a: Trace
|-damage|p2a: Trace|0 fnt
|faint|p2a: Trace
|
|t:|1657599056
|switch|p1a: Aleon|Aleon, M|100\/100|[from]move: Volt Switch
|-start|p1a: Aleon|typechange|Normal|[silent]
|raw|<ul class="utilichart"><li class="result"><span class="col pokemonnamecol" style="white-space: nowrap">Aleon<\/span> <span class="col typecol"><img src="https:\/\/dragonheaven.herokuapp.com\/sprites\/types\/Normal.png" alt="Normal" height="14" width="32"><\/span> <span style="float: left ; min-height: 26px"><span class="col abilitycol">Adaptability \/ Normalize \/ Beast Boost<\/span><span class="col abilitycol"><\/span><\/span><\/li><li style="clear: both"><\/li><\/ul>
|raw|<ul class="utilichart"><li class="result"><span style="float: left ; min-height: 26px"><span class="col statcol"><em>HP<\/em><br>103<\/span> <span class="col statcol"><em>Atk<\/em><br>79<\/span> <span class="col statcol"><em>Def<\/em><br>53<\/span> <span class="col statcol"><em>SpA<\/em><br>89<\/span> <span class="col statcol"><em>SpD<\/em><br>67<\/span> <span class="col statcol"><em>Spe<\/em><br>134<\/span> <\/span><\/li><li style="clear: both"><\/li><\/ul>
|-hint|Aleon was created by inkbug!
|
|upkeep
|
|t:|1657599066
|switch|p2a: Tomato|Drifblim-Variant, M|421\/421
|-start|p2a: Tomato|typechange|Fire\/Flying|[silent]
|raw|<ul class="utilichart"><li class="result"><span class="col pokemonnamecol" style="white-space: nowrap">Drifblim-Variant<\/span> <span class="col typecol"><img src="https:\/\/dragonheaven.herokuapp.com\/sprites\/types\/Fire.png" alt="Fire" height="14" width="32"><img src="https:\/\/dragonheaven.herokuapp.com\/sprites\/types\/Flying.png" alt="Flying" height="14" width="32"><\/span> <span style="float: left ; min-height: 26px"><span class="col abilitycol">Emergency Exit<\/span><span class="col abilitycol"><\/span><\/span><\/li><li style="clear: both"><\/li><\/ul>
|raw|<ul class="utilichart"><li class="result"><span style="float: left ; min-height: 26px"><span class="col statcol"><em>HP<\/em><br>140<\/span> <span class="col statcol"><em>Atk<\/em><br>70<\/span> <span class="col statcol"><em>Def<\/em><br>24<\/span> <span class="col statcol"><em>SpA<\/em><br>84<\/span> <span class="col statcol"><em>SpD<\/em><br>74<\/span> <span class="col statcol"><em>Spe<\/em><br>106<\/span> <\/span><\/li><li style="clear: both"><\/li><\/ul>
|-hint|Drifblim-Variant was created by inkbug!
|turn|10
|
|t:|1657599089
|move|p1a: Aleon|Wish|p1a: Aleon
|move|p2a: Tomato|Tailwind|p2a: Tomato
|-sidestart|p2: inkbug1|move: Tailwind
|
|upkeep
|turn|11
|
|t:|1657599095
|move|p2a: Tomato|Mind Blown|p1a: Aleon
|-damage|p1a: Aleon|32\/100
|-damage|p2a: Tomato|210\/421|[from] mindblown
|-enditem|p2a: Tomato|Sitrus Berry|[eat]
|-heal|p2a: Tomato|315\/421|[from] item: Sitrus Berry
|move|p1a: Aleon|Volt Switch|p2a: Tomato
|-damage|p2a: Tomato|161\/421
|-activate|p2a: Tomato|ability: Emergency Exit
|
|t:|1657599105
|switch|p2a: Carpenter|Naganadel-Terrestrial, M|287\/287
|-start|p2a: Carpenter|typechange|Bug\/Dragon|[silent]
|raw|<ul class="utilichart"><li class="result"><span class="col pokemonnamecol" style="white-space: nowrap">Naganadel-Terrestrial<\/span> <span class="col typecol"><img src="https:\/\/dragonheaven.herokuapp.com\/sprites\/types\/Bug.png" alt="Bug" height="14" width="32"><img src="https:\/\/dragonheaven.herokuapp.com\/sprites\/types\/Dragon.png" alt="Dragon" height="14" width="32"><\/span> <span style="float: left ; min-height: 26px"><span class="col abilitycol">Regenerator \/ Beast Boost<\/span><span class="col abilitycol"><\/span><\/span><\/li><li style="clear: both"><\/li><\/ul>
|raw|<ul class="utilichart"><li class="result"><span style="float: left ; min-height: 26px"><span class="col statcol"><em>HP<\/em><br>73<\/span> <span class="col statcol"><em>Atk<\/em><br>127<\/span> <span class="col statcol"><em>Def<\/em><br>73<\/span> <span class="col statcol"><em>SpA<\/em><br>127<\/span> <span class="col statcol"><em>SpD<\/em><br>73<\/span> <span class="col statcol"><em>Spe<\/em><br>67<\/span> <\/span><\/li><li style="clear: both"><\/li><\/ul>
|-hint|Naganadel-Terrestrial was created by KeroseneZanchu!
|
|-heal|p1a: Aleon|82\/100|[from] move: Wish|[wisher] Aleon
|upkeep
|turn|12
|
|t:|1657599114
|move|p2a: Carpenter|Spikes|p1a: Aleon
|-sidestart|p1: KeroseneZanchu|Spikes
|move|p1a: Aleon|Scald|p2a: Carpenter
|-damage|p2a: Carpenter|118\/287
|
|upkeep
|turn|13
|
|t:|1657599124
|move|p2a: Carpenter|Leech Life|p1a: Aleon
|-crit|p1a: Aleon
|-damage|p1a: Aleon|0 fnt
|-heal|p2a: Carpenter|286\/287|[from] drain|[of] p1a: Aleon
|faint|p1a: Aleon
|
|-sideend|p2: inkbug1|move: Tailwind
|upkeep
|c|☆inkbug1|oh gdmhkehr
|c|☆KeroseneZanchu|OW
|
|t:|1657599135
|switch|p1a: Starly|Starly-Crown, M|74\/100
|-start|p1a: Starly|typechange|Normal\/Flying|[silent]
|-formechange|p1a: Starly|Starly-Crown-Cloud||[from] ability: Murmuration
|-message|Starly changed to Cloud Form!
|-start|p1a: Starly|typechange|Normal\/Flying|[silent]
|turn|14
|
|t:|1657599143
|move|p1a: Starly|Rapid Spin|p2a: Carpenter
|-damage|p2a: Carpenter|199\/287
|-boost|p1a: Starly|spe|1
|-sideend|p1: KeroseneZanchu|Spikes|[from] move: Rapid Spin|[of] p1a: Starly
|move|p2a: Carpenter|Scale Shot|p1a: Starly
|-damage|p1a: Starly|63\/100
|-damage|p1a: Starly|53\/100
|-damage|p1a: Starly|43\/100
|-damage|p1a: Starly|33\/100
|-hitcount|p1a: Starly|4
|-unboost|p2a: Carpenter|def|1
|-boost|p2a: Carpenter|spe|1
|
|-start|p1a: Starly|typechange|Normal\/Flying|[silent]
|upkeep
|turn|15
|
|t:|1657599162
|switch|p2a: Sable|Gigalith-Kalos, F|114\/374
|-start|p2a: Sable|typechange|Rock\/Electric|[silent]
|-weather|SunnyDay|[from] ability: Drought|[of] p2a: Sable
|move|p1a: Starly|Roost|p1a: Starly
|-heal|p1a: Starly|83\/100
|-singleturn|p1a: Starly|move: Roost
|
|-weather|SunnyDay|[upkeep]
|-start|p1a: Starly|typechange|Normal\/Flying|[silent]
|upkeep
|turn|16
|
|t:|1657599172
|move|p1a: Starly|U-turn|p2a: Sable
|-damage|p2a: Sable|58\/374
|
|t:|1657599178
|switch|p1a: Boomblare|Boomblare, F|33\/100|[from]move: U-turn
|-start|p1a: Boomblare|typechange|Normal\/Electric|[silent]
|move|p2a: Sable|Power Gem|p1a: Boomblare
|-damage|p1a: Boomblare|0 fnt
|faint|p1a: Boomblare
|
|-weather|SunnyDay|[upkeep]
|upkeep
|
|t:|1657599187
|switch|p1a: Naganadel-Terrestr|Naganadel-Terrestrial, M|100\/100
|-start|p1a: Naganadel-Terrestr|typechange|Bug\/Dragon|[silent]
|raw|<ul class="utilichart"><li class="result"><span class="col pokemonnamecol" style="white-space: nowrap">Naganadel-Terrestrial<\/span> <span class="col typecol"><img src="https:\/\/dragonheaven.herokuapp.com\/sprites\/types\/Bug.png" alt="Bug" height="14" width="32"><img src="https:\/\/dragonheaven.herokuapp.com\/sprites\/types\/Dragon.png" alt="Dragon" height="14" width="32"><\/span> <span style="float: left ; min-height: 26px"><span class="col abilitycol">Regenerator \/ Beast Boost<\/span><span class="col abilitycol"><\/span><\/span><\/li><li style="clear: both"><\/li><\/ul>
|raw|<ul class="utilichart"><li class="result"><span style="float: left ; min-height: 26px"><span class="col statcol"><em>HP<\/em><br>73<\/span> <span class="col statcol"><em>Atk<\/em><br>127<\/span> <span class="col statcol"><em>Def<\/em><br>73<\/span> <span class="col statcol"><em>SpA<\/em><br>127<\/span> <span class="col statcol"><em>SpD<\/em><br>73<\/span> <span class="col statcol"><em>Spe<\/em><br>67<\/span> <\/span><\/li><li style="clear: both"><\/li><\/ul>
|-hint|Naganadel-Terrestrial was created by KeroseneZanchu!
|turn|17
|
|t:|1657599205
|move|p1a: Naganadel-Terrestr|Draco Meteor|p2a: Sable
|-damage|p2a: Sable|0 fnt
|-unboost|p1a: Naganadel-Terrestr|spa|2
|faint|p2a: Sable
|
|-weather|SunnyDay|[upkeep]
|upkeep
|
|t:|1657599218
|switch|p2a: Oreo|Tenoris, F|328\/354
|-start|p2a: Oreo|typechange|Ice\/Dragon|[silent]
|turn|18
|
|t:|1657599225
|switch|p1a: Adourami|Adourami, M|96\/100
|-start|p1a: Adourami|typechange|Water\/Fairy|[silent]
|move|p2a: Oreo|Draco Meteor|p1a: Adourami
|-immune|p1a: Adourami
|
|-weather|SunnyDay|[upkeep]
|-heal|p2a: Oreo|350\/354|[from] item: Leftovers
|upkeep
|turn|19
|
|t:|1657599244
|switch|p2a: Tomato|Drifblim-Variant, M|161\/421
|-start|p2a: Tomato|typechange|Fire\/Flying|[silent]
|move|p1a: Adourami|Substitute|p1a: Adourami
|-start|p1a: Adourami|Substitute
|-damage|p1a: Adourami|71\/100
|
|-weather|SunnyDay|[upkeep]
|upkeep
|turn|20
|c|☆inkbug1|crap
|raw|<ul class="utilichart"><li class="result"><span class="col movenamecol"><a href="https:\/\/dex.pokemonshowdown.com\/moves\/strengthsap">Strength Sap<\/a><\/span> <span class="col typecol"><img src="\/\/dragonheaven.herokuapp.com\/sprites\/types\/Grass.png" alt="Grass" width="32" height="14"><img src="\/\/dragonheaven.herokuapp.com\/sprites\/categories\/Status.png" alt="Status" width="32" height="14"><\/span> <span class="col widelabelcol"><em>Accuracy<\/em><br>100%<\/span> <span class="col pplabelcol"><em>PP<\/em><br>16<\/span> <span class="col movedesccol">User heals HP=target's Atk stat. Lowers Atk by 1.<\/span> <\/li><li style="clear:both"><\/li><\/ul>
|raw|<font size="1"><font color="#686868">Priority:<\/font> 0&nbsp;|&ThickSpace;<font color="#686868">Gen:<\/font> 7&nbsp;|&ThickSpace;&#10003; Bounceable&nbsp;|&ThickSpace;<font color="#686868">Z-Effect:<\/font>  Defense +1&nbsp;|&ThickSpace;<font color="#686868">Target:<\/font> One Adjacent Pokémon<\/font>

|
|t:|1657599308
|switch|p2a: Eloise|Tsareena, F|138\/348
|move|p1a: Adourami|Hydro Pump|p2a: Eloise
|-resisted|p2a: Eloise
|-damage|p2a: Eloise|114\/348
|
|-weather|SunnyDay|[upkeep]
|upkeep
|turn|21
|
|t:|1657599321
|move|p1a: Adourami|Draining Kiss|p2a: Eloise
|-damage|p2a: Eloise|59\/348
|-heal|p1a: Adourami|87\/100|[from] drain|[of] p2a: Eloise
|move|p2a: Eloise|Solar Blade||[still]
|-prepare|p2a: Eloise|Solar Blade
|-anim|p2a: Eloise|Solar Blade|p1a: Adourami
|-supereffective|p1a: Adourami
|-end|p1a: Adourami|Substitute
|
|-weather|SunnyDay|[upkeep]
|upkeep
|turn|22
|
|t:|1657599333
|move|p1a: Adourami|Dazzling Gleam|p2a: Eloise
|-damage|p2a: Eloise|0 fnt
|faint|p2a: Eloise
|-ability|p1a: Adourami|Soul-Heart|boost
|-boost|p1a: Adourami|spa|1
|
|-weather|none
|upkeep
|c|☆inkbug1|my SUN 
|c|☆inkbug1|gg
|
|t:|1657599355
|switch|p2a: Tomato|Drifblim-Variant, M|161\/421
|-start|p2a: Tomato|typechange|Fire\/Flying|[silent]
|turn|23
|
|t:|1657599361
|move|p1a: Adourami|Substitute|p1a: Adourami
|-start|p1a: Adourami|Substitute
|-damage|p1a: Adourami|62\/100
|move|p2a: Tomato|Solar Beam||[still]
|-prepare|p2a: Tomato|Solar Beam
|
|upkeep
|turn|24
|c|☆KeroseneZanchu|gg
|
|t:|1657599368
|move|p1a: Adourami|Hydro Pump|p2a: Tomato|[miss]
|-miss|p1a: Adourami|p2a: Tomato
|move|p2a: Tomato|Solar Beam|p1a: Adourami|[from]lockedmove
|-supereffective|p1a: Adourami
|-end|p1a: Adourami|Substitute
|
|upkeep
|turn|25
|c|☆KeroseneZanchu|rude
|c|☆KeroseneZanchu|lol
|
|t:|1657599381
|move|p1a: Adourami|Hydro Pump|p2a: Tomato|[miss]
|-miss|p1a: Adourami|p2a: Tomato
|move|p2a: Tomato|Strength Sap|p1a: Adourami
|-unboost|p1a: Adourami|atk|1
|-heal|p2a: Tomato|219\/421
|
|upkeep
|turn|26
|c|☆inkbug1|hhmgsdjg
|c|☆KeroseneZanchu|LMAO
|
|t:|1657599399
|move|p1a: Adourami|Substitute|p1a: Adourami
|-start|p1a: Adourami|Substitute
|-damage|p1a: Adourami|37\/100
|move|p2a: Tomato|Mind Blown|p1a: Adourami
|-resisted|p1a: Adourami
|-end|p1a: Adourami|Substitute
|-damage|p2a: Tomato|8\/421|[from] mindblown
|-activate|p2a: Tomato|ability: Emergency Exit
|
|t:|1657599412
|switch|p2a: Carpenter|Naganadel-Terrestrial, M|287\/287
|-start|p2a: Carpenter|typechange|Bug\/Dragon|[silent]
|
|upkeep
|turn|27
|
|t:|1657599419
|move|p1a: Adourami|Draining Kiss|p2a: Carpenter
|-supereffective|p2a: Carpenter
|-damage|p2a: Carpenter|0 fnt
|-heal|p1a: Adourami|100\/100|[from] drain|[of] p2a: Carpenter
|faint|p2a: Carpenter
|-ability|p1a: Adourami|Soul-Heart|boost
|-boost|p1a: Adourami|spa|1
|
|upkeep
|c|☆KeroseneZanchu|sluuuuuurp
|c|☆inkbug1|yea fair
|
|t:|1657599427
|switch|p2a: Tomato|Drifblim-Variant, M|8\/421
|-start|p2a: Tomato|typechange|Fire\/Flying|[silent]
|turn|28
|
|t:|1657599434
|move|p1a: Adourami|Draining Kiss|p2a: Tomato
|-resisted|p2a: Tomato
|-damage|p2a: Tomato|0 fnt
|faint|p2a: Tomato
|-ability|p1a: Adourami|Soul-Heart|boost
|-boost|p1a: Adourami|spa|1
|
|upkeep
|
|t:|1657599440
|switch|p2a: Oreo|Tenoris, F|350\/354
|-start|p2a: Oreo|typechange|Ice\/Dragon|[silent]
|turn|29
|c|☆KeroseneZanchu|pixie plate my beloved
|
|t:|1657599445
|move|p1a: Adourami|Draining Kiss|p2a: Oreo
|-supereffective|p2a: Oreo
|-damage|p2a: Oreo|0 fnt
|faint|p2a: Oreo
|
|win|KeroseneZanchu
|c|☆KeroseneZanchu|gg
|c|☆inkbug1|gg </script>
</div>
<div class="battle-log battle-log-inline"><div class="inner"><div class="battle-options"><div style="padding-top: 3px; padding-right: 3px; text-align: right"><button class="icon button" name="openBattleOptions" title="Options">Battle Options</button></div></div><div class="inner message-log"><div class="chat"><small>☆KeroseneZanchu and ☆inkbug1 joined</small></div><div class=""><small>Format:</small> <br><strong>[Gen 8] Evolution Project</strong></div><div class=""><small><em>HP Percentage Mod:</em> HP is shown in percentages</small></div><div class=""><small><em>Endless Battle Clause:</em> Forcing endless battles is banned</small></div><div class=""><small><em>OHKO Clause:</em> OHKO moves are banned</small></div><div class=""><small><em>Evasion Moves Clause:</em> Evasion moves are banned</small></div><div class=""><small><em>Species Clause:</em> Limit one of each Pokémon</small></div><div class=""><small><em>Dynamax Clause:</em> You cannot dynamax</small></div><div class=""><small><em>Sleep Clause Mod:</em> Limit one foe put to sleep</small></div><div class=""><small><em>Z-Move Clause:</em> Type-based Z-Moves are banned</small></div><div class="chat battle-history"><strong>KeroseneZanchu's team:</strong> <em style="color:#445566;display:block;">Aleon / Naganadel-Terrestrial / Starly-Crown / Adourami / Boomblare / Bafflack</em></div><div class="chat battle-history"><strong>inkbug1's team:</strong> <em style="color:#445566;display:block;">Aleon / Gigalith-Kalos / Tsareena / Naganadel-Terrestrial / Tenoris / Drifblim-Variant</em></div><div class="chat chatmessage-kerosenezanchu"><strong style="color:#4094b0"><small>☆</small><span class="username" data-name="KeroseneZanchu">KeroseneZanchu</span>:</strong> <em>glhf</em></div><div class="chat chatmessage-inkbug1 mine"><strong style="color:#e46e0f"><small>☆</small><span class="username" data-name="inkbug1">inkbug1</span>:</strong> <em>u too !</em></div><div class="spacer battle-history"><br></div><div class="battle-history">Battle started between KeroseneZanchu and inkbug1!<br></div><div class="spacer battle-history"><br></div><div class="battle-history">KeroseneZanchu sent out <strong>Boomblare</strong>!<br></div><div class="spacer battle-history"><br></div><div class="battle-history">Go! Sable (<strong>Gigalith-Kalos</strong>)!<br></div><div class="chat"><ul class="utilichart"><li class="result"><span class="col pokemonnamecol" style="white-space: nowrap">Boomblare</span> <span class="col typecol"><img src="https://dragonheaven.herokuapp.com/sprites/types/Normal.png" alt="Normal" height="14" width="32"><img src="https://dragonheaven.herokuapp.com/sprites/types/Electric.png" alt="Electric" height="14" width="32"></span> <span style="float: left ; min-height: 26px"><span class="col abilitycol">Blowout</span><span class="col abilitycol"></span></span></li><li style="clear: both"></li></ul></div><div class="chat"><ul class="utilichart"><li class="result"><span style="float: left ; min-height: 26px"><span class="col statcol"><em>HP</em><br>104</span> <span class="col statcol"><em>Atk</em><br>116</span> <span class="col statcol"><em>Def</em><br>58</span> <span class="col statcol"><em>SpA</em><br>76</span> <span class="col statcol"><em>SpD</em><br>58</span> <span class="col statcol"><em>Spe</em><br>78</span> </span></li><li style="clear: both"></li></ul></div><div class="battle-history"><small>(Boomblare was created by ausma!)</small><br></div><div class="chat"><ul class="utilichart"><li class="result"><span class="col pokemonnamecol" style="white-space: nowrap">Gigalith-Kalos</span> <span class="col typecol"><img src="https://dragonheaven.herokuapp.com/sprites/types/Rock.png" alt="Rock" height="14" width="32"><img src="https://dragonheaven.herokuapp.com/sprites/types/Electric.png" alt="Electric" height="14" width="32"></span> <span style="float: left ; min-height: 26px"><span class="col abilitycol">Sturdy / Drought / Solar Power</span><span class="col abilitycol"></span></span></li><li style="clear: both"></li></ul></div><div class="chat"><ul class="utilichart"><li class="result"><span style="float: left ; min-height: 26px"><span class="col statcol"><em>HP</em><br>85</span> <span class="col statcol"><em>Atk</em><br>60</span> <span class="col statcol"><em>Def</em><br>130</span> <span class="col statcol"><em>SpA</em><br>135</span> <span class="col statcol"><em>SpD</em><br>80</span> <span class="col statcol"><em>Spe</em><br>25</span> </span></li><li style="clear: both"></li></ul></div><div class="battle-history"><small>(Gigalith-Kalos was created by Violet!)</small><br></div><div class="battle-history">[Sable's Drought]<br><small>The sunlight turned harsh!</small><br></div><div class="spacer battle-history"><br></div><h2 class="battle-history">Turn 1</h2><div class="spacer battle-history"><br></div><div class="battle-history">Sable, come back!<br></div><div class="battle-history">Go! Eloise (<strong>Tsareena</strong>)!<br></div><div class="spacer battle-history"><br></div><div class="battle-history">The opposing Boomblare used <strong>Volt Switch</strong>!<br></div><div class="battle-history"><small>It's not very effective...</small><br></div><div class="battle-history"><small>(Eloise lost <abbr title="−36/348">10.3%</abbr> of its health!)</small><br></div><div class="spacer battle-history"><br></div><div class="battle-history">The opposing Boomblare went back to KeroseneZanchu!<br></div><div class="battle-history">KeroseneZanchu sent out Starly (<strong>Starly-Crown</strong>)!<br></div><div class="chat"><ul class="utilichart"><li class="result"><span class="col pokemonnamecol" style="white-space: nowrap">Starly-Crown</span> <span class="col typecol"><img src="https://dragonheaven.herokuapp.com/sprites/types/Normal.png" alt="Normal" height="14" width="32"><img src="https://dragonheaven.herokuapp.com/sprites/types/Flying.png" alt="Flying" height="14" width="32"></span> <span style="float: left ; min-height: 26px"><span class="col abilitycol">Murmuration</span><span class="col abilitycol"></span></span></li><li style="clear: both"></li></ul></div><div class="chat"><ul class="utilichart"><li class="result"><span style="float: left ; min-height: 26px"><span class="col statcol"><em>HP</em><br>40</span> <span class="col statcol"><em>Atk</em><br>55</span> <span class="col statcol"><em>Def</em><br>30</span> <span class="col statcol"><em>SpA</em><br>30</span> <span class="col statcol"><em>SpD</em><br>30</span> <span class="col statcol"><em>Spe</em><br>60</span> </span></li><li style="clear: both"></li></ul></div><div class="battle-history"><small>(Starly-Crown was created by KeroseneZanchu!)</small><br></div><div class="battle-history">[The opposing Starly's Murmuration]<br></div><div class="battle-history"><small>Starly changed to Cloud Form!</small><br></div><div class="chat"><ul class="utilichart"><li class="result"><span class="col pokemonnamecol" style="white-space: nowrap">Starly-Crown-Cloud</span> <span class="col typecol"><img src="https://dragonheaven.herokuapp.com/sprites/types/Normal.png" alt="Normal" height="14" width="32"><img src="https://dragonheaven.herokuapp.com/sprites/types/Flying.png" alt="Flying" height="14" width="32"></span> <span style="float: left ; min-height: 26px"><span class="col abilitycol">Murmuration</span><span class="col abilitycol"></span></span><span style="float: left ; min-height: 26px"><span class="col statcol"><em>HP</em><br>40</span> <span class="col statcol"><em>Atk</em><br>120</span> <span class="col statcol"><em>Def</em><br>170</span> <span class="col statcol"><em>SpA</em><br>50</span> <span class="col statcol"><em>SpD</em><br>161</span> <span class="col statcol"><em>Spe</em><br>100</span> </span></li><li style="clear: both"></li></ul></div><div class="spacer battle-history"><br></div><div class="battle-history"><small>(The sunlight is strong.)</small><br></div><div class="spacer battle-history"><br></div><h2 class="battle-history">Turn 2</h2><div class="spacer battle-history"><br></div><div class="battle-history">Eloise, come back!<br></div><div class="battle-history">Go! Oreo (<strong>Tenoris</strong>)!<br></div><div class="chat"><ul class="utilichart"><li class="result"><span class="col pokemonnamecol" style="white-space: nowrap">Tenoris</span> <span class="col typecol"><img src="https://dragonheaven.herokuapp.com/sprites/types/Ice.png" alt="Ice" height="14" width="32"><img src="https://dragonheaven.herokuapp.com/sprites/types/Dragon.png" alt="Dragon" height="14" width="32"></span> <span style="float: left ; min-height: 26px"><span class="col abilitycol">Volt Absorb / Slush Rush</span><span class="col abilitycol"></span></span></li><li style="clear: both"></li></ul></div><div class="chat"><ul class="utilichart"><li class="result"><span style="float: left ; min-height: 26px"><span class="col statcol"><em>HP</em><br>75</span> <span class="col statcol"><em>Atk</em><br>110</span> <span class="col statcol"><em>Def</em><br>70</span> <span class="col statcol"><em>SpA</em><br>80</span> <span class="col statcol"><em>SpD</em><br>75</span> <span class="col statcol"><em>Spe</em><br>80</span> </span></li><li style="clear: both"></li></ul></div><div class="battle-history"><small>(Tenoris was created by Albatross!)</small><br></div><div class="spacer battle-history"><br></div><div class="battle-history">The opposing Starly used <strong>Flurry</strong>!<br></div><div class="battle-history"><small>Starly called for help!</small><br></div><div class="spacer battle-history"><br></div><div class="battle-history"><small>(The sunlight is strong.)</small><br></div><div class="battle-history"><small>Oreo is being swarmed by a flurry of Starly!</small><br></div><div class="battle-history"><small>(Oreo lost <abbr title="−43/354">12.1%</abbr> of its health!)</small><br></div><div class="battle-history"><small>Oreo restored a little HP using its Leftovers!</small><br></div><div class="spacer battle-history"><br></div><h2 class="battle-history">Turn 3</h2><div class="chat"><small>+H2OPulse joined</small></div><div class="spacer battle-history"><br></div><div class="battle-history">KeroseneZanchu withdrew Starly!<br></div><div class="battle-history">KeroseneZanchu sent out <strong>Adourami</strong>!<br></div><div class="chat"><ul class="utilichart"><li class="result"><span class="col pokemonnamecol" style="white-space: nowrap">Adourami</span> <span class="col typecol"><img src="https://dragonheaven.herokuapp.com/sprites/types/Water.png" alt="Water" height="14" width="32"><img src="https://dragonheaven.herokuapp.com/sprites/types/Fairy.png" alt="Fairy" height="14" width="32"></span> <span style="float: left ; min-height: 26px"><span class="col abilitycol">Swift Swim / Soul-Heart / Unburden</span><span class="col abilitycol"></span></span></li><li style="clear: both"></li></ul></div><div class="chat"><ul class="utilichart"><li class="result"><span style="float: left ; min-height: 26px"><span class="col statcol"><em>HP</em><br>63</span> <span class="col statcol"><em>Atk</em><br>30</span> <span class="col statcol"><em>Def</em><br>85</span> <span class="col statcol"><em>SpA</em><br>95</span> <span class="col statcol"><em>SpD</em><br>105</span> <span class="col statcol"><em>Spe</em><br>112</span> </span></li><li style="clear: both"></li></ul></div><div class="battle-history"><small>(Adourami was created by BlueRay!)</small><br></div><div class="spacer battle-history"><br></div><div class="battle-history">Oreo used <strong>Ice Beam</strong>!<br></div><div class="battle-history"><small>It's not very effective...</small><br></div><div class="battle-history"><small>(The opposing Adourami lost 20% of its health!)</small><br></div><div class="spacer battle-history"><br></div><div class="battle-history"><small>(The sunlight is strong.)</small><br></div><div class="battle-history"><small>Oreo is being swarmed by a flurry of Starly!</small><br></div><div class="battle-history"><small>(Oreo lost <abbr title="−27/354">7.6%</abbr> of its health!)</small><br></div><div class="battle-history"><small>Oreo restored a little HP using its Leftovers!</small><br></div><div class="spacer battle-history"><br></div><h2 class="battle-history">Turn 4</h2><div class="chat chatmessage-h2opulse"><strong style="color:#6e8c2b"><small>+</small><span class="username" data-name="H2OPulse">H2OPulse</span>:</strong> <em>(aaa good luck and have fun both!!!)</em></div><div class="spacer battle-history"><br></div><div class="battle-history">Oreo, come back!<br></div><div class="battle-history">Go! Eloise (<strong>Tsareena</strong>)!<br></div><div class="spacer battle-history"><br></div><div class="battle-history">The opposing Adourami used <strong>Draining Kiss</strong>!<br></div><div class="battle-history"><small>(Eloise lost <abbr title="−58/348">16.7%</abbr> of its health!)</small><br></div><div class="battle-history"><small>Eloise had its energy drained!</small><br></div><div class="spacer battle-history"><br></div><div class="battle-history"><small>(The sunlight is strong.)</small><br></div><div class="battle-history"><small>Eloise is being swarmed by a flurry of Starly!</small><br></div><div class="battle-history"><small>It's super effective!</small><br></div><div class="battle-history"><small>(Eloise lost <abbr title="−42/348">12.1%</abbr> of its health!)</small><br></div><div class="spacer battle-history"><br></div><h2 class="battle-history">Turn 5</h2><div class="spacer battle-history"><br></div><div class="battle-history">KeroseneZanchu withdrew Adourami!<br></div><div class="battle-history">KeroseneZanchu sent out Starly (<strong>Starly-Crown</strong>)!<br></div><div class="battle-history">[The opposing Starly's Murmuration]<br></div><div class="battle-history"><small>Starly changed to Cloud Form!</small><br></div><div class="spacer battle-history"><br></div><div class="battle-history">Eloise used <strong>Solar Blade</strong>!<br></div><div class="battle-history"><small>Eloise absorbed light!</small><br></div><div class="battle-history"><small>It's not very effective...</small><br></div><div class="battle-history"><small>(The opposing Starly lost 26% of its health!)</small><br></div><div class="spacer battle-history"><br></div><div class="battle-history"><small>(The sunlight is strong.)</small><br></div><div class="battle-history"><small>Eloise is being swarmed by a flurry of Starly!</small><br></div><div class="battle-history"><small>It's super effective!</small><br></div><div class="battle-history"><small>(Eloise lost <abbr title="−74/348">21.3%</abbr> of its health!)</small><br></div><div class="spacer battle-history"><br></div><h2 class="battle-history">Turn 6</h2><div class="chat chatmessage-kerosenezanchu"><strong style="color:#4094b0"><small>☆</small><span class="username" data-name="KeroseneZanchu">KeroseneZanchu</span>:</strong> <em>oh wait</em></div><div class="chat chatmessage-kerosenezanchu"><strong style="color:#4094b0"><small>☆</small><span class="username" data-name="KeroseneZanchu">KeroseneZanchu</span>:</strong> <em>hm</em></div><div class="chat chatmessage-kerosenezanchu"><strong style="color:#4094b0"><small>☆</small><span class="username" data-name="KeroseneZanchu">KeroseneZanchu</span>:</strong> <em>I think Flurry might be using</em></div><div class="chat chatmessage-kerosenezanchu"><strong style="color:#4094b0"><small>☆</small><span class="username" data-name="KeroseneZanchu">KeroseneZanchu</span>:</strong> <em>Starly-Crown's attack when it's out of battle instead of</em></div><div class="chat chatmessage-kerosenezanchu"><strong style="color:#4094b0"><small>☆</small><span class="username" data-name="KeroseneZanchu">KeroseneZanchu</span>:</strong> <em>Starly-Crown-Cloud</em></div><div class="chat chatmessage-inkbug1 mine"><strong style="color:#e46e0f"><small>☆</small><span class="username" data-name="inkbug1">inkbug1</span>:</strong> <em>huh </em></div><div class="chat chatmessage-inkbug1 mine"><strong style="color:#e46e0f"><small>☆</small><span class="username" data-name="inkbug1">inkbug1</span>:</strong> <em>yeah maybe </em></div><div class="spacer battle-history"><br></div><div class="battle-history">Eloise, come back!<br></div><div class="battle-history">Go! Sable (<strong>Gigalith-Kalos</strong>)!<br></div><div class="spacer battle-history"><br></div><div class="battle-history">The opposing Starly used <strong>U-turn</strong>!<br></div><div class="battle-history"><small>(Sable lost <abbr title="−47/374">12.6%</abbr> of its health!)</small><br></div><div class="spacer battle-history"><br></div><div class="battle-history">The opposing Starly went back to KeroseneZanchu!<br></div><div class="battle-history">KeroseneZanchu sent out <strong>Bafflack</strong>!<br></div><div class="chat"><ul class="utilichart"><li class="result"><span class="col pokemonnamecol" style="white-space: nowrap">Bafflack</span> <span class="col typecol"><img src="https://dragonheaven.herokuapp.com/sprites/types/Water.png" alt="Water" height="14" width="32"></span> <span style="float: left ; min-height: 26px"><span class="col abilitycol">Psychic Surge / Cloud Nine / Pure Power</span><span class="col abilitycol"></span></span></li><li style="clear: both"></li></ul></div><div class="chat"><ul class="utilichart"><li class="result"><span style="float: left ; min-height: 26px"><span class="col statcol"><em>HP</em><br>80</span> <span class="col statcol"><em>Atk</em><br>69</span> <span class="col statcol"><em>Def</em><br>18</span> <span class="col statcol"><em>SpA</em><br>135</span> <span class="col statcol"><em>SpD</em><br>110</span> <span class="col statcol"><em>Spe</em><br>105</span> </span></li><li style="clear: both"></li></ul></div><div class="battle-history"><small>(Bafflack was created by KeroseneZanchu!)</small><br></div><div class="spacer battle-history"><br></div><div class="battle-history"><small>(The sunlight is strong.)</small><br></div><div class="battle-history"><small>Sable is being swarmed by a flurry of Starly!</small><br></div><div class="battle-history"><small>It's not very effective...</small><br></div><div class="battle-history"><small>(Sable lost <abbr title="−3/374">0.8%</abbr> of its health!)</small><br></div><div class="spacer battle-history"><br></div><h2 class="battle-history">Turn 7</h2><div class="spacer battle-history"><br></div><div class="battle-history">The opposing Bafflack used <strong>Flip Turn</strong>!<br></div><div class="battle-history"><small>It's super effective!</small><br></div><div class="battle-history"><small>A critical hit!</small><br></div><div class="battle-history"><small>(Sable lost <abbr title="−210/374">56.1%</abbr> of its health!)</small><br></div><div class="spacer battle-history"><br></div><div class="battle-history">KeroseneZanchu withdrew Bafflack!<br></div><div class="battle-history">KeroseneZanchu sent out <strong>Boomblare</strong>!<br></div><div class="spacer battle-history"><br></div><div class="battle-history">Sable used <strong>Thunderbolt</strong>!<br></div><div class="battle-history"><small>It's not very effective...</small><br></div><div class="battle-history"><small>(The opposing Boomblare lost 36% of its health!)</small><br></div><div class="spacer battle-history"><br></div><div class="battle-history"><small>(The sunlight is strong.)</small><br></div><div class="spacer battle-history"><br></div><h2 class="battle-history">Turn 8</h2><div class="spacer battle-history"><br></div><div class="battle-history">Sable, come back!<br></div><div class="battle-history">Go! Trace (<strong>Aleon</strong>)!<br></div><div class="chat"><ul class="utilichart"><li class="result"><span class="col pokemonnamecol" style="white-space: nowrap">Aleon</span> <span class="col typecol"><img src="https://dragonheaven.herokuapp.com/sprites/types/Normal.png" alt="Normal" height="14" width="32"></span> <span style="float: left ; min-height: 26px"><span class="col abilitycol">Adaptability / Normalize / Beast Boost</span><span class="col abilitycol"></span></span></li><li style="clear: both"></li></ul></div><div class="chat"><ul class="utilichart"><li class="result"><span style="float: left ; min-height: 26px"><span class="col statcol"><em>HP</em><br>103</span> <span class="col statcol"><em>Atk</em><br>79</span> <span class="col statcol"><em>Def</em><br>53</span> <span class="col statcol"><em>SpA</em><br>89</span> <span class="col statcol"><em>SpD</em><br>67</span> <span class="col statcol"><em>Spe</em><br>134</span> </span></li><li style="clear: both"></li></ul></div><div class="battle-history"><small>(Aleon was created by inkbug!)</small><br></div><div class="spacer battle-history"><br></div><div class="battle-history">The opposing Boomblare used <strong>Boomburst</strong>!<br></div><div class="battle-history"><small>(Trace lost <abbr title="−360/409">88.0%</abbr> of its health!)</small><br></div><div class="battle-history">[The opposing Boomblare's Blowout]<br></div><div class="battle-history">[Trace's Soundproof]<br></div><div class="battle-history"><small>Trace lost its hearing!</small><br></div><div class="spacer battle-history"><br></div><div class="battle-history"><small>The harsh sunlight faded.</small><br></div><div class="spacer battle-history"><br></div><h2 class="battle-history">Turn 9</h2><div class="chat chatmessage-inkbug1 mine"><strong style="color:#e46e0f"><small>☆</small><span class="username" data-name="inkbug1">inkbug1</span>:</strong> <em>my sun </em></div><div class="chat chatmessage-inkbug1 mine"><strong style="color:#e46e0f"><small>☆</small><span class="username" data-name="inkbug1">inkbug1</span>:</strong> <em>good timing </em></div><div class="spacer battle-history"><br></div><div class="battle-history">Trace used <strong>Solar Beam</strong>!<br></div><div class="battle-history"><small>Trace absorbed light!</small><br></div><div class="battle-history"><small>Trace became fully charged due to its Power Herb!</small><br></div><div class="battle-history"><small>(The opposing Boomblare lost 31% of its health!)</small><br></div><div class="spacer battle-history"><br></div><div class="battle-history">The opposing Boomblare used <strong>Volt Switch</strong>!<br></div><div class="battle-history"><small>(Trace lost <abbr title="−49/409">12.0%</abbr> of its health!)</small><br></div><div class="spacer battle-history"><br></div><div class="battle-history">Trace fainted!<br></div><div class="spacer battle-history"><br></div><div class="battle-history">The opposing Boomblare went back to KeroseneZanchu!<br></div><div class="battle-history">KeroseneZanchu sent out <strong>Aleon</strong>!<br></div><div class="chat"><ul class="utilichart"><li class="result"><span class="col pokemonnamecol" style="white-space: nowrap">Aleon</span> <span class="col typecol"><img src="https://dragonheaven.herokuapp.com/sprites/types/Normal.png" alt="Normal" height="14" width="32"></span> <span style="float: left ; min-height: 26px"><span class="col abilitycol">Adaptability / Normalize / Beast Boost</span><span class="col abilitycol"></span></span></li><li style="clear: both"></li></ul></div><div class="chat"><ul class="utilichart"><li class="result"><span style="float: left ; min-height: 26px"><span class="col statcol"><em>HP</em><br>103</span> <span class="col statcol"><em>Atk</em><br>79</span> <span class="col statcol"><em>Def</em><br>53</span> <span class="col statcol"><em>SpA</em><br>89</span> <span class="col statcol"><em>SpD</em><br>67</span> <span class="col statcol"><em>Spe</em><br>134</span> </span></li><li style="clear: both"></li></ul></div><div class="battle-history"><small>(Aleon was created by inkbug!)</small><br></div><div class="spacer battle-history"><br></div><div class="battle-history">Go! Tomato (<strong>Drifblim-Variant</strong>)!<br></div><div class="chat"><ul class="utilichart"><li class="result"><span class="col pokemonnamecol" style="white-space: nowrap">Drifblim-Variant</span> <span class="col typecol"><img src="https://dragonheaven.herokuapp.com/sprites/types/Fire.png" alt="Fire" height="14" width="32"><img src="https://dragonheaven.herokuapp.com/sprites/types/Flying.png" alt="Flying" height="14" width="32"></span> <span style="float: left ; min-height: 26px"><span class="col abilitycol">Emergency Exit</span><span class="col abilitycol"></span></span></li><li style="clear: both"></li></ul></div><div class="chat"><ul class="utilichart"><li class="result"><span style="float: left ; min-height: 26px"><span class="col statcol"><em>HP</em><br>140</span> <span class="col statcol"><em>Atk</em><br>70</span> <span class="col statcol"><em>Def</em><br>24</span> <span class="col statcol"><em>SpA</em><br>84</span> <span class="col statcol"><em>SpD</em><br>74</span> <span class="col statcol"><em>Spe</em><br>106</span> </span></li><li style="clear: both"></li></ul></div><div class="battle-history"><small>(Drifblim-Variant was created by inkbug!)</small><br></div><div class="spacer battle-history"><br></div><h2 class="battle-history">Turn 10</h2><div class="spacer battle-history"><br></div><div class="battle-history">The opposing Aleon used <strong>Wish</strong>!<br></div><div class="spacer battle-history"><br></div><div class="battle-history">Tomato used <strong>Tailwind</strong>!<br></div><div class="battle-history"><small>The Tailwind blew from behind your team!</small><br></div><div class="spacer battle-history"><br></div><h2 class="battle-history">Turn 11</h2><div class="spacer battle-history"><br></div><div class="battle-history">Tomato used <strong>Mind Blown</strong>!<br></div><div class="battle-history"><small>(The opposing Aleon lost 68% of its health!)</small><br></div><div class="battle-history"><small>(Tomato cut its own HP to power up its move!)</small><br></div><div class="battle-history"><small>(Tomato ate its Sitrus Berry!)</small><br></div><div class="battle-history"><small>Tomato restored HP using its Sitrus Berry!</small><br></div><div class="spacer battle-history"><br></div><div class="battle-history">The opposing Aleon used <strong>Volt Switch</strong>!<br></div><div class="battle-history"><small>(Tomato lost <abbr title="−154/421">36.6%</abbr> of its health!)</small><br></div><div class="battle-history">[Tomato's Emergency Exit]<br></div><div class="spacer battle-history"><br></div><div class="battle-history">Tomato, come back!<br></div><div class="battle-history">Go! Carpenter (<strong>Naganadel-Terrestrial</strong>)!<br></div><div class="chat"><ul class="utilichart"><li class="result"><span class="col pokemonnamecol" style="white-space: nowrap">Naganadel-Terrestrial</span> <span class="col typecol"><img src="https://dragonheaven.herokuapp.com/sprites/types/Bug.png" alt="Bug" height="14" width="32"><img src="https://dragonheaven.herokuapp.com/sprites/types/Dragon.png" alt="Dragon" height="14" width="32"></span> <span style="float: left ; min-height: 26px"><span class="col abilitycol">Regenerator / Beast Boost</span><span class="col abilitycol"></span></span></li><li style="clear: both"></li></ul></div><div class="chat"><ul class="utilichart"><li class="result"><span style="float: left ; min-height: 26px"><span class="col statcol"><em>HP</em><br>73</span> <span class="col statcol"><em>Atk</em><br>127</span> <span class="col statcol"><em>Def</em><br>73</span> <span class="col statcol"><em>SpA</em><br>127</span> <span class="col statcol"><em>SpD</em><br>73</span> <span class="col statcol"><em>Spe</em><br>67</span> </span></li><li style="clear: both"></li></ul></div><div class="battle-history"><small>(Naganadel-Terrestrial was created by KeroseneZanchu!)</small><br></div><div class="spacer battle-history"><br></div><div class="battle-history"><small>Aleon's wish came true!</small><br></div><div class="spacer battle-history"><br></div><h2 class="battle-history">Turn 12</h2><div class="spacer battle-history"><br></div><div class="battle-history">Carpenter used <strong>Spikes</strong>!<br></div><div class="battle-history"><small>Spikes were scattered on the ground all around the opposing team!</small><br></div><div class="spacer battle-history"><br></div><div class="battle-history">The opposing Aleon used <strong>Scald</strong>!<br></div><div class="battle-history"><small>(Carpenter lost <abbr title="−169/287">58.9%</abbr> of its health!)</small><br></div><div class="spacer battle-history"><br></div><h2 class="battle-history">Turn 13</h2><div class="spacer battle-history"><br></div><div class="battle-history">Carpenter used <strong>Leech Life</strong>!<br></div><div class="battle-history"><small>A critical hit!</small><br></div><div class="battle-history"><small>(The opposing Aleon lost 82% of its health!)</small><br></div><div class="battle-history"><small>The opposing Aleon had its energy drained!</small><br></div><div class="spacer battle-history"><br></div><div class="battle-history">The opposing Aleon fainted!<br></div><div class="spacer battle-history"><br></div><div class="battle-history"><small>Your team's Tailwind petered out!</small><br></div><div class="chat chatmessage-inkbug1 mine"><strong style="color:#e46e0f"><small>☆</small><span class="username" data-name="inkbug1">inkbug1</span>:</strong> <em>oh gdmhkehr</em></div><div class="chat chatmessage-kerosenezanchu"><strong style="color:#4094b0"><small>☆</small><span class="username" data-name="KeroseneZanchu">KeroseneZanchu</span>:</strong> <em>OW</em></div><div class="spacer battle-history"><br></div><div class="battle-history">KeroseneZanchu sent out Starly (<strong>Starly-Crown</strong>)!<br></div><div class="battle-history">[The opposing Starly's Murmuration]<br></div><div class="battle-history"><small>Starly changed to Cloud Form!</small><br></div><div class="spacer battle-history"><br></div><h2 class="battle-history">Turn 14</h2><div class="spacer battle-history"><br></div><div class="battle-history">The opposing Starly used <strong>Rapid Spin</strong>!<br></div><div class="battle-history"><small>(Carpenter lost <abbr title="−87/287">30.3%</abbr> of its health!)</small><br></div><div class="battle-history"><small>The opposing Starly's Speed rose!</small><br></div><div class="battle-history"><small>The spikes disappeared from the ground around the opposing team!</small><br></div><div class="spacer battle-history"><br></div><div class="battle-history">Carpenter used <strong>Scale Shot</strong>!<br></div><div class="battle-history"><small>(The opposing Starly lost 11% of its health!)</small><br></div><div class="battle-history"><small>(The opposing Starly lost 10% of its health!)</small><br></div><div class="battle-history"><small>(The opposing Starly lost 10% of its health!)</small><br></div><div class="battle-history"><small>(The opposing Starly lost 10% of its health!)</small><br></div><div class="battle-history"><small>The Pokémon was hit 4 times!</small><br></div><div class="battle-history"><small>Carpenter's Defense fell!</small><br></div><div class="battle-history"><small>Carpenter's Speed rose!</small><br></div><div class="spacer battle-history"><br></div><h2 class="battle-history">Turn 15</h2><div class="spacer battle-history"><br></div><div class="battle-history">Carpenter, come back!<br></div><div class="battle-history">Go! Sable (<strong>Gigalith-Kalos</strong>)!<br></div><div class="battle-history">[Sable's Drought]<br><small>The sunlight turned harsh!</small><br></div><div class="spacer battle-history"><br></div><div class="battle-history">The opposing Starly used <strong>Roost</strong>!<br></div><div class="battle-history"><small>The opposing Starly had its HP restored.</small><br></div><div class="battle-history"><small>(The opposing Starly loses Flying type this turn.)</small><br></div><div class="spacer battle-history"><br></div><div class="battle-history"><small>(The sunlight is strong.)</small><br></div><div class="spacer battle-history"><br></div><h2 class="battle-history">Turn 16</h2><div class="spacer battle-history"><br></div><div class="battle-history">The opposing Starly used <strong>U-turn</strong>!<br></div><div class="battle-history"><small>(Sable lost <abbr title="−56/374">15.0%</abbr> of its health!)</small><br></div><div class="spacer battle-history"><br></div><div class="battle-history">The opposing Starly went back to KeroseneZanchu!<br></div><div class="battle-history">KeroseneZanchu sent out <strong>Boomblare</strong>!<br></div><div class="spacer battle-history"><br></div><div class="battle-history">Sable used <strong>Power Gem</strong>!<br></div><div class="battle-history"><small>(The opposing Boomblare lost 33% of its health!)</small><br></div><div class="spacer battle-history"><br></div><div class="battle-history">The opposing Boomblare fainted!<br></div><div class="spacer battle-history"><br></div><div class="battle-history"><small>(The sunlight is strong.)</small><br></div><div class="spacer battle-history"><br></div><div class="battle-history">KeroseneZanchu sent out Naganadel-Terrestr (<strong>Naganadel-Terrestrial</strong>)!<br></div><div class="chat"><ul class="utilichart"><li class="result"><span class="col pokemonnamecol" style="white-space: nowrap">Naganadel-Terrestrial</span> <span class="col typecol"><img src="https://dragonheaven.herokuapp.com/sprites/types/Bug.png" alt="Bug" height="14" width="32"><img src="https://dragonheaven.herokuapp.com/sprites/types/Dragon.png" alt="Dragon" height="14" width="32"></span> <span style="float: left ; min-height: 26px"><span class="col abilitycol">Regenerator / Beast Boost</span><span class="col abilitycol"></span></span></li><li style="clear: both"></li></ul></div><div class="chat"><ul class="utilichart"><li class="result"><span style="float: left ; min-height: 26px"><span class="col statcol"><em>HP</em><br>73</span> <span class="col statcol"><em>Atk</em><br>127</span> <span class="col statcol"><em>Def</em><br>73</span> <span class="col statcol"><em>SpA</em><br>127</span> <span class="col statcol"><em>SpD</em><br>73</span> <span class="col statcol"><em>Spe</em><br>67</span> </span></li><li style="clear: both"></li></ul></div><div class="battle-history"><small>(Naganadel-Terrestrial was created by KeroseneZanchu!)</small><br></div><div class="spacer battle-history"><br></div><h2 class="battle-history">Turn 17</h2><div class="spacer battle-history"><br></div><div class="battle-history">The opposing Naganadel-Terrestr used <strong>Draco Meteor</strong>!<br></div><div class="battle-history"><small>(Sable lost <abbr title="−58/374">15.5%</abbr> of its health!)</small><br></div><div class="battle-history"><small>The opposing Naganadel-Terrestr's Sp. Atk fell harshly!</small><br></div><div class="spacer battle-history"><br></div><div class="battle-history">Sable fainted!<br></div><div class="spacer battle-history"><br></div><div class="battle-history"><small>(The sunlight is strong.)</small><br></div><div class="spacer battle-history"><br></div><div class="battle-history">Go! Oreo (<strong>Tenoris</strong>)!<br></div><div class="spacer battle-history"><br></div><h2 class="battle-history">Turn 18</h2><div class="spacer battle-history"><br></div><div class="battle-history">KeroseneZanchu withdrew Naganadel-Terrestr!<br></div><div class="battle-history">KeroseneZanchu sent out <strong>Adourami</strong>!<br></div><div class="spacer battle-history"><br></div><div class="battle-history">Oreo used <strong>Draco Meteor</strong>!<br></div><div class="battle-history"><small>It doesn't affect the opposing Adourami...</small><br></div><div class="spacer battle-history"><br></div><div class="battle-history"><small>(The sunlight is strong.)</small><br></div><div class="battle-history"><small>Oreo restored a little HP using its Leftovers!</small><br></div><div class="spacer battle-history"><br></div><h2 class="battle-history">Turn 19</h2><div class="spacer battle-history"><br></div><div class="battle-history">Oreo, come back!<br></div><div class="battle-history">Go! Tomato (<strong>Drifblim-Variant</strong>)!<br></div><div class="spacer battle-history"><br></div><div class="battle-history">The opposing Adourami used <strong>Substitute</strong>!<br></div><div class="battle-history"><small>The opposing Adourami put in a substitute!</small><br></div><div class="battle-history"><small>(The opposing Adourami lost 25% of its health!)</small><br></div><div class="spacer battle-history"><br></div><div class="battle-history"><small>(The sunlight is strong.)</small><br></div><div class="spacer battle-history"><br></div><h2 class="battle-history">Turn 20</h2><div class="chat chatmessage-inkbug1 mine"><strong style="color:#e46e0f"><small>☆</small><span class="username" data-name="inkbug1">inkbug1</span>:</strong> <em>crap</em></div><div class="chat"><ul class="utilichart"><li class="result"><span class="col movenamecol"><a href="https://dex.pokemonshowdown.com/moves/strengthsap" target="_blank" rel="noopener">Strength Sap</a></span> <span class="col typecol"><img src="//dragonheaven.herokuapp.com/sprites/types/Grass.png" alt="Grass" width="32" height="14"><img src="//dragonheaven.herokuapp.com/sprites/categories/Status.png" alt="Status" width="32" height="14"></span> <span class="col widelabelcol"><em>Accuracy</em><br>100%</span> <span class="col pplabelcol"><em>PP</em><br>16</span> <span class="col movedesccol">User heals HP=target's Atk stat. Lowers Atk by 1.</span> </li><li style="clear: both"></li></ul></div><div class="chat"><font size="1"><font color="#686868">Priority:</font> 0&nbsp;|  <font color="#686868">Gen:</font> 7&nbsp;|  ✓ Bounceable&nbsp;|  <font color="#686868">Z-Effect:</font>  Defense +1&nbsp;|  <font color="#686868">Target:</font> One Adjacent Pokémon</font></div><div class="spacer battle-history"><br></div><div class="battle-history">Tomato, come back!<br></div><div class="battle-history">Go! Eloise (<strong>Tsareena</strong>)!<br></div><div class="spacer battle-history"><br></div><div class="battle-history">The opposing Adourami used <strong>Hydro Pump</strong>!<br></div><div class="battle-history"><small>It's not very effective...</small><br></div><div class="battle-history"><small>(Eloise lost <abbr title="−24/348">6.9%</abbr> of its health!)</small><br></div><div class="spacer battle-history"><br></div><div class="battle-history"><small>(The sunlight is strong.)</small><br></div><div class="spacer battle-history"><br></div><h2 class="battle-history">Turn 21</h2><div class="spacer battle-history"><br></div><div class="battle-history">The opposing Adourami used <strong>Draining Kiss</strong>!<br></div><div class="battle-history"><small>(Eloise lost <abbr title="−55/348">15.8%</abbr> of its health!)</small><br></div><div class="battle-history"><small>Eloise had its energy drained!</small><br></div><div class="spacer battle-history"><br></div><div class="battle-history">Eloise used <strong>Solar Blade</strong>!<br></div><div class="battle-history"><small>Eloise absorbed light!</small><br></div><div class="battle-history"><small>It's super effective!</small><br></div><div class="battle-history"><small>The opposing Adourami's substitute faded!</small><br></div><div class="spacer battle-history"><br></div><div class="battle-history"><small>(The sunlight is strong.)</small><br></div><div class="spacer battle-history"><br></div><h2 class="battle-history">Turn 22</h2><div class="spacer battle-history"><br></div><div class="battle-history">The opposing Adourami used <strong>Dazzling Gleam</strong>!<br></div><div class="battle-history"><small>(Eloise lost <abbr title="−59/348">17.0%</abbr> of its health!)</small><br></div><div class="spacer battle-history"><br></div><div class="battle-history">Eloise fainted!<br></div><div class="battle-history">[The opposing Adourami's Soul-Heart]<br></div><div class="battle-history"><small>The opposing Adourami's Sp. Atk rose!</small><br></div><div class="spacer battle-history"><br></div><div class="battle-history"><small>The harsh sunlight faded.</small><br></div><div class="chat chatmessage-inkbug1 mine"><strong style="color:#e46e0f"><small>☆</small><span class="username" data-name="inkbug1">inkbug1</span>:</strong> <em>my SUN </em></div><div class="chat chatmessage-inkbug1 mine"><strong style="color:#e46e0f"><small>☆</small><span class="username" data-name="inkbug1">inkbug1</span>:</strong> <em>gg</em></div><div class="spacer battle-history"><br></div><div class="battle-history">Go! Tomato (<strong>Drifblim-Variant</strong>)!<br></div><div class="spacer battle-history"><br></div><h2 class="battle-history">Turn 23</h2><div class="spacer battle-history"><br></div><div class="battle-history">The opposing Adourami used <strong>Substitute</strong>!<br></div><div class="battle-history"><small>The opposing Adourami put in a substitute!</small><br></div><div class="battle-history"><small>(The opposing Adourami lost 25% of its health!)</small><br></div><div class="spacer battle-history"><br></div><div class="battle-history">Tomato used <strong>Solar Beam</strong>!<br></div><div class="battle-history"><small>Tomato absorbed light!</small><br></div><div class="spacer battle-history"><br></div><h2 class="battle-history">Turn 24</h2><div class="chat chatmessage-kerosenezanchu"><strong style="color:#4094b0"><small>☆</small><span class="username" data-name="KeroseneZanchu">KeroseneZanchu</span>:</strong> <em>gg</em></div><div class="spacer battle-history"><br></div><div class="battle-history">The opposing Adourami used <strong>Hydro Pump</strong>!<br></div><div class="battle-history"><small>Tomato avoided the attack!</small><br></div><div class="spacer battle-history"><br></div><div class="battle-history">Tomato used <strong>Solar Beam</strong>!<br></div><div class="battle-history"><small>It's super effective!</small><br></div><div class="battle-history"><small>The opposing Adourami's substitute faded!</small><br></div><div class="spacer battle-history"><br></div><h2 class="battle-history">Turn 25</h2><div class="chat chatmessage-kerosenezanchu"><strong style="color:#4094b0"><small>☆</small><span class="username" data-name="KeroseneZanchu">KeroseneZanchu</span>:</strong> <em>rude</em></div><div class="chat chatmessage-kerosenezanchu"><strong style="color:#4094b0"><small>☆</small><span class="username" data-name="KeroseneZanchu">KeroseneZanchu</span>:</strong> <em>lol</em></div><div class="spacer battle-history"><br></div><div class="battle-history">The opposing Adourami used <strong>Hydro Pump</strong>!<br></div><div class="battle-history"><small>Tomato avoided the attack!</small><br></div><div class="spacer battle-history"><br></div><div class="battle-history">Tomato used <strong>Strength Sap</strong>!<br></div><div class="battle-history"><small>The opposing Adourami's Attack fell!</small><br></div><div class="battle-history"><small>Tomato had its HP restored.</small><br></div><div class="spacer battle-history"><br></div><h2 class="battle-history">Turn 26</h2><div class="chat chatmessage-inkbug1 mine"><strong style="color:#e46e0f"><small>☆</small><span class="username" data-name="inkbug1">inkbug1</span>:</strong> <em>hhmgsdjg</em></div><div class="chat chatmessage-kerosenezanchu"><strong style="color:#4094b0"><small>☆</small><span class="username" data-name="KeroseneZanchu">KeroseneZanchu</span>:</strong> <em>LMAO</em></div><div class="spacer battle-history"><br></div><div class="battle-history">The opposing Adourami used <strong>Substitute</strong>!<br></div><div class="battle-history"><small>The opposing Adourami put in a substitute!</small><br></div><div class="battle-history"><small>(The opposing Adourami lost 25% of its health!)</small><br></div><div class="spacer battle-history"><br></div><div class="battle-history">Tomato used <strong>Mind Blown</strong>!<br></div><div class="battle-history"><small>It's not very effective...</small><br></div><div class="battle-history"><small>The opposing Adourami's substitute faded!</small><br></div><div class="battle-history"><small>(Tomato cut its own HP to power up its move!)</small><br></div><div class="battle-history">[Tomato's Emergency Exit]<br></div><div class="spacer battle-history"><br></div><div class="battle-history">Tomato, come back!<br></div><div class="battle-history">Go! Carpenter (<strong>Naganadel-Terrestrial</strong>)!<br></div><div class="spacer battle-history"><br></div><h2 class="battle-history">Turn 27</h2><div class="spacer battle-history"><br></div><div class="battle-history">The opposing Adourami used <strong>Draining Kiss</strong>!<br></div><div class="battle-history"><small>It's super effective!</small><br></div><div class="battle-history"><small>(Carpenter lost <abbr title="−287/287">100%</abbr> of its health!)</small><br></div><div class="battle-history"><small>Carpenter had its energy drained!</small><br></div><div class="spacer battle-history"><br></div><div class="battle-history">Carpenter fainted!<br></div><div class="battle-history">[The opposing Adourami's Soul-Heart]<br></div><div class="battle-history"><small>The opposing Adourami's Sp. Atk rose!</small><br></div><div class="chat chatmessage-kerosenezanchu"><strong style="color:#4094b0"><small>☆</small><span class="username" data-name="KeroseneZanchu">KeroseneZanchu</span>:</strong> <em>sluuuuuurp</em></div><div class="chat chatmessage-inkbug1 mine"><strong style="color:#e46e0f"><small>☆</small><span class="username" data-name="inkbug1">inkbug1</span>:</strong> <em>yea fair</em></div><div class="spacer battle-history"><br></div><div class="battle-history">Go! Tomato (<strong>Drifblim-Variant</strong>)!<br></div><div class="spacer battle-history"><br></div><h2 class="battle-history">Turn 28</h2><div class="spacer battle-history"><br></div><div class="battle-history">The opposing Adourami used <strong>Draining Kiss</strong>!<br></div><div class="battle-history"><small>It's not very effective...</small><br></div><div class="battle-history"><small>(Tomato lost <abbr title="−8/421">1.9%</abbr> of its health!)</small><br></div><div class="spacer battle-history"><br></div><div class="battle-history">Tomato fainted!<br></div><div class="battle-history">[The opposing Adourami's Soul-Heart]<br></div><div class="battle-history"><small>The opposing Adourami's Sp. Atk rose!</small><br></div><div class="spacer battle-history"><br></div><div class="battle-history">Go! Oreo (<strong>Tenoris</strong>)!<br></div><div class="spacer battle-history"><br></div><h2 class="battle-history">Turn 29</h2><div class="chat chatmessage-kerosenezanchu"><strong style="color:#4094b0"><small>☆</small><span class="username" data-name="KeroseneZanchu">KeroseneZanchu</span>:</strong> <em>pixie plate my beloved</em></div><div class="spacer battle-history"><br></div><div class="battle-history">The opposing Adourami used <strong>Draining Kiss</strong>!<br></div><div class="battle-history"><small>It's super effective!</small><br></div><div class="battle-history"><small>(Oreo lost <abbr title="−350/354">98.9%</abbr> of its health!)</small><br></div><div class="spacer battle-history"><br></div><div class="battle-history">Oreo fainted!<br></div><div class="spacer battle-history"><br></div><div class="battle-history"><strong>KeroseneZanchu</strong> won the battle!<br></div><div class="chat chatmessage-kerosenezanchu"><strong style="color:#4094b0"><small>☆</small><span class="username" data-name="KeroseneZanchu">KeroseneZanchu</span>:</strong> <em>gg</em></div><div class="chat chatmessage-inkbug1 mine"><strong style="color:#e46e0f"><small>☆</small><span class="username" data-name="inkbug1">inkbug1</span>:</strong> <em>gg </em></div></div><div class="inner-preempt message-log"></div></div></div>
</div>
<script>
let daily = Math.floor(Date.now()/1000/60/60/24);document.write('<script src="https://dragonheaven.herokuapp.com/js/replay-embed.js?version'+daily+'"></'+'script>');
</script>
