<!DOCTYPE html>
<meta charset="utf-8" />
<!-- version 1 -->
<title>[Gen 8] Evolution Project replay: inkbug1 vs. H2OPulse</title>
<style>
html,body {font-family:Verdana, sans-serif;font-size:10pt;margin:0;padding:0;}body{padding:12px 0;} .battle-log {font-family:Verdana, sans-serif;font-size:10pt;} .battle-log-inline {border:1px solid #AAAAAA;background:#EEF2F5;color:black;max-width:640px;margin:0 auto 80px;padding-bottom:5px;} .battle-log .inner {padding:4px 8px 0px 8px;} .battle-log .inner-preempt {padding:0 8px 4px 8px;} .battle-log .inner-after {margin-top:0.5em;} .battle-log h2 {margin:0.5em -8px;padding:4px 8px;border:1px solid #AAAAAA;background:#E0E7EA;border-left:0;border-right:0;font-family:Verdana, sans-serif;font-size:13pt;} .battle-log .chat {vertical-align:middle;padding:3px 0 3px 0;font-size:8pt;} .battle-log .chat strong {color:#40576A;} .battle-log .chat em {padding:1px 4px 1px 3px;color:#000000;font-style:normal;} .chat.mine {background:rgba(0,0,0,0.05);margin-left:-8px;margin-right:-8px;padding-left:8px;padding-right:8px;} .spoiler {color:#BBBBBB;background:#BBBBBB;padding:0px 3px;} .spoiler:hover, .spoiler:active, .spoiler-shown {color:#000000;background:#E2E2E2;padding:0px 3px;} .spoiler a {color:#BBBBBB;} .spoiler:hover a, .spoiler:active a, .spoiler-shown a {color:#2288CC;} .chat code, .chat .spoiler:hover code, .chat .spoiler:active code, .chat .spoiler-shown code {border:1px solid #C0C0C0;background:#EEEEEE;color:black;padding:0 2px;} .chat .spoiler code {border:1px solid #CCCCCC;background:#CCCCCC;color:#CCCCCC;} .battle-log .rated {padding:3px 4px;} .battle-log .rated strong {color:white;background:#89A;padding:1px 4px;border-radius:4px;} .spacer {margin-top:0.5em;} .message-announce {background:#6688AA;color:white;padding:1px 4px 2px;} .message-announce a, .broadcast-green a, .broadcast-blue a, .broadcast-red a {color:#DDEEFF;} .broadcast-green {background-color:#559955;color:white;padding:2px 4px;} .broadcast-blue {background-color:#6688AA;color:white;padding:2px 4px;} .infobox {border:1px solid #6688AA;padding:2px 4px;} .infobox-limited {max-height:200px;overflow:auto;overflow-x:hidden;} .broadcast-red {background-color:#AA5544;color:white;padding:2px 4px;} .message-learn-canlearn {font-weight:bold;color:#228822;text-decoration:underline;} .message-learn-cannotlearn {font-weight:bold;color:#CC2222;text-decoration:underline;} .message-effect-weak {font-weight:bold;color:#CC2222;} .message-effect-resist {font-weight:bold;color:#6688AA;} .message-effect-immune {font-weight:bold;color:#666666;} .message-learn-list {margin-top:0;margin-bottom:0;} .message-throttle-notice, .message-error {color:#992222;} .message-overflow, .chat small.message-overflow {font-size:0pt;} .message-overflow::before {font-size:9pt;content:'...';} .subtle {color:#3A4A66;}
</style>
<div class="wrapper replay-wrapper" style="max-width:1180px;margin:0 auto">
<input type="hidden" name="replayid" value="dragonheaven-gen8evolutionproject-52" />
<div class="battle"></div><div class="battle-log"></div><div class="replay-controls"></div><div class="replay-controls-2"></div>
<h1 style="font-weight:normal;text-align:center"><strong>[Gen 8] Evolution Project</strong><br /><a href="http://pokemonshowdown.com/users/inkbug1" class="subtle" target="_blank">inkbug1</a> vs. <a href="http://pokemonshowdown.com/users/h2opulse" class="subtle" target="_blank">H2OPulse</a></h1>
<script type="text/plain" class="battle-log-data">|j|☆inkbug1

|j|☆H2OPulse
|t:|1658358491
|player|p1|inkbug1|emmet|
|player|p2|H2OPulse|aetherfoundation|
|teamsize|p1|6
|teamsize|p2|6
|gametype|singles
|gen|8
|tier|[Gen 8] Evolution Project
|clearpoke
|poke|p1|Excadrill-Hisui, F|
|poke|p1|Slurpuff-Variant, M|
|poke|p1|Froslass, F|
|poke|p1|Curski, M|
|poke|p1|Aromatisse, M|
|poke|p1|Freedling, F|
|poke|p2|Orbeetle-Variant, M|
|poke|p2|Shiinotic-Kalos, F|
|poke|p2|Klefki-Galar, F|
|poke|p2|Vaporeon, F|
|poke|p2|Noivern-Variant, M|
|poke|p2|Resurrectric, M|
|rule|HP Percentage Mod: HP is shown in percentages
|rule|Endless Battle Clause: Forcing endless battles is banned
|rule|OHKO Clause: OHKO moves are banned
|rule|Evasion Moves Clause: Evasion moves are banned
|rule|Species Clause: Limit one of each Pokémon
|rule|Dynamax Clause: You cannot dynamax
|rule|Sleep Clause Mod: Limit one foe put to sleep
|rule|Z-Move Clause: Type-based Z-Moves are banned
|teampreview
|c|☆inkbug1|the fucking mdhfgmdfhgjdfdkfgdfgmdhfmjgd
|c|☆H2OPulse|C u r s k i 
|c|☆inkbug1|gl hf
|c|☆H2OPulse|Good luck and have fun : D
|
|t:|1658358522
|start
|switch|p1a: Eve|Froslass, F|344\/344
|switch|p2a: Snakey|Orbeetle-Variant, M|100\/100
|-start|p2a: Snakey|typechange|Bug\/Electric|[silent]
|raw|<ul class="utilichart"><li class="result"><span class="col pokemonnamecol" style="white-space: nowrap">Orbeetle-Variant<\/span> <span class="col typecol"><img src="https:\/\/dragonheaven.herokuapp.com\/sprites\/types\/Bug.png" alt="Bug" height="14" width="32"><img src="https:\/\/dragonheaven.herokuapp.com\/sprites\/types\/Electric.png" alt="Electric" height="14" width="32"><\/span> <span style="float: left ; min-height: 26px"><span class="col abilitycol">Swarm \/ Frisk \/ Cotton Down<\/span><span class="col abilitycol"><\/span><\/span><\/li><li style="clear: both"><\/li><\/ul>
|raw|<ul class="utilichart"><li class="result"><span style="float: left ; min-height: 26px"><span class="col statcol"><em>HP<\/em><br>60<\/span> <span class="col statcol"><em>Atk<\/em><br>45<\/span> <span class="col statcol"><em>Def<\/em><br>110<\/span> <span class="col statcol"><em>SpA<\/em><br>120<\/span> <span class="col statcol"><em>SpD<\/em><br>80<\/span> <span class="col statcol"><em>Spe<\/em><br>90<\/span> <\/span><\/li><li style="clear: both"><\/li><\/ul>
|-hint|Orbeetle-Variant was created by Magmajudis!
|turn|1
|
|t:|1658358530
|move|p1a: Eve|Spikes|p2a: Snakey
|-sidestart|p2: H2OPulse|Spikes
|move|p2a: Snakey|Sticky Web|p1a: Eve
|-sidestart|p1: inkbug1|move: Sticky Web
|
|upkeep
|turn|2
|
|t:|1658358533
|move|p1a: Eve|Spikes|p2a: Snakey
|-sidestart|p2: H2OPulse|Spikes
|move|p2a: Snakey|U-turn|p1a: Eve
|-resisted|p1a: Eve
|-damage|p1a: Eve|319\/344
|
|t:|1658358538
|switch|p2a: Pandorea|Klefki-Galar, F|100\/100|[from]move: U-turn
|-start|p2a: Pandorea|typechange|Steel\/Dark|[silent]
|raw|<ul class="utilichart"><li class="result"><span class="col pokemonnamecol" style="white-space: nowrap">Klefki-Galar<\/span> <span class="col typecol"><img src="https:\/\/dragonheaven.herokuapp.com\/sprites\/types\/Steel.png" alt="Steel" height="14" width="32"><img src="https:\/\/dragonheaven.herokuapp.com\/sprites\/types\/Dark.png" alt="Dark" height="14" width="32"><\/span> <span style="float: left ; min-height: 26px"><span class="col abilitycol">Hunger Switch<\/span><span class="col abilitycol"><\/span><\/span><\/li><li style="clear: both"><\/li><\/ul>
|raw|<ul class="utilichart"><li class="result"><span style="float: left ; min-height: 26px"><span class="col statcol"><em>HP<\/em><br>57<\/span> <span class="col statcol"><em>Atk<\/em><br>60<\/span> <span class="col statcol"><em>Def<\/em><br>106<\/span> <span class="col statcol"><em>SpA<\/em><br>70<\/span> <span class="col statcol"><em>SpD<\/em><br>87<\/span> <span class="col statcol"><em>Spe<\/em><br>90<\/span> <\/span><\/li><li style="clear: both"><\/li><\/ul>
|-hint|Klefki-Galar was created by Albatross!
|-damage|p2a: Pandorea|84\/100|[from] Spikes
|
|-heal|p2a: Pandorea|90\/100|[from] item: Leftovers
|-formechange|p2a: Pandorea|Klefki-Galar-Revealed||[from] ability: Hunger Switch
|-start|p2a: Pandorea|typechange|Fairy\/Dark|[silent]
|-message|Pandorea changed to Revealed Mode!
|raw|<ul class="utilichart"><li class="result"><span class="col pokemonnamecol" style="white-space: nowrap">Klefki-Galar-Revealed<\/span> <span class="col typecol"><img src="https:\/\/dragonheaven.herokuapp.com\/sprites\/types\/Fairy.png" alt="Fairy" height="14" width="32"><img src="https:\/\/dragonheaven.herokuapp.com\/sprites\/types\/Dark.png" alt="Dark" height="14" width="32"><\/span> <span style="float: left ; min-height: 26px"><span class="col abilitycol">Hunger Switch<\/span><span class="col abilitycol"><\/span><\/span><span style="float: left ; min-height: 26px"><span class="col statcol"><em>HP<\/em><br>57<\/span> <span class="col statcol"><em>Atk<\/em><br>116<\/span> <span class="col statcol"><em>Def<\/em><br>50<\/span> <span class="col statcol"><em>SpA<\/em><br>70<\/span> <span class="col statcol"><em>SpD<\/em><br>87<\/span> <span class="col statcol"><em>Spe<\/em><br>90<\/span> <\/span><\/li><li style="clear: both"><\/li><\/ul>
|upkeep
|turn|3
|
|t:|1658358548
|switch|p1a: Stumptown|Freedling, F|383\/383
|-start|p1a: Stumptown|typechange|Grass|[silent]
|raw|<ul class="utilichart"><li class="result"><span class="col pokemonnamecol" style="white-space: nowrap">Freedling<\/span> <span class="col typecol"><img src="https:\/\/dragonheaven.herokuapp.com\/sprites\/types\/Grass.png" alt="Grass" height="14" width="32"><\/span> <span style="float: left ; min-height: 26px"><span class="col abilitycol">Natural Cure \/ Sticky Hold \/ Gooey<\/span><span class="col abilitycol"><\/span><\/span><\/li><li style="clear: both"><\/li><\/ul>
|raw|<ul class="utilichart"><li class="result"><span style="float: left ; min-height: 26px"><span class="col statcol"><em>HP<\/em><br>90<\/span> <span class="col statcol"><em>Atk<\/em><br>110<\/span> <span class="col statcol"><em>Def<\/em><br>106<\/span> <span class="col statcol"><em>SpA<\/em><br>65<\/span> <span class="col statcol"><em>SpD<\/em><br>92<\/span> <span class="col statcol"><em>Spe<\/em><br>73<\/span> <\/span><\/li><li style="clear: both"><\/li><\/ul>
|-hint|Freedling was created by ausma!
|-activate|p1a: Stumptown|move: Sticky Web
|-unboost|p1a: Stumptown|spe|1
|move|p2a: Pandorea|Knock Off|p1a: Stumptown
|-damage|p1a: Stumptown|250\/383
|-damage|p2a: Pandorea|74\/100|[from] item: Rocky Helmet|[of] p1a: Stumptown
|-activate|p1a: Stumptown|ability: Sticky Hold
|
|-heal|p2a: Pandorea|80\/100|[from] item: Leftovers
|-formechange|p2a: Pandorea|Klefki-Galar||[from] ability: Hunger Switch
|-start|p2a: Pandorea|typechange|Steel\/Dark|[silent]
|-message|Pandorea changed to Lure Mode!
|upkeep
|turn|4
|
|t:|1658358562
|move|p2a: Pandorea|Protect|p2a: Pandorea
|-singleturn|p2a: Pandorea|Protect
|move|p1a: Stumptown|Leech Seed|p2a: Pandorea
|-activate|p2a: Pandorea|move: Protect
|
|-heal|p2a: Pandorea|86\/100|[from] item: Leftovers
|-formechange|p2a: Pandorea|Klefki-Galar-Revealed||[from] ability: Hunger Switch
|-start|p2a: Pandorea|typechange|Fairy\/Dark|[silent]
|-message|Pandorea changed to Revealed Mode!
|upkeep
|turn|5
|
|t:|1658358571
|move|p2a: Pandorea|Swords Dance|p2a: Pandorea
|-boost|p2a: Pandorea|atk|2
|move|p1a: Stumptown|Leech Seed|p2a: Pandorea
|-start|p2a: Pandorea|move: Leech Seed
|
|-heal|p2a: Pandorea|92\/100|[from] item: Leftovers
|-damage|p2a: Pandorea|80\/100|[from] Leech Seed|[of] p1a: Stumptown
|-heal|p1a: Stumptown|288\/383|[silent]
|-formechange|p2a: Pandorea|Klefki-Galar||[from] ability: Hunger Switch
|-start|p2a: Pandorea|typechange|Steel\/Dark|[silent]
|-message|Pandorea changed to Lure Mode!
|upkeep
|turn|6
|
|t:|1658358582
|move|p2a: Pandorea|Swords Dance|p2a: Pandorea
|-boost|p2a: Pandorea|atk|2
|move|p1a: Stumptown|Curse|p1a: Stumptown
|-unboost|p1a: Stumptown|spe|1
|-boost|p1a: Stumptown|atk|1
|-boost|p1a: Stumptown|def|1
|
|-heal|p2a: Pandorea|86\/100|[from] item: Leftovers
|-damage|p2a: Pandorea|74\/100|[from] Leech Seed|[of] p1a: Stumptown
|-heal|p1a: Stumptown|326\/383|[silent]
|-formechange|p2a: Pandorea|Klefki-Galar-Revealed||[from] ability: Hunger Switch
|-start|p2a: Pandorea|typechange|Fairy\/Dark|[silent]
|-message|Pandorea changed to Revealed Mode!
|upkeep
|turn|7
|
|t:|1658358594
|move|p2a: Pandorea|Knock Off|p1a: Stumptown
|-damage|p1a: Stumptown|71\/383
|-damage|p2a: Pandorea|57\/100|[from] item: Rocky Helmet|[of] p1a: Stumptown
|-activate|p1a: Stumptown|ability: Sticky Hold
|move|p1a: Stumptown|Horn Leech|p2a: Pandorea
|-damage|p2a: Pandorea|0 fnt
|-heal|p1a: Stumptown|159\/383|[from] drain|[of] p2a: Pandorea
|faint|p2a: Pandorea
|
|upkeep
|c|☆H2OPulse|Fair
|
|t:|1658358602
|switch|p2a: Snakey|Orbeetle-Variant, M|100\/100
|-start|p2a: Snakey|typechange|Bug\/Electric|[silent]
|turn|8
|
|t:|1658358622
|switch|p1a: Sam|Excadrill-Hisui, F|361\/361
|-activate|p1a: Sam|move: Sticky Web
|-unboost|p1a: Sam|spe|1
|-start|p1a: Sam|typechange|Ground\/Normal|[silent]
|raw|<ul class="utilichart"><li class="result"><span class="col pokemonnamecol" style="white-space: nowrap">Excadrill-Hisui<\/span> <span class="col typecol"><img src="https:\/\/dragonheaven.herokuapp.com\/sprites\/types\/Ground.png" alt="Ground" height="14" width="32"><img src="https:\/\/dragonheaven.herokuapp.com\/sprites\/types\/Normal.png" alt="Normal" height="14" width="32"><\/span> <span style="float: left ; min-height: 26px"><span class="col abilitycol">Centrifuge \/ Sand Force \/ Technician<\/span><span class="col abilitycol"><\/span><\/span><\/li><li style="clear: both"><\/li><\/ul>
|raw|<ul class="utilichart"><li class="result"><span style="float: left ; min-height: 26px"><span class="col statcol"><em>HP<\/em><br>110<\/span> <span class="col statcol"><em>Atk<\/em><br>135<\/span> <span class="col statcol"><em>Def<\/em><br>60<\/span> <span class="col statcol"><em>SpA<\/em><br>50<\/span> <span class="col statcol"><em>SpD<\/em><br>65<\/span> <span class="col statcol"><em>Spe<\/em><br>88<\/span> <\/span><\/li><li style="clear: both"><\/li><\/ul>
|-hint|Excadrill-Hisui was created by ausma!
|move|p2a: Snakey|Bug Buzz|p1a: Sam
|-damage|p1a: Sam|229\/361
|
|upkeep
|turn|9
|
|t:|1658358632
|move|p2a: Snakey|Bug Buzz|p1a: Sam
|-damage|p1a: Sam|102\/361
|move|p1a: Sam|Rapid Spin|p2a: Snakey
|-damage|p2a: Snakey|73\/100
|-boost|p1a: Sam|spe|1
|-ability|p2a: Snakey|Cotton Down
|-unboost|p1a: Sam|spe|1
|-sideend|p1: inkbug1|Sticky Web|[from] move: Rapid Spin|[of] p1a: Sam
|
|upkeep
|turn|10
|
|t:|1658358642
|switch|p1a: Frappuccino|Slurpuff-Variant, M|305\/305
|-start|p1a: Frappuccino|typechange|Poison|[silent]
|raw|<ul class="utilichart"><li class="result"><span class="col pokemonnamecol" style="white-space: nowrap">Slurpuff-Variant<\/span> <span class="col typecol"><img src="https:\/\/dragonheaven.herokuapp.com\/sprites\/types\/Poison.png" alt="Poison" height="14" width="32"><\/span> <span style="float: left ; min-height: 26px"><span class="col abilitycol">Sticky Hold \/ Unburden<\/span><span class="col abilitycol"><\/span><\/span><\/li><li style="clear: both"><\/li><\/ul>
|raw|<ul class="utilichart"><li class="result"><span style="float: left ; min-height: 26px"><span class="col statcol"><em>HP<\/em><br>82<\/span> <span class="col statcol"><em>Atk<\/em><br>80<\/span> <span class="col statcol"><em>Def<\/em><br>86<\/span> <span class="col statcol"><em>SpA<\/em><br>85<\/span> <span class="col statcol"><em>SpD<\/em><br>75<\/span> <span class="col statcol"><em>Spe<\/em><br>72<\/span> <\/span><\/li><li style="clear: both"><\/li><\/ul>
|-hint|Slurpuff-Variant was created by abismal!
|move|p2a: Snakey|Bug Buzz|p1a: Frappuccino
|-resisted|p1a: Frappuccino
|-damage|p1a: Frappuccino|221\/305
|
|upkeep
|turn|11
|c|☆H2OPulse|fear
|c|☆H2OPulse|uh
|c|☆H2OPulse|hm
|
|t:|1658358669
|move|p1a: Frappuccino|Calm Mind|p1a: Frappuccino
|-boost|p1a: Frappuccino|spa|1
|-boost|p1a: Frappuccino|spd|1
|move|p2a: Snakey|U-turn|p1a: Frappuccino
|-resisted|p1a: Frappuccino
|-damage|p1a: Frappuccino|199\/305
|
|t:|1658358677
|switch|p2a: Zantedeschia|Resurrectric, M|100\/100|[from]move: U-turn
|-start|p2a: Zantedeschia|typechange|Ground\/Electric|[silent]
|raw|<ul class="utilichart"><li class="result"><span class="col pokemonnamecol" style="white-space: nowrap">Resurrectric<\/span> <span class="col typecol"><img src="https:\/\/dragonheaven.herokuapp.com\/sprites\/types\/Ground.png" alt="Ground" height="14" width="32"><img src="https:\/\/dragonheaven.herokuapp.com\/sprites\/types\/Electric.png" alt="Electric" height="14" width="32"><\/span> <span style="float: left ; min-height: 26px"><span class="col abilitycol">Inner Focus \/ Lightning Rod \/ Battle Armor<\/span><span class="col abilitycol"><\/span><\/span><\/li><li style="clear: both"><\/li><\/ul>
|raw|<ul class="utilichart"><li class="result"><span style="float: left ; min-height: 26px"><span class="col statcol"><em>HP<\/em><br>80<\/span> <span class="col statcol"><em>Atk<\/em><br>60<\/span> <span class="col statcol"><em>Def<\/em><br>130<\/span> <span class="col statcol"><em>SpA<\/em><br>90<\/span> <span class="col statcol"><em>SpD<\/em><br>80<\/span> <span class="col statcol"><em>Spe<\/em><br>45<\/span> <\/span><\/li><li style="clear: both"><\/li><\/ul>
|-hint|Resurrectric was created by Hematite!
|-damage|p2a: Zantedeschia|84\/100|[from] Spikes
|
|upkeep
|turn|12
|
|t:|1658358685
|move|p1a: Frappuccino|Stuff Cheeks|p1a: Frappuccino
|-enditem|p1a: Frappuccino|Petaya Berry|[eat]
|-boost|p1a: Frappuccino|spa|1|[from] item: Petaya Berry
|-boost|p1a: Frappuccino|def|2
|move|p2a: Zantedeschia|Ice Beam|p1a: Frappuccino
|-damage|p1a: Frappuccino|148\/305
|
|upkeep
|turn|13
|c|☆H2OPulse|Fair I wasn't sure if Hisuidrill was Centrifuge
|c|☆H2OPulse|Please live one Zante--
|c|☆inkbug1|idk what even does more here
|c|☆H2OPulse|Resisted Belch and 90 BP neutral coverage are equal but Belch can miss
|c|☆inkbug1|right
|
|t:|1658358772
|move|p1a: Frappuccino|Flamethrower|p2a: Zantedeschia
|-damage|p2a: Zantedeschia|35\/100
|-status|p2a: Zantedeschia|brn
|move|p2a: Zantedeschia|Earthquake|p1a: Frappuccino
|-supereffective|p1a: Frappuccino
|-damage|p1a: Frappuccino|39\/305
|
|-damage|p2a: Zantedeschia|29\/100 brn|[from] brn
|upkeep
|turn|14
|c|☆inkbug1|TEHKWJERHTWERT
|c|☆H2OPulse|HAHA
|c|☆inkbug1|WHY 
|c|☆inkbug1|tht was so unearned
|c|☆H2OPulse|Kshdjfkf
|c|☆H2OPulse|Reasonable chance I just lose now but--
|c|☆inkbug1|ohr ight this reminds me
|
|t:|1658358821
|move|p1a: Frappuccino|Flamethrower|p2a: Zantedeschia
|-damage|p2a: Zantedeschia|0 fnt
|faint|p2a: Zantedeschia
|
|upkeep
|
|t:|1658358824
|switch|p2a: Cattail|Vaporeon, F|100\/100
|-damage|p2a: Cattail|84\/100|[from] Spikes
|turn|15
|c|☆inkbug1|i was thinking about 
|c|☆inkbug1|like
|c|☆inkbug1|fairytale poison apple + candy apple + etc would be a really fun train of thought for this one
|c|☆H2OPulse|Oooooo
|
|t:|1658358889
|move|p1a: Frappuccino|Calm Mind|p1a: Frappuccino
|-boost|p1a: Frappuccino|spa|1
|-boost|p1a: Frappuccino|spd|1
|move|p2a: Cattail|Flip Turn|p1a: Frappuccino
|-damage|p1a: Frappuccino|8\/305
|c|☆H2OPulse|no--
|
|t:|1658358923
|switch|p2a: Mango|Noivern-Variant, M|100\/100|[from]move: Flip Turn
|-start|p2a: Mango|typechange|Fighting\/Dragon|[silent]
|raw|<ul class="utilichart"><li class="result"><span class="col pokemonnamecol" style="white-space: nowrap">Noivern-Variant<\/span> <span class="col typecol"><img src="https:\/\/dragonheaven.herokuapp.com\/sprites\/types\/Fighting.png" alt="Fighting" height="14" width="32"><img src="https:\/\/dragonheaven.herokuapp.com\/sprites\/types\/Dragon.png" alt="Dragon" height="14" width="32"><\/span> <span style="float: left ; min-height: 26px"><span class="col abilitycol">Levitate<\/span><span class="col abilitycol"><\/span><\/span><\/li><li style="clear: both"><\/li><\/ul>
|raw|<ul class="utilichart"><li class="result"><span style="float: left ; min-height: 26px"><span class="col statcol"><em>HP<\/em><br>95<\/span> <span class="col statcol"><em>Atk<\/em><br>70<\/span> <span class="col statcol"><em>Def<\/em><br>80<\/span> <span class="col statcol"><em>SpA<\/em><br>97<\/span> <span class="col statcol"><em>SpD<\/em><br>80<\/span> <span class="col statcol"><em>Spe<\/em><br>113<\/span> <\/span><\/li><li style="clear: both"><\/li><\/ul>
|-hint|Noivern-Variant was created by Hematite!
|
|upkeep
|turn|16
|
|t:|1658358936
|move|p1a: Frappuccino|Belch|p2a: Mango
|-damage|p2a: Mango|0 fnt
|faint|p2a: Mango
|
|upkeep
|c|☆inkbug1|whe e e e gmdhfgdmfh
|
|t:|1658358944
|switch|p2a: Snakey|Orbeetle-Variant, M|73\/100
|-start|p2a: Snakey|typechange|Bug\/Electric|[silent]
|turn|17
|c|☆H2OPulse|WAIT I COULD HAVE
|c|☆H2OPulse|I am stupid
|c|☆inkbug1|yeah snakey into mango woul dhave outsped i think 
|c|☆H2OPulse|I would not have won but I would have done the 2%
|
|t:|1658358986
|move|p1a: Frappuccino|Flamethrower|p2a: Snakey
|-supereffective|p2a: Snakey
|-damage|p2a: Snakey|0 fnt
|-ability|p2a: Snakey|Cotton Down
|-unboost|p1a: Frappuccino|spe|1
|faint|p2a: Snakey
|
|upkeep
|
|t:|1658358990
|switch|p2a: Cattail|Vaporeon, F|84\/100
|-damage|p2a: Cattail|67\/100|[from] Spikes
|turn|18
|
|t:|1658358997
|move|p1a: Frappuccino|Belch|p2a: Cattail|[miss]
|-miss|p1a: Frappuccino|p2a: Cattail
|move|p2a: Cattail|Flip Turn|p1a: Frappuccino
|-damage|p1a: Frappuccino|0 fnt
|faint|p1a: Frappuccino
|c|☆H2OPulse|HMDMFJ
|c|☆inkbug1|ASDFASDfa sdfkajsdhf asd you know what! fair
|
|t:|1658359011
|switch|p2a: Foxfire|Shiinotic-Kalos, F|100\/100|[from]move: Flip Turn
|-damage|p2a: Foxfire|84\/100|[from] Spikes
|-start|p2a: Foxfire|typechange|Poison\/Fairy|[silent]
|raw|<ul class="utilichart"><li class="result"><span class="col pokemonnamecol" style="white-space: nowrap">Shiinotic-Kalos<\/span> <span class="col typecol"><img src="https:\/\/dragonheaven.herokuapp.com\/sprites\/types\/Poison.png" alt="Poison" height="14" width="32"><img src="https:\/\/dragonheaven.herokuapp.com\/sprites\/types\/Fairy.png" alt="Fairy" height="14" width="32"><\/span> <span style="float: left ; min-height: 26px"><span class="col abilitycol">Illuminate \/ Effect Spore \/ Technician<\/span><span class="col abilitycol"><\/span><\/span><\/li><li style="clear: both"><\/li><\/ul>
|raw|<ul class="utilichart"><li class="result"><span style="float: left ; min-height: 26px"><span class="col statcol"><em>HP<\/em><br>60<\/span> <span class="col statcol"><em>Atk<\/em><br>61<\/span> <span class="col statcol"><em>Def<\/em><br>60<\/span> <span class="col statcol"><em>SpA<\/em><br>90<\/span> <span class="col statcol"><em>SpD<\/em><br>80<\/span> <span class="col statcol"><em>Spe<\/em><br>54<\/span> <\/span><\/li><li style="clear: both"><\/li><\/ul>
|-hint|Shiinotic-Kalos was created by Hematite!
|
|-heal|p2a: Foxfire|90\/100|[from] item: Black Sludge
|upkeep
|
|t:|1658359026
|switch|p1a: Sam|Excadrill-Hisui, F|102\/361
|-start|p1a: Sam|typechange|Ground\/Normal|[silent]
|turn|19
|
|t:|1658359040
|switch|p2a: Cattail|Vaporeon, F|67\/100
|-damage|p2a: Cattail|51\/100|[from] Spikes
|move|p1a: Sam|Earthquake|p2a: Cattail
|-damage|p2a: Cattail|0 fnt
|faint|p2a: Cattail
|
|upkeep
|c|☆H2OPulse|okay they cannot carry
|
|t:|1658359052
|switch|p2a: Foxfire|Shiinotic-Kalos, F|90\/100
|-start|p2a: Foxfire|typechange|Poison\/Fairy|[silent]
|-damage|p2a: Foxfire|74\/100|[from] Spikes
|turn|20
|
|t:|1658359059
|move|p1a: Sam|Earthquake|p2a: Foxfire
|-supereffective|p2a: Foxfire
|-damage|p2a: Foxfire|0 fnt
|faint|p2a: Foxfire
|
|win|inkbug1
|c|☆inkbug1|wgeeze 
|c|☆inkbug1|gg um 
|c|☆H2OPulse|Good game I think? :'D
|c|☆inkbug1|sorry i should try using some of my more recent teams im not used to having even kind of considered pokemon choices
|c|☆H2OPulse|Gshdjfjfkfk</script>
</div>
<div class="battle-log battle-log-inline"><div class="inner"><div class="battle-options"><div style="padding-top: 3px; padding-right: 3px; text-align: right"><button class="icon button" name="openBattleOptions" title="Options">Battle Options</button></div></div><div class="inner message-log"><div class="chat"><small>☆inkbug1 and ☆H2OPulse joined</small></div><div class=""><small>Format:</small> <br><strong>[Gen 8] Evolution Project</strong></div><div class=""><small><em>HP Percentage Mod:</em> HP is shown in percentages</small></div><div class=""><small><em>Endless Battle Clause:</em> Forcing endless battles is banned</small></div><div class=""><small><em>OHKO Clause:</em> OHKO moves are banned</small></div><div class=""><small><em>Evasion Moves Clause:</em> Evasion moves are banned</small></div><div class=""><small><em>Species Clause:</em> Limit one of each Pokémon</small></div><div class=""><small><em>Dynamax Clause:</em> You cannot dynamax</small></div><div class=""><small><em>Sleep Clause Mod:</em> Limit one foe put to sleep</small></div><div class=""><small><em>Z-Move Clause:</em> Type-based Z-Moves are banned</small></div><div class="chat battle-history"><strong>inkbug1's team:</strong> <em style="color:#445566;display:block;">Excadrill-Hisui / Slurpuff-Variant / Froslass / Curski / Aromatisse / Freedling</em></div><div class="chat battle-history"><strong>H2OPulse's team:</strong> <em style="color:#445566;display:block;">Orbeetle-Variant / Shiinotic-Kalos / Klefki-Galar / Vaporeon / Noivern-Variant / Resurrectric</em></div><div class="chat chatmessage-inkbug1 mine"><strong style="color:#e46e0f"><small>☆</small><span class="username" data-name="inkbug1">inkbug1</span>:</strong> <em>the fucking mdhfgmdfhgjdfdkfgdfgmdhfmjgd</em></div><div class="chat chatmessage-h2opulse"><strong style="color:#6e8c2b"><small>☆</small><span class="username" data-name="H2OPulse">H2OPulse</span>:</strong> <em>C u r s k i </em></div><div class="chat chatmessage-inkbug1 mine"><strong style="color:#e46e0f"><small>☆</small><span class="username" data-name="inkbug1">inkbug1</span>:</strong> <em>gl hf</em></div><div class="chat chatmessage-h2opulse"><strong style="color:#6e8c2b"><small>☆</small><span class="username" data-name="H2OPulse">H2OPulse</span>:</strong> <em>Good luck and have fun : D</em></div><div class="spacer battle-history"><br></div><div class="battle-history">Battle started between inkbug1 and H2OPulse!<br></div><div class="spacer battle-history"><br></div><div class="battle-history">Go! Eve (<strong>Froslass</strong>)!<br></div><div class="spacer battle-history"><br></div><div class="battle-history">H2OPulse sent out Snakey (<strong>Orbeetle-Variant</strong>)!<br></div><div class="chat"><ul class="utilichart"><li class="result"><span class="col pokemonnamecol" style="white-space: nowrap">Orbeetle-Variant</span> <span class="col typecol"><img src="https://dragonheaven.herokuapp.com/sprites/types/Bug.png" alt="Bug" height="14" width="32"><img src="https://dragonheaven.herokuapp.com/sprites/types/Electric.png" alt="Electric" height="14" width="32"></span> <span style="float: left ; min-height: 26px"><span class="col abilitycol">Swarm / Frisk / Cotton Down</span><span class="col abilitycol"></span></span></li><li style="clear: both"></li></ul></div><div class="chat"><ul class="utilichart"><li class="result"><span style="float: left ; min-height: 26px"><span class="col statcol"><em>HP</em><br>60</span> <span class="col statcol"><em>Atk</em><br>45</span> <span class="col statcol"><em>Def</em><br>110</span> <span class="col statcol"><em>SpA</em><br>120</span> <span class="col statcol"><em>SpD</em><br>80</span> <span class="col statcol"><em>Spe</em><br>90</span> </span></li><li style="clear: both"></li></ul></div><div class="battle-history"><small>(Orbeetle-Variant was created by Magmajudis!)</small><br></div><div class="spacer battle-history"><br></div><h2 class="battle-history">Turn 1</h2><div class="spacer battle-history"><br></div><div class="battle-history">Eve used <strong>Spikes</strong>!<br></div><div class="battle-history"><small>Spikes were scattered on the ground all around the opposing team!</small><br></div><div class="spacer battle-history"><br></div><div class="battle-history">The opposing Snakey used <strong>Sticky Web</strong>!<br></div><div class="battle-history"><small>A sticky web has been laid out on the ground around your team!</small><br></div><div class="spacer battle-history"><br></div><h2 class="battle-history">Turn 2</h2><div class="spacer battle-history"><br></div><div class="battle-history">Eve used <strong>Spikes</strong>!<br></div><div class="battle-history"><small>Spikes were scattered on the ground all around the opposing team!</small><br></div><div class="spacer battle-history"><br></div><div class="battle-history">The opposing Snakey used <strong>U-turn</strong>!<br></div><div class="battle-history"><small>It's not very effective...</small><br></div><div class="battle-history"><small>(Eve lost <abbr title="−25/344">7.3%</abbr> of its health!)</small><br></div><div class="spacer battle-history"><br></div><div class="battle-history">The opposing Snakey went back to H2OPulse!<br></div><div class="battle-history">H2OPulse sent out Pandorea (<strong>Klefki-Galar</strong>)!<br></div><div class="chat"><ul class="utilichart"><li class="result"><span class="col pokemonnamecol" style="white-space: nowrap">Klefki-Galar</span> <span class="col typecol"><img src="https://dragonheaven.herokuapp.com/sprites/types/Steel.png" alt="Steel" height="14" width="32"><img src="https://dragonheaven.herokuapp.com/sprites/types/Dark.png" alt="Dark" height="14" width="32"></span> <span style="float: left ; min-height: 26px"><span class="col abilitycol">Hunger Switch</span><span class="col abilitycol"></span></span></li><li style="clear: both"></li></ul></div><div class="chat"><ul class="utilichart"><li class="result"><span style="float: left ; min-height: 26px"><span class="col statcol"><em>HP</em><br>57</span> <span class="col statcol"><em>Atk</em><br>60</span> <span class="col statcol"><em>Def</em><br>106</span> <span class="col statcol"><em>SpA</em><br>70</span> <span class="col statcol"><em>SpD</em><br>87</span> <span class="col statcol"><em>Spe</em><br>90</span> </span></li><li style="clear: both"></li></ul></div><div class="battle-history"><small>(Klefki-Galar was created by Albatross!)</small><br></div><div class="battle-history"><small>The opposing Pandorea was hurt by the spikes!</small><br></div><div class="spacer battle-history"><br></div><div class="battle-history"><small>The opposing Pandorea restored a little HP using its Leftovers!</small><br></div><div class="battle-history">[The opposing Pandorea's Hunger Switch]<br></div><div class="battle-history"><small>Pandorea changed to Revealed Mode!</small><br></div><div class="chat"><ul class="utilichart"><li class="result"><span class="col pokemonnamecol" style="white-space: nowrap">Klefki-Galar-Revealed</span> <span class="col typecol"><img src="https://dragonheaven.herokuapp.com/sprites/types/Fairy.png" alt="Fairy" height="14" width="32"><img src="https://dragonheaven.herokuapp.com/sprites/types/Dark.png" alt="Dark" height="14" width="32"></span> <span style="float: left ; min-height: 26px"><span class="col abilitycol">Hunger Switch</span><span class="col abilitycol"></span></span><span style="float: left ; min-height: 26px"><span class="col statcol"><em>HP</em><br>57</span> <span class="col statcol"><em>Atk</em><br>116</span> <span class="col statcol"><em>Def</em><br>50</span> <span class="col statcol"><em>SpA</em><br>70</span> <span class="col statcol"><em>SpD</em><br>87</span> <span class="col statcol"><em>Spe</em><br>90</span> </span></li><li style="clear: both"></li></ul></div><div class="spacer battle-history"><br></div><h2 class="battle-history">Turn 3</h2><div class="spacer battle-history"><br></div><div class="battle-history">Eve, come back!<br></div><div class="battle-history">Go! Stumptown (<strong>Freedling</strong>)!<br></div><div class="chat"><ul class="utilichart"><li class="result"><span class="col pokemonnamecol" style="white-space: nowrap">Freedling</span> <span class="col typecol"><img src="https://dragonheaven.herokuapp.com/sprites/types/Grass.png" alt="Grass" height="14" width="32"></span> <span style="float: left ; min-height: 26px"><span class="col abilitycol">Natural Cure / Sticky Hold / Gooey</span><span class="col abilitycol"></span></span></li><li style="clear: both"></li></ul></div><div class="chat"><ul class="utilichart"><li class="result"><span style="float: left ; min-height: 26px"><span class="col statcol"><em>HP</em><br>90</span> <span class="col statcol"><em>Atk</em><br>110</span> <span class="col statcol"><em>Def</em><br>106</span> <span class="col statcol"><em>SpA</em><br>65</span> <span class="col statcol"><em>SpD</em><br>92</span> <span class="col statcol"><em>Spe</em><br>73</span> </span></li><li style="clear: both"></li></ul></div><div class="battle-history"><small>(Freedling was created by ausma!)</small><br></div><div class="battle-history"><small>Stumptown was caught in a sticky web!</small><br></div><div class="battle-history"><small>Stumptown's Speed fell!</small><br></div><div class="spacer battle-history"><br></div><div class="battle-history">The opposing Pandorea used <strong>Knock Off</strong>!<br></div><div class="battle-history"><small>(Stumptown lost <abbr title="−133/383">34.7%</abbr> of its health!)</small><br></div><div class="battle-history"><small>The opposing Pandorea was hurt by the Rocky Helmet!</small><br></div><div class="battle-history">[Stumptown's Sticky Hold]<br><small>Stumptown's item cannot be removed!</small><br></div><div class="spacer battle-history"><br></div><div class="battle-history"><small>The opposing Pandorea restored a little HP using its Leftovers!</small><br></div><div class="battle-history">[The opposing Pandorea's Hunger Switch]<br></div><div class="battle-history"><small>Pandorea changed to Lure Mode!</small><br></div><div class="spacer battle-history"><br></div><h2 class="battle-history">Turn 4</h2><div class="spacer battle-history"><br></div><div class="battle-history">The opposing Pandorea used <strong>Protect</strong>!<br></div><div class="battle-history"><small>The opposing Pandorea protected itself!</small><br></div><div class="spacer battle-history"><br></div><div class="battle-history">Stumptown used <strong>Leech Seed</strong>!<br></div><div class="battle-history"><small>The opposing Pandorea protected itself!</small><br></div><div class="spacer battle-history"><br></div><div class="battle-history"><small>The opposing Pandorea restored a little HP using its Leftovers!</small><br></div><div class="battle-history">[The opposing Pandorea's Hunger Switch]<br></div><div class="battle-history"><small>Pandorea changed to Revealed Mode!</small><br></div><div class="spacer battle-history"><br></div><h2 class="battle-history">Turn 5</h2><div class="spacer battle-history"><br></div><div class="battle-history">The opposing Pandorea used <strong>Swords Dance</strong>!<br></div><div class="battle-history"><small>The opposing Pandorea's Attack rose sharply!</small><br></div><div class="spacer battle-history"><br></div><div class="battle-history">Stumptown used <strong>Leech Seed</strong>!<br></div><div class="battle-history"><small>The opposing Pandorea was seeded!</small><br></div><div class="spacer battle-history"><br></div><div class="battle-history"><small>The opposing Pandorea restored a little HP using its Leftovers!</small><br></div><div class="battle-history"><small>The opposing Pandorea's health is sapped by Leech Seed!</small><br></div><div class="battle-history">[The opposing Pandorea's Hunger Switch]<br></div><div class="battle-history"><small>Pandorea changed to Lure Mode!</small><br></div><div class="spacer battle-history"><br></div><h2 class="battle-history">Turn 6</h2><div class="spacer battle-history"><br></div><div class="battle-history">The opposing Pandorea used <strong>Swords Dance</strong>!<br></div><div class="battle-history"><small>The opposing Pandorea's Attack rose sharply!</small><br></div><div class="spacer battle-history"><br></div><div class="battle-history">Stumptown used <strong>Curse</strong>!<br></div><div class="battle-history"><small>Stumptown's Speed fell!</small><br></div><div class="battle-history"><small>Stumptown's Attack rose!</small><br></div><div class="battle-history"><small>Stumptown's Defense rose!</small><br></div><div class="spacer battle-history"><br></div><div class="battle-history"><small>The opposing Pandorea restored a little HP using its Leftovers!</small><br></div><div class="battle-history"><small>The opposing Pandorea's health is sapped by Leech Seed!</small><br></div><div class="battle-history">[The opposing Pandorea's Hunger Switch]<br></div><div class="battle-history"><small>Pandorea changed to Revealed Mode!</small><br></div><div class="spacer battle-history"><br></div><h2 class="battle-history">Turn 7</h2><div class="spacer battle-history"><br></div><div class="battle-history">The opposing Pandorea used <strong>Knock Off</strong>!<br></div><div class="battle-history"><small>(Stumptown lost <abbr title="−255/383">66.6%</abbr> of its health!)</small><br></div><div class="battle-history"><small>The opposing Pandorea was hurt by the Rocky Helmet!</small><br></div><div class="battle-history">[Stumptown's Sticky Hold]<br><small>Stumptown's item cannot be removed!</small><br></div><div class="spacer battle-history"><br></div><div class="battle-history">Stumptown used <strong>Horn Leech</strong>!<br></div><div class="battle-history"><small>(The opposing Pandorea lost 57% of its health!)</small><br></div><div class="battle-history"><small>The opposing Pandorea had its energy drained!</small><br></div><div class="spacer battle-history"><br></div><div class="battle-history">The opposing Pandorea fainted!<br></div><div class="chat chatmessage-h2opulse"><strong style="color:#6e8c2b"><small>☆</small><span class="username" data-name="H2OPulse">H2OPulse</span>:</strong> <em>Fair</em></div><div class="spacer battle-history"><br></div><div class="battle-history">H2OPulse sent out Snakey (<strong>Orbeetle-Variant</strong>)!<br></div><div class="spacer battle-history"><br></div><h2 class="battle-history">Turn 8</h2><div class="spacer battle-history"><br></div><div class="battle-history">Stumptown, come back!<br></div><div class="battle-history">Go! Sam (<strong>Excadrill-Hisui</strong>)!<br></div><div class="battle-history"><small>Sam was caught in a sticky web!</small><br></div><div class="battle-history"><small>Sam's Speed fell!</small><br></div><div class="chat"><ul class="utilichart"><li class="result"><span class="col pokemonnamecol" style="white-space: nowrap">Excadrill-Hisui</span> <span class="col typecol"><img src="https://dragonheaven.herokuapp.com/sprites/types/Ground.png" alt="Ground" height="14" width="32"><img src="https://dragonheaven.herokuapp.com/sprites/types/Normal.png" alt="Normal" height="14" width="32"></span> <span style="float: left ; min-height: 26px"><span class="col abilitycol">Centrifuge / Sand Force / Technician</span><span class="col abilitycol"></span></span></li><li style="clear: both"></li></ul></div><div class="chat"><ul class="utilichart"><li class="result"><span style="float: left ; min-height: 26px"><span class="col statcol"><em>HP</em><br>110</span> <span class="col statcol"><em>Atk</em><br>135</span> <span class="col statcol"><em>Def</em><br>60</span> <span class="col statcol"><em>SpA</em><br>50</span> <span class="col statcol"><em>SpD</em><br>65</span> <span class="col statcol"><em>Spe</em><br>88</span> </span></li><li style="clear: both"></li></ul></div><div class="battle-history"><small>(Excadrill-Hisui was created by ausma!)</small><br></div><div class="spacer battle-history"><br></div><div class="battle-history">The opposing Snakey used <strong>Bug Buzz</strong>!<br></div><div class="battle-history"><small>(Sam lost <abbr title="−132/361">36.6%</abbr> of its health!)</small><br></div><div class="spacer battle-history"><br></div><h2 class="battle-history">Turn 9</h2><div class="spacer battle-history"><br></div><div class="battle-history">The opposing Snakey used <strong>Bug Buzz</strong>!<br></div><div class="battle-history"><small>(Sam lost <abbr title="−127/361">35.2%</abbr> of its health!)</small><br></div><div class="spacer battle-history"><br></div><div class="battle-history">Sam used <strong>Rapid Spin</strong>!<br></div><div class="battle-history"><small>(The opposing Snakey lost 27% of its health!)</small><br></div><div class="battle-history"><small>Sam's Speed rose!</small><br></div><div class="battle-history">[The opposing Snakey's Cotton Down]<br></div><div class="battle-history"><small>Sam's Speed fell!</small><br></div><div class="battle-history"><small>The sticky web has disappeared from the ground around your team!</small><br></div><div class="spacer battle-history"><br></div><h2 class="battle-history">Turn 10</h2><div class="spacer battle-history"><br></div><div class="battle-history">Sam, come back!<br></div><div class="battle-history">Go! Frappuccino (<strong>Slurpuff-Variant</strong>)!<br></div><div class="chat"><ul class="utilichart"><li class="result"><span class="col pokemonnamecol" style="white-space: nowrap">Slurpuff-Variant</span> <span class="col typecol"><img src="https://dragonheaven.herokuapp.com/sprites/types/Poison.png" alt="Poison" height="14" width="32"></span> <span style="float: left ; min-height: 26px"><span class="col abilitycol">Sticky Hold / Unburden</span><span class="col abilitycol"></span></span></li><li style="clear: both"></li></ul></div><div class="chat"><ul class="utilichart"><li class="result"><span style="float: left ; min-height: 26px"><span class="col statcol"><em>HP</em><br>82</span> <span class="col statcol"><em>Atk</em><br>80</span> <span class="col statcol"><em>Def</em><br>86</span> <span class="col statcol"><em>SpA</em><br>85</span> <span class="col statcol"><em>SpD</em><br>75</span> <span class="col statcol"><em>Spe</em><br>72</span> </span></li><li style="clear: both"></li></ul></div><div class="battle-history"><small>(Slurpuff-Variant was created by abismal!)</small><br></div><div class="spacer battle-history"><br></div><div class="battle-history">The opposing Snakey used <strong>Bug Buzz</strong>!<br></div><div class="battle-history"><small>It's not very effective...</small><br></div><div class="battle-history"><small>(Frappuccino lost <abbr title="−84/305">27.5%</abbr> of its health!)</small><br></div><div class="spacer battle-history"><br></div><h2 class="battle-history">Turn 11</h2><div class="chat chatmessage-h2opulse"><strong style="color:#6e8c2b"><small>☆</small><span class="username" data-name="H2OPulse">H2OPulse</span>:</strong> <em>fear</em></div><div class="chat chatmessage-h2opulse"><strong style="color:#6e8c2b"><small>☆</small><span class="username" data-name="H2OPulse">H2OPulse</span>:</strong> <em>uh</em></div><div class="chat chatmessage-h2opulse"><strong style="color:#6e8c2b"><small>☆</small><span class="username" data-name="H2OPulse">H2OPulse</span>:</strong> <em>hm</em></div><div class="spacer battle-history"><br></div><div class="battle-history">Frappuccino used <strong>Calm Mind</strong>!<br></div><div class="battle-history"><small>Frappuccino's Sp. Atk rose!</small><br></div><div class="battle-history"><small>Frappuccino's Sp. Def rose!</small><br></div><div class="spacer battle-history"><br></div><div class="battle-history">The opposing Snakey used <strong>U-turn</strong>!<br></div><div class="battle-history"><small>It's not very effective...</small><br></div><div class="battle-history"><small>(Frappuccino lost <abbr title="−22/305">7.2%</abbr> of its health!)</small><br></div><div class="spacer battle-history"><br></div><div class="battle-history">The opposing Snakey went back to H2OPulse!<br></div><div class="battle-history">H2OPulse sent out Zantedeschia (<strong>Resurrectric</strong>)!<br></div><div class="chat"><ul class="utilichart"><li class="result"><span class="col pokemonnamecol" style="white-space: nowrap">Resurrectric</span> <span class="col typecol"><img src="https://dragonheaven.herokuapp.com/sprites/types/Ground.png" alt="Ground" height="14" width="32"><img src="https://dragonheaven.herokuapp.com/sprites/types/Electric.png" alt="Electric" height="14" width="32"></span> <span style="float: left ; min-height: 26px"><span class="col abilitycol">Inner Focus / Lightning Rod / Battle Armor</span><span class="col abilitycol"></span></span></li><li style="clear: both"></li></ul></div><div class="chat"><ul class="utilichart"><li class="result"><span style="float: left ; min-height: 26px"><span class="col statcol"><em>HP</em><br>80</span> <span class="col statcol"><em>Atk</em><br>60</span> <span class="col statcol"><em>Def</em><br>130</span> <span class="col statcol"><em>SpA</em><br>90</span> <span class="col statcol"><em>SpD</em><br>80</span> <span class="col statcol"><em>Spe</em><br>45</span> </span></li><li style="clear: both"></li></ul></div><div class="battle-history"><small>(Resurrectric was created by Hematite!)</small><br></div><div class="battle-history"><small>The opposing Zantedeschia was hurt by the spikes!</small><br></div><div class="spacer battle-history"><br></div><h2 class="battle-history">Turn 12</h2><div class="spacer battle-history"><br></div><div class="battle-history">Frappuccino used <strong>Stuff Cheeks</strong>!<br></div><div class="battle-history"><small>(Frappuccino ate its Petaya Berry!)</small><br></div><div class="battle-history"><small>The Petaya Berry raised Frappuccino's Sp. Atk!</small><br></div><div class="battle-history"><small>Frappuccino's Defense rose sharply!</small><br></div><div class="spacer battle-history"><br></div><div class="battle-history">The opposing Zantedeschia used <strong>Ice Beam</strong>!<br></div><div class="battle-history"><small>(Frappuccino lost <abbr title="−51/305">16.7%</abbr> of its health!)</small><br></div><div class="spacer battle-history"><br></div><h2 class="battle-history">Turn 13</h2><div class="chat chatmessage-h2opulse"><strong style="color:#6e8c2b"><small>☆</small><span class="username" data-name="H2OPulse">H2OPulse</span>:</strong> <em>Fair I wasn't sure if Hisuidrill was Centrifuge</em></div><div class="chat chatmessage-h2opulse"><strong style="color:#6e8c2b"><small>☆</small><span class="username" data-name="H2OPulse">H2OPulse</span>:</strong> <em>Please live one Zante--</em></div><div class="chat chatmessage-inkbug1 mine"><strong style="color:#e46e0f"><small>☆</small><span class="username" data-name="inkbug1">inkbug1</span>:</strong> <em>idk what even does more here</em></div><div class="chat chatmessage-h2opulse"><strong style="color:#6e8c2b"><small>☆</small><span class="username" data-name="H2OPulse">H2OPulse</span>:</strong> <em>Resisted Belch and 90 BP neutral coverage are equal but Belch can miss</em></div><div class="chat chatmessage-inkbug1 mine"><strong style="color:#e46e0f"><small>☆</small><span class="username" data-name="inkbug1">inkbug1</span>:</strong> <em>right</em></div><div class="spacer battle-history"><br></div><div class="battle-history">Frappuccino used <strong>Flamethrower</strong>!<br></div><div class="battle-history"><small>(The opposing Zantedeschia lost 49% of its health!)</small><br></div><div class="battle-history"><small>The opposing Zantedeschia was burned!</small><br></div><div class="spacer battle-history"><br></div><div class="battle-history">The opposing Zantedeschia used <strong>Earthquake</strong>!<br></div><div class="battle-history"><small>It's super effective!</small><br></div><div class="battle-history"><small>(Frappuccino lost <abbr title="−109/305">35.7%</abbr> of its health!)</small><br></div><div class="spacer battle-history"><br></div><div class="battle-history"><small>The opposing Zantedeschia was hurt by its burn!</small><br></div><div class="spacer battle-history"><br></div><h2 class="battle-history">Turn 14</h2><div class="chat chatmessage-inkbug1 mine"><strong style="color:#e46e0f"><small>☆</small><span class="username" data-name="inkbug1">inkbug1</span>:</strong> <em>TEHKWJERHTWERT</em></div><div class="chat chatmessage-h2opulse"><strong style="color:#6e8c2b"><small>☆</small><span class="username" data-name="H2OPulse">H2OPulse</span>:</strong> <em>HAHA</em></div><div class="chat chatmessage-inkbug1 mine"><strong style="color:#e46e0f"><small>☆</small><span class="username" data-name="inkbug1">inkbug1</span>:</strong> <em>WHY </em></div><div class="chat chatmessage-inkbug1 mine"><strong style="color:#e46e0f"><small>☆</small><span class="username" data-name="inkbug1">inkbug1</span>:</strong> <em>tht was so unearned</em></div><div class="chat chatmessage-h2opulse"><strong style="color:#6e8c2b"><small>☆</small><span class="username" data-name="H2OPulse">H2OPulse</span>:</strong> <em>Kshdjfkf</em></div><div class="chat chatmessage-h2opulse"><strong style="color:#6e8c2b"><small>☆</small><span class="username" data-name="H2OPulse">H2OPulse</span>:</strong> <em>Reasonable chance I just lose now but--</em></div><div class="chat chatmessage-inkbug1 mine"><strong style="color:#e46e0f"><small>☆</small><span class="username" data-name="inkbug1">inkbug1</span>:</strong> <em>ohr ight this reminds me</em></div><div class="spacer battle-history"><br></div><div class="battle-history">Frappuccino used <strong>Flamethrower</strong>!<br></div><div class="battle-history"><small>(The opposing Zantedeschia lost 29% of its health!)</small><br></div><div class="spacer battle-history"><br></div><div class="battle-history">The opposing Zantedeschia fainted!<br></div><div class="spacer battle-history"><br></div><div class="battle-history">H2OPulse sent out Cattail (<strong>Vaporeon</strong>)!<br></div><div class="battle-history"><small>The opposing Cattail was hurt by the spikes!</small><br></div><div class="spacer battle-history"><br></div><h2 class="battle-history">Turn 15</h2><div class="chat chatmessage-inkbug1 mine"><strong style="color:#e46e0f"><small>☆</small><span class="username" data-name="inkbug1">inkbug1</span>:</strong> <em>i was thinking about </em></div><div class="chat chatmessage-inkbug1 mine"><strong style="color:#e46e0f"><small>☆</small><span class="username" data-name="inkbug1">inkbug1</span>:</strong> <em>like</em></div><div class="chat chatmessage-inkbug1 mine"><strong style="color:#e46e0f"><small>☆</small><span class="username" data-name="inkbug1">inkbug1</span>:</strong> <em>fairytale poison apple + candy apple + etc would be a really fun train of thought for this one</em></div><div class="chat chatmessage-h2opulse"><strong style="color:#6e8c2b"><small>☆</small><span class="username" data-name="H2OPulse">H2OPulse</span>:</strong> <em>Oooooo</em></div><div class="spacer battle-history"><br></div><div class="battle-history">Frappuccino used <strong>Calm Mind</strong>!<br></div><div class="battle-history"><small>Frappuccino's Sp. Atk rose!</small><br></div><div class="battle-history"><small>Frappuccino's Sp. Def rose!</small><br></div><div class="spacer battle-history"><br></div><div class="battle-history">The opposing Cattail used <strong>Flip Turn</strong>!<br></div><div class="battle-history"><small>(Frappuccino lost <abbr title="−31/305">10.2%</abbr> of its health!)</small><br></div><div class="chat chatmessage-h2opulse"><strong style="color:#6e8c2b"><small>☆</small><span class="username" data-name="H2OPulse">H2OPulse</span>:</strong> <em>no--</em></div><div class="spacer battle-history"><br></div><div class="battle-history">H2OPulse withdrew Cattail!<br></div><div class="battle-history">H2OPulse sent out Mango (<strong>Noivern-Variant</strong>)!<br></div><div class="chat"><ul class="utilichart"><li class="result"><span class="col pokemonnamecol" style="white-space: nowrap">Noivern-Variant</span> <span class="col typecol"><img src="https://dragonheaven.herokuapp.com/sprites/types/Fighting.png" alt="Fighting" height="14" width="32"><img src="https://dragonheaven.herokuapp.com/sprites/types/Dragon.png" alt="Dragon" height="14" width="32"></span> <span style="float: left ; min-height: 26px"><span class="col abilitycol">Levitate</span><span class="col abilitycol"></span></span></li><li style="clear: both"></li></ul></div><div class="chat"><ul class="utilichart"><li class="result"><span style="float: left ; min-height: 26px"><span class="col statcol"><em>HP</em><br>95</span> <span class="col statcol"><em>Atk</em><br>70</span> <span class="col statcol"><em>Def</em><br>80</span> <span class="col statcol"><em>SpA</em><br>97</span> <span class="col statcol"><em>SpD</em><br>80</span> <span class="col statcol"><em>Spe</em><br>113</span> </span></li><li style="clear: both"></li></ul></div><div class="battle-history"><small>(Noivern-Variant was created by Hematite!)</small><br></div><div class="spacer battle-history"><br></div><h2 class="battle-history">Turn 16</h2><div class="spacer battle-history"><br></div><div class="battle-history">Frappuccino used <strong>Belch</strong>!<br></div><div class="battle-history"><small>(The opposing Mango lost 100% of its health!)</small><br></div><div class="spacer battle-history"><br></div><div class="battle-history">The opposing Mango fainted!<br></div><div class="chat chatmessage-inkbug1 mine"><strong style="color:#e46e0f"><small>☆</small><span class="username" data-name="inkbug1">inkbug1</span>:</strong> <em>whe e e e gmdhfgdmfh</em></div><div class="spacer battle-history"><br></div><div class="battle-history">H2OPulse sent out Snakey (<strong>Orbeetle-Variant</strong>)!<br></div><div class="spacer battle-history"><br></div><h2 class="battle-history">Turn 17</h2><div class="chat chatmessage-h2opulse"><strong style="color:#6e8c2b"><small>☆</small><span class="username" data-name="H2OPulse">H2OPulse</span>:</strong> <em>WAIT I COULD HAVE</em></div><div class="chat chatmessage-h2opulse"><strong style="color:#6e8c2b"><small>☆</small><span class="username" data-name="H2OPulse">H2OPulse</span>:</strong> <em>I am stupid</em></div><div class="chat chatmessage-inkbug1 mine"><strong style="color:#e46e0f"><small>☆</small><span class="username" data-name="inkbug1">inkbug1</span>:</strong> <em>yeah snakey into mango woul dhave outsped i think </em></div><div class="chat chatmessage-h2opulse"><strong style="color:#6e8c2b"><small>☆</small><span class="username" data-name="H2OPulse">H2OPulse</span>:</strong> <em>I would not have won but I would have done the 2%</em></div><div class="spacer battle-history"><br></div><div class="battle-history">Frappuccino used <strong>Flamethrower</strong>!<br></div><div class="battle-history"><small>It's super effective!</small><br></div><div class="battle-history"><small>(The opposing Snakey lost 73% of its health!)</small><br></div><div class="battle-history">[The opposing Snakey's Cotton Down]<br></div><div class="battle-history"><small>Frappuccino's Speed fell!</small><br></div><div class="spacer battle-history"><br></div><div class="battle-history">The opposing Snakey fainted!<br></div><div class="spacer battle-history"><br></div><div class="battle-history">H2OPulse sent out Cattail (<strong>Vaporeon</strong>)!<br></div><div class="battle-history"><small>The opposing Cattail was hurt by the spikes!</small><br></div><div class="spacer battle-history"><br></div><h2 class="battle-history">Turn 18</h2><div class="spacer battle-history"><br></div><div class="battle-history">Frappuccino used <strong>Belch</strong>!<br></div><div class="battle-history"><small>The opposing Cattail avoided the attack!</small><br></div><div class="spacer battle-history"><br></div><div class="battle-history">The opposing Cattail used <strong>Flip Turn</strong>!<br></div><div class="battle-history"><small>(Frappuccino lost <abbr title="−8/305">2.6%</abbr> of its health!)</small><br></div><div class="spacer battle-history"><br></div><div class="battle-history">Frappuccino fainted!<br></div><div class="chat chatmessage-h2opulse"><strong style="color:#6e8c2b"><small>☆</small><span class="username" data-name="H2OPulse">H2OPulse</span>:</strong> <em>HMDMFJ</em></div><div class="chat chatmessage-inkbug1 mine"><strong style="color:#e46e0f"><small>☆</small><span class="username" data-name="inkbug1">inkbug1</span>:</strong> <em>ASDFASDfa sdfkajsdhf asd you know what! fair</em></div><div class="spacer battle-history"><br></div><div class="battle-history">H2OPulse withdrew Cattail!<br></div><div class="battle-history">H2OPulse sent out Foxfire (<strong>Shiinotic-Kalos</strong>)!<br></div><div class="battle-history"><small>The opposing Foxfire was hurt by the spikes!</small><br></div><div class="chat"><ul class="utilichart"><li class="result"><span class="col pokemonnamecol" style="white-space: nowrap">Shiinotic-Kalos</span> <span class="col typecol"><img src="https://dragonheaven.herokuapp.com/sprites/types/Poison.png" alt="Poison" height="14" width="32"><img src="https://dragonheaven.herokuapp.com/sprites/types/Fairy.png" alt="Fairy" height="14" width="32"></span> <span style="float: left ; min-height: 26px"><span class="col abilitycol">Illuminate / Effect Spore / Technician</span><span class="col abilitycol"></span></span></li><li style="clear: both"></li></ul></div><div class="chat"><ul class="utilichart"><li class="result"><span style="float: left ; min-height: 26px"><span class="col statcol"><em>HP</em><br>60</span> <span class="col statcol"><em>Atk</em><br>61</span> <span class="col statcol"><em>Def</em><br>60</span> <span class="col statcol"><em>SpA</em><br>90</span> <span class="col statcol"><em>SpD</em><br>80</span> <span class="col statcol"><em>Spe</em><br>54</span> </span></li><li style="clear: both"></li></ul></div><div class="battle-history"><small>(Shiinotic-Kalos was created by Hematite!)</small><br></div><div class="spacer battle-history"><br></div><div class="battle-history"><small>The opposing Foxfire restored a little HP using its Black Sludge!</small><br></div><div class="spacer battle-history"><br></div><div class="battle-history">Go! Sam (<strong>Excadrill-Hisui</strong>)!<br></div><div class="spacer battle-history"><br></div><h2 class="battle-history">Turn 19</h2><div class="spacer battle-history"><br></div><div class="battle-history">H2OPulse withdrew Foxfire!<br></div><div class="battle-history">H2OPulse sent out Cattail (<strong>Vaporeon</strong>)!<br></div><div class="battle-history"><small>The opposing Cattail was hurt by the spikes!</small><br></div><div class="spacer battle-history"><br></div><div class="battle-history">Sam used <strong>Earthquake</strong>!<br></div><div class="battle-history"><small>(The opposing Cattail lost 51% of its health!)</small><br></div><div class="spacer battle-history"><br></div><div class="battle-history">The opposing Cattail fainted!<br></div><div class="chat chatmessage-h2opulse"><strong style="color:#6e8c2b"><small>☆</small><span class="username" data-name="H2OPulse">H2OPulse</span>:</strong> <em>okay they cannot carry</em></div><div class="spacer battle-history"><br></div><div class="battle-history">H2OPulse sent out Foxfire (<strong>Shiinotic-Kalos</strong>)!<br></div><div class="battle-history"><small>The opposing Foxfire was hurt by the spikes!</small><br></div><div class="spacer battle-history"><br></div><h2 class="battle-history">Turn 20</h2><div class="spacer battle-history"><br></div><div class="battle-history">Sam used <strong>Earthquake</strong>!<br></div><div class="battle-history"><small>It's super effective!</small><br></div><div class="battle-history"><small>(The opposing Foxfire lost 74% of its health!)</small><br></div><div class="spacer battle-history"><br></div><div class="battle-history">The opposing Foxfire fainted!<br></div><div class="spacer battle-history"><br></div><div class="battle-history"><strong>inkbug1</strong> won the battle!<br></div><div class="chat chatmessage-inkbug1 mine"><strong style="color:#e46e0f"><small>☆</small><span class="username" data-name="inkbug1">inkbug1</span>:</strong> <em>wgeeze </em></div><div class="chat chatmessage-inkbug1 mine"><strong style="color:#e46e0f"><small>☆</small><span class="username" data-name="inkbug1">inkbug1</span>:</strong> <em>gg um </em></div><div class="chat chatmessage-h2opulse"><strong style="color:#6e8c2b"><small>☆</small><span class="username" data-name="H2OPulse">H2OPulse</span>:</strong> <em>Good game I think? :'D</em></div><div class="chat chatmessage-inkbug1 mine"><strong style="color:#e46e0f"><small>☆</small><span class="username" data-name="inkbug1">inkbug1</span>:</strong> <em>sorry i should try using some of my more recent teams im not used to having even kind of considered pokemon choices</em></div><div class="chat chatmessage-h2opulse"><strong style="color:#6e8c2b"><small>☆</small><span class="username" data-name="H2OPulse">H2OPulse</span>:</strong> <em>Gshdjfjfkfk</em></div></div><div class="inner-preempt message-log"></div></div></div>
</div>
<script>
let daily = Math.floor(Date.now()/1000/60/60/24);document.write('<script src="https://dragonheaven.herokuapp.com/js/replay-embed.js?version'+daily+'"></'+'script>');
</script>
