<!DOCTYPE html>
<meta charset="utf-8" />
<!-- version 1 -->
<title>[Gen 8] Evolution Project replay: god of joe vs. Violettes</title>
<style>
html,body {font-family:Verdana, sans-serif;font-size:10pt;margin:0;padding:0;}body{padding:12px 0;} .battle-log {font-family:Verdana, sans-serif;font-size:10pt;} .battle-log-inline {border:1px solid #AAAAAA;background:#EEF2F5;color:black;max-width:640px;margin:0 auto 80px;padding-bottom:5px;} .battle-log .inner {padding:4px 8px 0px 8px;} .battle-log .inner-preempt {padding:0 8px 4px 8px;} .battle-log .inner-after {margin-top:0.5em;} .battle-log h2 {margin:0.5em -8px;padding:4px 8px;border:1px solid #AAAAAA;background:#E0E7EA;border-left:0;border-right:0;font-family:Verdana, sans-serif;font-size:13pt;} .battle-log .chat {vertical-align:middle;padding:3px 0 3px 0;font-size:8pt;} .battle-log .chat strong {color:#40576A;} .battle-log .chat em {padding:1px 4px 1px 3px;color:#000000;font-style:normal;} .chat.mine {background:rgba(0,0,0,0.05);margin-left:-8px;margin-right:-8px;padding-left:8px;padding-right:8px;} .spoiler {color:#BBBBBB;background:#BBBBBB;padding:0px 3px;} .spoiler:hover, .spoiler:active, .spoiler-shown {color:#000000;background:#E2E2E2;padding:0px 3px;} .spoiler a {color:#BBBBBB;} .spoiler:hover a, .spoiler:active a, .spoiler-shown a {color:#2288CC;} .chat code, .chat .spoiler:hover code, .chat .spoiler:active code, .chat .spoiler-shown code {border:1px solid #C0C0C0;background:#EEEEEE;color:black;padding:0 2px;} .chat .spoiler code {border:1px solid #CCCCCC;background:#CCCCCC;color:#CCCCCC;} .battle-log .rated {padding:3px 4px;} .battle-log .rated strong {color:white;background:#89A;padding:1px 4px;border-radius:4px;} .spacer {margin-top:0.5em;} .message-announce {background:#6688AA;color:white;padding:1px 4px 2px;} .message-announce a, .broadcast-green a, .broadcast-blue a, .broadcast-red a {color:#DDEEFF;} .broadcast-green {background-color:#559955;color:white;padding:2px 4px;} .broadcast-blue {background-color:#6688AA;color:white;padding:2px 4px;} .infobox {border:1px solid #6688AA;padding:2px 4px;} .infobox-limited {max-height:200px;overflow:auto;overflow-x:hidden;} .broadcast-red {background-color:#AA5544;color:white;padding:2px 4px;} .message-learn-canlearn {font-weight:bold;color:#228822;text-decoration:underline;} .message-learn-cannotlearn {font-weight:bold;color:#CC2222;text-decoration:underline;} .message-effect-weak {font-weight:bold;color:#CC2222;} .message-effect-resist {font-weight:bold;color:#6688AA;} .message-effect-immune {font-weight:bold;color:#666666;} .message-learn-list {margin-top:0;margin-bottom:0;} .message-throttle-notice, .message-error {color:#992222;} .message-overflow, .chat small.message-overflow {font-size:0pt;} .message-overflow::before {font-size:9pt;content:'...';} .subtle {color:#3A4A66;}
</style>
<div class="wrapper replay-wrapper" style="max-width:1180px;margin:0 auto">
<input type="hidden" name="replayid" value="dragonheaven-gen8evolutionproject-21" />
<div class="battle"></div><div class="battle-log"></div><div class="replay-controls"></div><div class="replay-controls-2"></div>
<h1 style="font-weight:normal;text-align:center"><strong>[Gen 8] Evolution Project</strong><br /><a href="http://pokemonshowdown.com/users/godofjoe" class="subtle" target="_blank">god of joe</a> vs. <a href="http://pokemonshowdown.com/users/violettes" class="subtle" target="_blank">Violettes</a></h1>
<script type="text/plain" class="battle-log-data">|j|☆god of joe

|j|☆Violettes
|t:|1658086637
|player|p1|god of joe|caitlin|
|player|p2|Violettes|furisodegirl-pink|
|teamsize|p1|6
|teamsize|p2|6
|gametype|singles
|gen|8
|tier|[Gen 8] Evolution Project
|clearpoke
|poke|p1|Klefki-Galar, F|
|poke|p1|Playdol, F|
|poke|p1|Michu, M|
|poke|p1|Gallade, M|
|poke|p1|Voltangent, M|
|poke|p1|Dewgong-Variant, M|
|poke|p2|Condana, M|
|poke|p2|Aleon, M|
|poke|p2|Constabull, M|
|poke|p2|Whiscazu, M|
|poke|p2|Mantine-Variant, M|
|poke|p2|Reuniclus-Neural, M|
|rule|HP Percentage Mod: HP is shown in percentages
|rule|Endless Battle Clause: Forcing endless battles is banned
|rule|OHKO Clause: OHKO moves are banned
|rule|Evasion Moves Clause: Evasion moves are banned
|rule|Species Clause: Limit one of each Pokémon
|rule|Dynamax Clause: You cannot dynamax
|rule|Sleep Clause Mod: Limit one foe put to sleep
|rule|Z-Move Clause: Type-based Z-Moves are banned
|teampreview
|
|t:|1658086686
|start
|switch|p1a: Playdol|Playdol, F|261\/261
|switch|p2a: Munchdew|Whiscazu, M|100\/100
|-start|p1a: Playdol|typechange|Normal\/Ghost|[silent]
|raw|<ul class="utilichart"><li class="result"><span class="col pokemonnamecol" style="white-space: nowrap">Playdol<\/span> <span class="col typecol"><img src="https:\/\/dragonheaven.herokuapp.com\/sprites\/types\/Normal.png" alt="Normal" height="14" width="32"><img src="https:\/\/dragonheaven.herokuapp.com\/sprites\/types\/Ghost.png" alt="Ghost" height="14" width="32"><\/span> <span style="float: left ; min-height: 26px"><span class="col abilitycol">Telepathy \/ Anticipation<\/span><span class="col abilitycol"><\/span><\/span><\/li><li style="clear: both"><\/li><\/ul>
|raw|<ul class="utilichart"><li class="result"><span style="float: left ; min-height: 26px"><span class="col statcol"><em>HP<\/em><br>60<\/span> <span class="col statcol"><em>Atk<\/em><br>85<\/span> <span class="col statcol"><em>Def<\/em><br>90<\/span> <span class="col statcol"><em>SpA<\/em><br>85<\/span> <span class="col statcol"><em>SpD<\/em><br>105<\/span> <span class="col statcol"><em>Spe<\/em><br>75<\/span> <\/span><\/li><li style="clear: both"><\/li><\/ul>
|-hint|Playdol was created by Violet!
|-start|p2a: Munchdew|typechange|Water\/Ground|[silent]
|raw|<ul class="utilichart"><li class="result"><span class="col pokemonnamecol" style="white-space: nowrap">Whiscazu<\/span> <span class="col typecol"><img src="https:\/\/dragonheaven.herokuapp.com\/sprites\/types\/Water.png" alt="Water" height="14" width="32"><img src="https:\/\/dragonheaven.herokuapp.com\/sprites\/types\/Ground.png" alt="Ground" height="14" width="32"><\/span> <span style="float: left ; min-height: 26px"><span class="col abilitycol">Oblivious \/ Cheek Pouch \/ Hydration<\/span><span class="col abilitycol"><\/span><\/span><\/li><li style="clear: both"><\/li><\/ul>
|raw|<ul class="utilichart"><li class="result"><span style="float: left ; min-height: 26px"><span class="col statcol"><em>HP<\/em><br>110<\/span> <span class="col statcol"><em>Atk<\/em><br>78<\/span> <span class="col statcol"><em>Def<\/em><br>78<\/span> <span class="col statcol"><em>SpA<\/em><br>116<\/span> <span class="col statcol"><em>SpD<\/em><br>81<\/span> <span class="col statcol"><em>Spe<\/em><br>70<\/span> <\/span><\/li><li style="clear: both"><\/li><\/ul>
|-hint|Whiscazu was created by ausma!
|turn|1
|
|t:|1658086694
|move|p1a: Playdol|Stealth Rock|p2a: Munchdew
|-sidestart|p2: Violettes|move: Stealth Rock
|move|p2a: Munchdew|Stealth Rock|p1a: Playdol
|-sidestart|p1: god of joe|move: Stealth Rock
|
|upkeep
|turn|2
|
|t:|1658086704
|move|p1a: Playdol|Rapid Spin|p2a: Munchdew
|-damage|p2a: Munchdew|86\/100
|-boost|p1a: Playdol|spe|1
|-enditem|p2a: Munchdew|Jaboca Berry|[eat]
|-heal|p2a: Munchdew|100\/100|[from] ability: Cheek Pouch
|-damage|p1a: Playdol|229\/261|[from] item: Jaboca Berry|[of] p2a: Munchdew
|-sideend|p1: god of joe|Stealth Rock|[from] move: Rapid Spin|[of] p1a: Playdol
|move|p2a: Munchdew|Scald|p1a: Playdol
|-damage|p1a: Playdol|132\/261
|
|-heal|p1a: Playdol|148\/261|[from] item: Leftovers
|upkeep
|turn|3
|
|t:|1658086735
|move|p2a: Munchdew|Recycle|p2a: Munchdew
|-item|p2a: Munchdew|Jaboca Berry|[from] move: Recycle
|move|p1a: Playdol|Teleport|p1a: Playdol
|
|t:|1658086768
|switch|p1a: Dewgong|Dewgong-Variant, M|384\/384
|-start|p1a: Dewgong|typechange|Normal|[silent]
|raw|<ul class="utilichart"><li class="result"><span class="col pokemonnamecol" style="white-space: nowrap">Dewgong-Variant<\/span> <span class="col typecol"><img src="https:\/\/dragonheaven.herokuapp.com\/sprites\/types\/Normal.png" alt="Normal" height="14" width="32"><\/span> <span style="float: left ; min-height: 26px"><span class="col abilitycol">Hydration \/ Adaptability \/ Thick Fat<\/span><span class="col abilitycol"><\/span><\/span><\/li><li style="clear: both"><\/li><\/ul>
|raw|<ul class="utilichart"><li class="result"><span style="float: left ; min-height: 26px"><span class="col statcol"><em>HP<\/em><br>90<\/span> <span class="col statcol"><em>Atk<\/em><br>50<\/span> <span class="col statcol"><em>Def<\/em><br>80<\/span> <span class="col statcol"><em>SpA<\/em><br>110<\/span> <span class="col statcol"><em>SpD<\/em><br>95<\/span> <span class="col statcol"><em>Spe<\/em><br>50<\/span> <\/span><\/li><li style="clear: both"><\/li><\/ul>
|-hint|Dewgong-Variant was created by Magmajudis!
|
|upkeep
|turn|4
|
|t:|1658086783
|switch|p2a: Rocket Punch|Reuniclus-Neural, M|100\/100
|-start|p2a: Rocket Punch|typechange|Fighting|[silent]
|raw|<ul class="utilichart"><li class="result"><span class="col pokemonnamecol" style="white-space: nowrap">Reuniclus-Neural<\/span> <span class="col typecol"><img src="https:\/\/dragonheaven.herokuapp.com\/sprites\/types\/Fighting.png" alt="Fighting" height="14" width="32"><\/span> <span style="float: left ; min-height: 26px"><span class="col abilitycol">Overcoat \/ Electric Surge \/ Regenerator<\/span><span class="col abilitycol"><\/span><\/span><\/li><li style="clear: both"><\/li><\/ul>
|raw|<ul class="utilichart"><li class="result"><span style="float: left ; min-height: 26px"><span class="col statcol"><em>HP<\/em><br>110<\/span> <span class="col statcol"><em>Atk<\/em><br>125<\/span> <span class="col statcol"><em>Def<\/em><br>65<\/span> <span class="col statcol"><em>SpA<\/em><br>65<\/span> <span class="col statcol"><em>SpD<\/em><br>85<\/span> <span class="col statcol"><em>Spe<\/em><br>40<\/span> <\/span><\/li><li style="clear: both"><\/li><\/ul>
|-hint|Reuniclus-Neural was created by ausma!
|-damage|p2a: Rocket Punch|94\/100|[from] Stealth Rock
|-fieldstart|move: Electric Terrain|[from] ability: Electric Surge|[of] p2a: Rocket Punch
|move|p1a: Dewgong|Stockpile|p1a: Dewgong
|-start|p1a: Dewgong|stockpile1
|-boost|p1a: Dewgong|def|1
|-boost|p1a: Dewgong|spd|1
|
|upkeep
|turn|5
|
|t:|1658086791
|move|p1a: Dewgong|Toxic|p2a: Rocket Punch
|-status|p2a: Rocket Punch|tox
|move|p2a: Rocket Punch|Axon Rush||[still]
|-anim|p2a: Rocket Punch|Acupressure|p2a: Rocket Punch
|-boost|p2a: Rocket Punch|atk|1
|-boost|p2a: Rocket Punch|def|1
|-boost|p2a: Rocket Punch|spe|1
|
|-damage|p2a: Rocket Punch|88\/100 tox|[from] psn
|upkeep
|turn|6
|
|t:|1658086804
|switch|p1a: Playdol|Playdol, F|148\/261
|-start|p1a: Playdol|typechange|Normal\/Ghost|[silent]
|-ability|p1a: Playdol|Anticipation
|move|p2a: Rocket Punch|Drain Punch|p1a: Playdol
|-immune|p1a: Playdol
|
|-heal|p1a: Playdol|164\/261|[from] item: Leftovers
|-damage|p2a: Rocket Punch|76\/100 tox|[from] psn
|upkeep
|turn|7
|
|t:|1658086826
|move|p1a: Playdol|Explosion|p2a: Rocket Punch
|-damage|p2a: Rocket Punch|0 fnt
|faint|p1a: Playdol
|faint|p2a: Rocket Punch
|
|upkeep
|
|t:|1658086841
|switch|p1a: Dewgong|Dewgong-Variant, M|384\/384
|switch|p2a: Friend :D|Aleon, M|100\/100
|-damage|p2a: Friend :D|88\/100|[from] Stealth Rock
|-start|p2a: Friend :D|typechange|Normal|[silent]
|raw|<ul class="utilichart"><li class="result"><span class="col pokemonnamecol" style="white-space: nowrap">Aleon<\/span> <span class="col typecol"><img src="https:\/\/dragonheaven.herokuapp.com\/sprites\/types\/Normal.png" alt="Normal" height="14" width="32"><\/span> <span style="float: left ; min-height: 26px"><span class="col abilitycol">Adaptability \/ Normalize \/ Beast Boost<\/span><span class="col abilitycol"><\/span><\/span><\/li><li style="clear: both"><\/li><\/ul>
|raw|<ul class="utilichart"><li class="result"><span style="float: left ; min-height: 26px"><span class="col statcol"><em>HP<\/em><br>103<\/span> <span class="col statcol"><em>Atk<\/em><br>79<\/span> <span class="col statcol"><em>Def<\/em><br>53<\/span> <span class="col statcol"><em>SpA<\/em><br>89<\/span> <span class="col statcol"><em>SpD<\/em><br>67<\/span> <span class="col statcol"><em>Spe<\/em><br>134<\/span> <\/span><\/li><li style="clear: both"><\/li><\/ul>
|-hint|Aleon was created by inkbug!
|-start|p1a: Dewgong|typechange|Normal|[silent]
|turn|8
|
|t:|1658086851
|move|p2a: Friend :D|Echoed Voice|p1a: Dewgong
|-damage|p1a: Dewgong|315\/384
|-enditem|p2a: Friend :D|Throat Spray
|-boost|p2a: Friend :D|spa|1|[from] item: Throat Spray
|move|p1a: Dewgong|Stockpile|p1a: Dewgong
|-start|p1a: Dewgong|stockpile1
|-boost|p1a: Dewgong|def|1
|-boost|p1a: Dewgong|spd|1
|
|-heal|p1a: Dewgong|339\/384|[from] item: Leftovers
|-fieldend|move: Electric Terrain
|upkeep
|turn|9
|
|t:|1658086856
|move|p2a: Friend :D|Echoed Voice|p1a: Dewgong
|-damage|p1a: Dewgong|204\/384
|move|p1a: Dewgong|Stockpile|p1a: Dewgong
|-start|p1a: Dewgong|stockpile2
|-boost|p1a: Dewgong|def|1
|-boost|p1a: Dewgong|spd|1
|
|-heal|p1a: Dewgong|228\/384|[from] item: Leftovers
|upkeep
|turn|10
|
|t:|1658086860
|move|p2a: Friend :D|Echoed Voice|p1a: Dewgong
|-damage|p1a: Dewgong|80\/384
|move|p1a: Dewgong|Echoed Voice|p2a: Friend :D
|-damage|p2a: Friend :D|23\/100
|
|-heal|p1a: Dewgong|104\/384|[from] item: Leftovers
|upkeep
|turn|11
|
|t:|1658086870
|move|p2a: Friend :D|Echoed Voice|p1a: Dewgong
|-damage|p1a: Dewgong|0 fnt
|faint|p1a: Dewgong
|-ability|p2a: Friend :D|Beast Boost|boost
|-boost|p2a: Friend :D|spa|1
|
|upkeep
|
|t:|1658086886
|switch|p1a: Klefki|Klefki-Galar, F|318\/318
|-start|p1a: Klefki|typechange|Steel\/Dark|[silent]
|raw|<ul class="utilichart"><li class="result"><span class="col pokemonnamecol" style="white-space: nowrap">Klefki-Galar<\/span> <span class="col typecol"><img src="https:\/\/dragonheaven.herokuapp.com\/sprites\/types\/Steel.png" alt="Steel" height="14" width="32"><img src="https:\/\/dragonheaven.herokuapp.com\/sprites\/types\/Dark.png" alt="Dark" height="14" width="32"><\/span> <span style="float: left ; min-height: 26px"><span class="col abilitycol">Hunger Switch<\/span><span class="col abilitycol"><\/span><\/span><\/li><li style="clear: both"><\/li><\/ul>
|raw|<ul class="utilichart"><li class="result"><span style="float: left ; min-height: 26px"><span class="col statcol"><em>HP<\/em><br>57<\/span> <span class="col statcol"><em>Atk<\/em><br>60<\/span> <span class="col statcol"><em>Def<\/em><br>106<\/span> <span class="col statcol"><em>SpA<\/em><br>70<\/span> <span class="col statcol"><em>SpD<\/em><br>87<\/span> <span class="col statcol"><em>Spe<\/em><br>90<\/span> <\/span><\/li><li style="clear: both"><\/li><\/ul>
|-hint|Klefki-Galar was created by Albatross!
|turn|12
|
|t:|1658086893
|move|p1a: Klefki|Protect|p1a: Klefki
|-singleturn|p1a: Klefki|Protect
|move|p2a: Friend :D|Echoed Voice|p1a: Klefki
|-activate|p1a: Klefki|move: Protect
|
|-formechange|p1a: Klefki|Klefki-Galar-Revealed||[from] ability: Hunger Switch
|-start|p1a: Klefki|typechange|Fairy\/Dark|[silent]
|-message|Klefki changed to Revealed Mode!
|raw|<ul class="utilichart"><li class="result"><span class="col pokemonnamecol" style="white-space: nowrap">Klefki-Galar-Revealed<\/span> <span class="col typecol"><img src="https:\/\/dragonheaven.herokuapp.com\/sprites\/types\/Fairy.png" alt="Fairy" height="14" width="32"><img src="https:\/\/dragonheaven.herokuapp.com\/sprites\/types\/Dark.png" alt="Dark" height="14" width="32"><\/span> <span style="float: left ; min-height: 26px"><span class="col abilitycol">Hunger Switch<\/span><span class="col abilitycol"><\/span><\/span><span style="float: left ; min-height: 26px"><span class="col statcol"><em>HP<\/em><br>57<\/span> <span class="col statcol"><em>Atk<\/em><br>116<\/span> <span class="col statcol"><em>Def<\/em><br>50<\/span> <span class="col statcol"><em>SpA<\/em><br>70<\/span> <span class="col statcol"><em>SpD<\/em><br>87<\/span> <span class="col statcol"><em>Spe<\/em><br>90<\/span> <\/span><\/li><li style="clear: both"><\/li><\/ul>
|upkeep
|turn|13
|
|t:|1658086900
|move|p1a: Klefki|Knock Off|p2a: Friend :D
|-damage|p2a: Friend :D|0 fnt
|faint|p2a: Friend :D
|
|-formechange|p1a: Klefki|Klefki-Galar||[from] ability: Hunger Switch
|-start|p1a: Klefki|typechange|Steel\/Dark|[silent]
|-message|Klefki changed to Lure Mode!
|upkeep
|
|t:|1658086949
|switch|p2a: Slither and Doom|Condana, M|100\/100
|-start|p2a: Slither and Doom|typechange|Poison\/Dark|[silent]
|raw|<ul class="utilichart"><li class="result"><span class="col pokemonnamecol" style="white-space: nowrap">Condana<\/span> <span class="col typecol"><img src="https:\/\/dragonheaven.herokuapp.com\/sprites\/types\/Poison.png" alt="Poison" height="14" width="32"><img src="https:\/\/dragonheaven.herokuapp.com\/sprites\/types\/Dark.png" alt="Dark" height="14" width="32"><\/span> <span style="float: left ; min-height: 26px"><span class="col abilitycol">Stance Change<\/span><span class="col abilitycol"><\/span><\/span><\/li><li style="clear: both"><\/li><\/ul>
|raw|<ul class="utilichart"><li class="result"><span style="float: left ; min-height: 26px"><span class="col statcol"><em>HP<\/em><br>75<\/span> <span class="col statcol"><em>Atk<\/em><br>39<\/span> <span class="col statcol"><em>Def<\/em><br>120<\/span> <span class="col statcol"><em>SpA<\/em><br>39<\/span> <span class="col statcol"><em>SpD<\/em><br>120<\/span> <span class="col statcol"><em>Spe<\/em><br>115<\/span> <\/span><\/li><li style="clear: both"><\/li><\/ul>
|-hint|Condana was created by abismal!
|-damage|p2a: Slither and Doom|88\/100|[from] Stealth Rock
|turn|14
|
|t:|1658086956
|move|p2a: Slither and Doom|Coil|p2a: Slither and Doom
|-boost|p2a: Slither and Doom|atk|1
|-boost|p2a: Slither and Doom|def|1
|-boost|p2a: Slither and Doom|accuracy|1
|move|p1a: Klefki|Swords Dance|p1a: Klefki
|-boost|p1a: Klefki|atk|2
|
|-heal|p2a: Slither and Doom|94\/100|[from] item: Leftovers
|-formechange|p1a: Klefki|Klefki-Galar-Revealed||[from] ability: Hunger Switch
|-start|p1a: Klefki|typechange|Fairy\/Dark|[silent]
|-message|Klefki changed to Revealed Mode!
|upkeep
|turn|15
|
|t:|1658086969
|move|p1a: Klefki|Protect|p1a: Klefki
|-singleturn|p1a: Klefki|Protect
|-formechange|p2a: Slither and Doom|Condana-Coiled||[from] ability: Stance Change
|-message|Slither and Doom changed to Coiled Forme!
|-start|p2a: Slither and Doom|typechange|Poison\/Dark|[silent]
|raw|<ul class="utilichart"><li class="result"><span class="col pokemonnamecol" style="white-space: nowrap">Condana-Coiled<\/span> <span class="col typecol"><img src="https:\/\/dragonheaven.herokuapp.com\/sprites\/types\/Poison.png" alt="Poison" height="14" width="32"><img src="https:\/\/dragonheaven.herokuapp.com\/sprites\/types\/Dark.png" alt="Dark" height="14" width="32"><\/span> <span style="float: left ; min-height: 26px"><span class="col abilitycol">Stance Change<\/span><span class="col abilitycol"><\/span><\/span><span style="float: left ; min-height: 26px"><span class="col statcol"><em>HP<\/em><br>75<\/span> <span class="col statcol"><em>Atk<\/em><br>135<\/span> <span class="col statcol"><em>Def<\/em><br>49<\/span> <span class="col statcol"><em>SpA<\/em><br>135<\/span> <span class="col statcol"><em>SpD<\/em><br>49<\/span> <span class="col statcol"><em>Spe<\/em><br>65<\/span> <\/span><\/li><li style="clear: both"><\/li><\/ul>
|move|p2a: Slither and Doom|Gunk Shot|p1a: Klefki
|-activate|p1a: Klefki|move: Protect
|
|-heal|p2a: Slither and Doom|100\/100|[from] item: Leftovers
|-formechange|p1a: Klefki|Klefki-Galar||[from] ability: Hunger Switch
|-start|p1a: Klefki|typechange|Steel\/Dark|[silent]
|-message|Klefki changed to Lure Mode!
|upkeep
|turn|16
|
|t:|1658086979
|move|p1a: Klefki|Swords Dance|p1a: Klefki
|-boost|p1a: Klefki|atk|2
|move|p2a: Slither and Doom|Earthquake|p1a: Klefki
|-supereffective|p1a: Klefki
|-damage|p1a: Klefki|0 fnt
|faint|p1a: Klefki
|
|upkeep
|
|t:|1658086989
|switch|p1a: Gallade|Gallade, M|277\/277
|turn|17
|
|t:|1658086996
|move|p1a: Gallade|Close Combat|p2a: Slither and Doom
|-damage|p2a: Slither and Doom|0 fnt
|-unboost|p1a: Gallade|def|1
|-unboost|p1a: Gallade|spd|1
|-damage|p1a: Gallade|250\/277|[from] item: Life Orb
|faint|p2a: Slither and Doom
|
|upkeep
|
|t:|1658087005
|switch|p2a: Safety First|Constabull, M|100\/100
|-damage|p2a: Safety First|88\/100|[from] Stealth Rock
|-start|p2a: Safety First|typechange|Fairy|[silent]
|raw|<ul class="utilichart"><li class="result"><span class="col pokemonnamecol" style="white-space: nowrap">Constabull<\/span> <span class="col typecol"><img src="https:\/\/dragonheaven.herokuapp.com\/sprites\/types\/Fairy.png" alt="Fairy" height="14" width="32"><\/span> <span style="float: left ; min-height: 26px"><span class="col abilitycol">Intimidate \/ Early Bird \/ Iron Barbs<\/span><span class="col abilitycol"><\/span><\/span><\/li><li style="clear: both"><\/li><\/ul>
|raw|<ul class="utilichart"><li class="result"><span style="float: left ; min-height: 26px"><span class="col statcol"><em>HP<\/em><br>93<\/span> <span class="col statcol"><em>Atk<\/em><br>130<\/span> <span class="col statcol"><em>Def<\/em><br>110<\/span> <span class="col statcol"><em>SpA<\/em><br>80<\/span> <span class="col statcol"><em>SpD<\/em><br>80<\/span> <span class="col statcol"><em>Spe<\/em><br>32<\/span> <\/span><\/li><li style="clear: both"><\/li><\/ul>
|-hint|Constabull was created by inkbug!
|-ability|p2a: Safety First|Intimidate|boost
|-unboost|p1a: Gallade|atk|1
|turn|18
|
|t:|1658087016
|switch|p1a: Voltangent|Voltangent, M|404\/404
|-start|p1a: Voltangent|typechange|Electric\/Dragon|[silent]
|raw|<ul class="utilichart"><li class="result"><span class="col pokemonnamecol" style="white-space: nowrap">Voltangent<\/span> <span class="col typecol"><img src="https:\/\/dragonheaven.herokuapp.com\/sprites\/types\/Electric.png" alt="Electric" height="14" width="32"><img src="https:\/\/dragonheaven.herokuapp.com\/sprites\/types\/Dragon.png" alt="Dragon" height="14" width="32"><\/span> <span style="float: left ; min-height: 26px"><span class="col abilitycol">Regenerator \/ Minus<\/span><span class="col abilitycol"><\/span><\/span><\/li><li style="clear: both"><\/li><\/ul>
|raw|<ul class="utilichart"><li class="result"><span style="float: left ; min-height: 26px"><span class="col statcol"><em>HP<\/em><br>100<\/span> <span class="col statcol"><em>Atk<\/em><br>115<\/span> <span class="col statcol"><em>Def<\/em><br>85<\/span> <span class="col statcol"><em>SpA<\/em><br>75<\/span> <span class="col statcol"><em>SpD<\/em><br>90<\/span> <span class="col statcol"><em>Spe<\/em><br>45<\/span> <\/span><\/li><li style="clear: both"><\/li><\/ul>
|-hint|Voltangent was created by Paulluxx!
|move|p2a: Safety First|Bulk Up|p2a: Safety First
|-boost|p2a: Safety First|atk|1
|-boost|p2a: Safety First|def|1
|
|-heal|p2a: Safety First|94\/100|[from] item: Leftovers
|upkeep
|turn|19
|
|t:|1658087031
|move|p1a: Voltangent|Reflect|p1a: Voltangent
|-sidestart|p1: god of joe|Reflect
|move|p2a: Safety First|Play Rough|p1a: Voltangent
|-supereffective|p1a: Voltangent
|-damage|p1a: Voltangent|103\/404
|
|-heal|p2a: Safety First|100\/100|[from] item: Leftovers
|upkeep
|turn|20
|
|t:|1658087040
|move|p1a: Voltangent|Volt Switch|p2a: Safety First
|-damage|p2a: Safety First|79\/100
|
|t:|1658087042
|switch|p1a: Gallade|Gallade, M|250\/277
|move|p2a: Safety First|Play Rough|p1a: Gallade
|-supereffective|p1a: Gallade
|-damage|p1a: Gallade|0 fnt
|faint|p1a: Gallade
|
|-heal|p2a: Safety First|86\/100|[from] item: Leftovers
|upkeep
|
|t:|1658087044
|switch|p1a: Michu|Michu, M|247\/247
|-start|p1a: Michu|typechange|Normal\/Fairy|[silent]
|raw|<ul class="utilichart"><li class="result"><span class="col pokemonnamecol" style="white-space: nowrap">Michu<\/span> <span class="col typecol"><img src="https:\/\/dragonheaven.herokuapp.com\/sprites\/types\/Normal.png" alt="Normal" height="14" width="32"><img src="https:\/\/dragonheaven.herokuapp.com\/sprites\/types\/Fairy.png" alt="Fairy" height="14" width="32"><\/span> <span style="float: left ; min-height: 26px"><span class="col abilitycol">Rattled<\/span><span class="col abilitycol"><\/span><\/span><\/li><li style="clear: both"><\/li><\/ul>
|raw|<ul class="utilichart"><li class="result"><span style="float: left ; min-height: 26px"><span class="col statcol"><em>HP<\/em><br>35<\/span> <span class="col statcol"><em>Atk<\/em><br>80<\/span> <span class="col statcol"><em>Def<\/em><br>60<\/span> <span class="col statcol"><em>SpA<\/em><br>30<\/span> <span class="col statcol"><em>SpD<\/em><br>95<\/span> <span class="col statcol"><em>Spe<\/em><br>101<\/span> <\/span><\/li><li style="clear: both"><\/li><\/ul>
|-hint|Michu was created by Hematite!
|turn|21
|
|t:|1658087053
|move|p1a: Michu|Will-O-Wisp|p2a: Safety First
|-status|p2a: Safety First|brn
|move|p2a: Safety First|Play Rough|p1a: Michu
|-damage|p1a: Michu|181\/247
|
|-heal|p2a: Safety First|92\/100 brn|[from] item: Leftovers
|-damage|p2a: Safety First|86\/100 brn|[from] brn
|upkeep
|turn|22
|
|t:|1658087061
|move|p1a: Michu|Swords Dance|p1a: Michu
|-boost|p1a: Michu|atk|2
|move|p2a: Safety First|Bulk Up|p2a: Safety First
|-boost|p2a: Safety First|atk|1
|-boost|p2a: Safety First|def|1
|
|-heal|p2a: Safety First|92\/100 brn|[from] item: Leftovers
|-damage|p2a: Safety First|86\/100 brn|[from] brn
|upkeep
|turn|23
|
|t:|1658087065
|move|p1a: Michu|Swords Dance|p1a: Michu
|-boost|p1a: Michu|atk|2
|move|p2a: Safety First|Thunder Wave|p1a: Michu
|-status|p1a: Michu|par
|
|-heal|p2a: Safety First|92\/100 brn|[from] item: Leftovers
|-damage|p2a: Safety First|86\/100 brn|[from] brn
|upkeep
|turn|24
|
|t:|1658087077
|cant|p1a: Michu|par
|move|p2a: Safety First|Bulk Up|p2a: Safety First
|-boost|p2a: Safety First|atk|1
|-boost|p2a: Safety First|def|1
|
|-heal|p2a: Safety First|92\/100 brn|[from] item: Leftovers
|-damage|p2a: Safety First|86\/100 brn|[from] brn
|upkeep
|turn|25
|
|t:|1658087080
|move|p1a: Michu|Swords Dance|p1a: Michu
|-boost|p1a: Michu|atk|2
|move|p2a: Safety First|Bulk Up|p2a: Safety First
|-boost|p2a: Safety First|atk|1
|-boost|p2a: Safety First|def|1
|
|-heal|p2a: Safety First|92\/100 brn|[from] item: Leftovers
|-damage|p2a: Safety First|86\/100 brn|[from] brn
|upkeep
|turn|26
|
|t:|1658087085
|cant|p1a: Michu|par
|move|p2a: Safety First|Play Rough|p1a: Michu
|-damage|p1a: Michu|42\/247 par
|
|-heal|p2a: Safety First|92\/100 brn|[from] item: Leftovers
|-damage|p2a: Safety First|86\/100 brn|[from] brn
|-sideend|p1: god of joe|Reflect
|upkeep
|turn|27
|
|t:|1658087092
|move|p1a: Michu|Play Rough|p2a: Safety First
|-damage|p2a: Safety First|51\/100 brn
|move|p2a: Safety First|Play Rough|p1a: Michu
|-damage|p1a: Michu|0 fnt
|faint|p1a: Michu
|
|-heal|p2a: Safety First|57\/100 brn|[from] item: Leftovers
|-damage|p2a: Safety First|51\/100 brn|[from] brn
|upkeep
|
|t:|1658087096
|switch|p1a: Voltangent|Voltangent, M|237\/404
|-start|p1a: Voltangent|typechange|Electric\/Dragon|[silent]
|turn|28
|
|t:|1658087098
|move|p1a: Voltangent|Volt Switch|p2a: Safety First
|-damage|p2a: Safety First|30\/100 brn
|move|p2a: Safety First|Play Rough|p1a: Voltangent
|-supereffective|p1a: Voltangent
|-damage|p1a: Voltangent|0 fnt
|faint|p1a: Voltangent
|
|win|Violettes</script>
</div>
<div class="battle-log battle-log-inline"><div class="inner"><div class="battle-options"><div style="padding-top: 3px; padding-right: 3px; text-align: right"><button class="icon button" name="openBattleOptions" title="Options">Battle Options</button></div></div><div class="inner message-log"><div class="chat"><small>☆god of joe and ☆Violettes joined</small></div><div class=""><small>Format:</small> <br><strong>[Gen 8] Evolution Project</strong></div><div class=""><small><em>HP Percentage Mod:</em> HP is shown in percentages</small></div><div class=""><small><em>Endless Battle Clause:</em> Forcing endless battles is banned</small></div><div class=""><small><em>OHKO Clause:</em> OHKO moves are banned</small></div><div class=""><small><em>Evasion Moves Clause:</em> Evasion moves are banned</small></div><div class=""><small><em>Species Clause:</em> Limit one of each Pokémon</small></div><div class=""><small><em>Dynamax Clause:</em> You cannot dynamax</small></div><div class=""><small><em>Sleep Clause Mod:</em> Limit one foe put to sleep</small></div><div class=""><small><em>Z-Move Clause:</em> Type-based Z-Moves are banned</small></div><div class="chat battle-history"><strong>god of joe's team:</strong> <em style="color:#445566;display:block;">Klefki-Galar / Playdol / Michu / Gallade / Voltangent / Dewgong-Variant</em></div><div class="chat battle-history"><strong>Violettes's team:</strong> <em style="color:#445566;display:block;">Condana / Aleon / Constabull / Whiscazu / Mantine-Variant / Reuniclus-Neural</em></div><div class="spacer battle-history"><br></div><div class="battle-history">Battle started between god of joe and Violettes!<br></div><div class="spacer battle-history"><br></div><div class="battle-history">Go! <strong>Playdol</strong>!<br></div><div class="spacer battle-history"><br></div><div class="battle-history">Violettes sent out Munchdew (<strong>Whiscazu</strong>)!<br></div><div class="chat"><ul class="utilichart"><li class="result"><span class="col pokemonnamecol" style="white-space: nowrap">Playdol</span> <span class="col typecol"><img src="https://dragonheaven.herokuapp.com/sprites/types/Normal.png" alt="Normal" height="14" width="32"><img src="https://dragonheaven.herokuapp.com/sprites/types/Ghost.png" alt="Ghost" height="14" width="32"></span> <span style="float: left ; min-height: 26px"><span class="col abilitycol">Telepathy / Anticipation</span><span class="col abilitycol"></span></span></li><li style="clear: both"></li></ul></div><div class="chat"><ul class="utilichart"><li class="result"><span style="float: left ; min-height: 26px"><span class="col statcol"><em>HP</em><br>60</span> <span class="col statcol"><em>Atk</em><br>85</span> <span class="col statcol"><em>Def</em><br>90</span> <span class="col statcol"><em>SpA</em><br>85</span> <span class="col statcol"><em>SpD</em><br>105</span> <span class="col statcol"><em>Spe</em><br>75</span> </span></li><li style="clear: both"></li></ul></div><div class="battle-history"><small>(Playdol was created by Violet!)</small><br></div><div class="chat"><ul class="utilichart"><li class="result"><span class="col pokemonnamecol" style="white-space: nowrap">Whiscazu</span> <span class="col typecol"><img src="https://dragonheaven.herokuapp.com/sprites/types/Water.png" alt="Water" height="14" width="32"><img src="https://dragonheaven.herokuapp.com/sprites/types/Ground.png" alt="Ground" height="14" width="32"></span> <span style="float: left ; min-height: 26px"><span class="col abilitycol">Oblivious / Cheek Pouch / Hydration</span><span class="col abilitycol"></span></span></li><li style="clear: both"></li></ul></div><div class="chat"><ul class="utilichart"><li class="result"><span style="float: left ; min-height: 26px"><span class="col statcol"><em>HP</em><br>110</span> <span class="col statcol"><em>Atk</em><br>78</span> <span class="col statcol"><em>Def</em><br>78</span> <span class="col statcol"><em>SpA</em><br>116</span> <span class="col statcol"><em>SpD</em><br>81</span> <span class="col statcol"><em>Spe</em><br>70</span> </span></li><li style="clear: both"></li></ul></div><div class="battle-history"><small>(Whiscazu was created by ausma!)</small><br></div><div class="spacer battle-history"><br></div><h2 class="battle-history">Turn 1</h2><div class="spacer battle-history"><br></div><div class="battle-history">Playdol used <strong>Stealth Rock</strong>!<br></div><div class="battle-history"><small>Pointed stones float in the air around the opposing team!</small><br></div><div class="spacer battle-history"><br></div><div class="battle-history">The opposing Munchdew used <strong>Stealth Rock</strong>!<br></div><div class="battle-history"><small>Pointed stones float in the air around your team!</small><br></div><div class="spacer battle-history"><br></div><h2 class="battle-history">Turn 2</h2><div class="spacer battle-history"><br></div><div class="battle-history">Playdol used <strong>Rapid Spin</strong>!<br></div><div class="battle-history"><small>(The opposing Munchdew lost 14% of its health!)</small><br></div><div class="battle-history"><small>Playdol's Speed rose!</small><br></div><div class="battle-history"><small>(The opposing Munchdew ate its Jaboca Berry!)</small><br></div><div class="battle-history">[The opposing Munchdew's Cheek Pouch]<br><small>The opposing Munchdew had its HP restored.</small><br></div><div class="battle-history"><small>Playdol was hurt by the opposing Munchdew's Jaboca Berry!</small><br></div><div class="battle-history"><small>The pointed stones disappeared from around your team!</small><br></div><div class="spacer battle-history"><br></div><div class="battle-history">The opposing Munchdew used <strong>Scald</strong>!<br></div><div class="battle-history"><small>(Playdol lost <abbr title="−97/261">37.2%</abbr> of its health!)</small><br></div><div class="spacer battle-history"><br></div><div class="battle-history"><small>Playdol restored a little HP using its Leftovers!</small><br></div><div class="spacer battle-history"><br></div><h2 class="battle-history">Turn 3</h2><div class="spacer battle-history"><br></div><div class="battle-history">The opposing Munchdew used <strong>Recycle</strong>!<br></div><div class="battle-history"><small>The opposing Munchdew found one Jaboca Berry!</small><br></div><div class="spacer battle-history"><br></div><div class="battle-history">Playdol used <strong>Teleport</strong>!<br></div><div class="spacer battle-history"><br></div><div class="battle-history">Playdol, come back!<br></div><div class="battle-history">Go! Dewgong (<strong>Dewgong-Variant</strong>)!<br></div><div class="chat"><ul class="utilichart"><li class="result"><span class="col pokemonnamecol" style="white-space: nowrap">Dewgong-Variant</span> <span class="col typecol"><img src="https://dragonheaven.herokuapp.com/sprites/types/Normal.png" alt="Normal" height="14" width="32"></span> <span style="float: left ; min-height: 26px"><span class="col abilitycol">Hydration / Adaptability / Thick Fat</span><span class="col abilitycol"></span></span></li><li style="clear: both"></li></ul></div><div class="chat"><ul class="utilichart"><li class="result"><span style="float: left ; min-height: 26px"><span class="col statcol"><em>HP</em><br>90</span> <span class="col statcol"><em>Atk</em><br>50</span> <span class="col statcol"><em>Def</em><br>80</span> <span class="col statcol"><em>SpA</em><br>110</span> <span class="col statcol"><em>SpD</em><br>95</span> <span class="col statcol"><em>Spe</em><br>50</span> </span></li><li style="clear: both"></li></ul></div><div class="battle-history"><small>(Dewgong-Variant was created by Magmajudis!)</small><br></div><div class="spacer battle-history"><br></div><h2 class="battle-history">Turn 4</h2><div class="spacer battle-history"><br></div><div class="battle-history">Violettes withdrew Munchdew!<br></div><div class="battle-history">Violettes sent out Rocket Punch (<strong>Reuniclus-Neural</strong>)!<br></div><div class="chat"><ul class="utilichart"><li class="result"><span class="col pokemonnamecol" style="white-space: nowrap">Reuniclus-Neural</span> <span class="col typecol"><img src="https://dragonheaven.herokuapp.com/sprites/types/Fighting.png" alt="Fighting" height="14" width="32"></span> <span style="float: left ; min-height: 26px"><span class="col abilitycol">Overcoat / Electric Surge / Regenerator</span><span class="col abilitycol"></span></span></li><li style="clear: both"></li></ul></div><div class="chat"><ul class="utilichart"><li class="result"><span style="float: left ; min-height: 26px"><span class="col statcol"><em>HP</em><br>110</span> <span class="col statcol"><em>Atk</em><br>125</span> <span class="col statcol"><em>Def</em><br>65</span> <span class="col statcol"><em>SpA</em><br>65</span> <span class="col statcol"><em>SpD</em><br>85</span> <span class="col statcol"><em>Spe</em><br>40</span> </span></li><li style="clear: both"></li></ul></div><div class="battle-history"><small>(Reuniclus-Neural was created by ausma!)</small><br></div><div class="battle-history"><small>Pointed stones dug into the opposing Rocket Punch!</small><br></div><div class="battle-history">[The opposing Rocket Punch's Electric Surge]<br><small>An electric current ran across the battlefield!</small><br></div><div class="spacer battle-history"><br></div><div class="battle-history">Dewgong used <strong>Stockpile</strong>!<br></div><div class="battle-history"><small>Dewgong stockpiled 1!</small><br></div><div class="battle-history"><small>Dewgong's Defense rose!</small><br></div><div class="battle-history"><small>Dewgong's Sp. Def rose!</small><br></div><div class="spacer battle-history"><br></div><h2 class="battle-history">Turn 5</h2><div class="spacer battle-history"><br></div><div class="battle-history">Dewgong used <strong>Toxic</strong>!<br></div><div class="battle-history"><small>The opposing Rocket Punch was badly poisoned!</small><br></div><div class="spacer battle-history"><br></div><div class="battle-history">The opposing Rocket Punch used <strong>Axon Rush</strong>!<br></div><div class="battle-history"><small>The opposing Rocket Punch's Attack rose!</small><br></div><div class="battle-history"><small>The opposing Rocket Punch's Defense rose!</small><br></div><div class="battle-history"><small>The opposing Rocket Punch's Speed rose!</small><br></div><div class="spacer battle-history"><br></div><div class="battle-history"><small>The opposing Rocket Punch was hurt by poison!</small><br></div><div class="spacer battle-history"><br></div><h2 class="battle-history">Turn 6</h2><div class="spacer battle-history"><br></div><div class="battle-history">Dewgong, come back!<br></div><div class="battle-history">Go! <strong>Playdol</strong>!<br></div><div class="battle-history">[Playdol's Anticipation]<br><small>Playdol shuddered!</small><br></div><div class="spacer battle-history"><br></div><div class="battle-history">The opposing Rocket Punch used <strong>Drain Punch</strong>!<br></div><div class="battle-history"><small>It doesn't affect Playdol...</small><br></div><div class="spacer battle-history"><br></div><div class="battle-history"><small>Playdol restored a little HP using its Leftovers!</small><br></div><div class="battle-history"><small>The opposing Rocket Punch was hurt by poison!</small><br></div><div class="spacer battle-history"><br></div><h2 class="battle-history">Turn 7</h2><div class="spacer battle-history"><br></div><div class="battle-history">Playdol used <strong>Explosion</strong>!<br></div><div class="battle-history"><small>(The opposing Rocket Punch lost 76% of its health!)</small><br></div><div class="spacer battle-history"><br></div><div class="battle-history">Playdol fainted!<br></div><div class="battle-history">The opposing Rocket Punch fainted!<br></div><div class="spacer battle-history"><br></div><div class="battle-history">Go! Dewgong (<strong>Dewgong-Variant</strong>)!<br></div><div class="spacer battle-history"><br></div><div class="battle-history">Violettes sent out Friend :D (<strong>Aleon</strong>)!<br></div><div class="battle-history"><small>Pointed stones dug into the opposing Friend :D!</small><br></div><div class="chat"><ul class="utilichart"><li class="result"><span class="col pokemonnamecol" style="white-space: nowrap">Aleon</span> <span class="col typecol"><img src="https://dragonheaven.herokuapp.com/sprites/types/Normal.png" alt="Normal" height="14" width="32"></span> <span style="float: left ; min-height: 26px"><span class="col abilitycol">Adaptability / Normalize / Beast Boost</span><span class="col abilitycol"></span></span></li><li style="clear: both"></li></ul></div><div class="chat"><ul class="utilichart"><li class="result"><span style="float: left ; min-height: 26px"><span class="col statcol"><em>HP</em><br>103</span> <span class="col statcol"><em>Atk</em><br>79</span> <span class="col statcol"><em>Def</em><br>53</span> <span class="col statcol"><em>SpA</em><br>89</span> <span class="col statcol"><em>SpD</em><br>67</span> <span class="col statcol"><em>Spe</em><br>134</span> </span></li><li style="clear: both"></li></ul></div><div class="battle-history"><small>(Aleon was created by inkbug!)</small><br></div><div class="spacer battle-history"><br></div><h2 class="battle-history">Turn 8</h2><div class="spacer battle-history"><br></div><div class="battle-history">The opposing Friend :D used <strong>Echoed Voice</strong>!<br></div><div class="battle-history"><small>(Dewgong lost <abbr title="−69/384">18.0%</abbr> of its health!)</small><br></div><div class="battle-history"><small>(The opposing Friend :D used its Throat Spray!)</small><br></div><div class="battle-history"><small>The Throat Spray raised the opposing Friend :D's Sp. Atk!</small><br></div><div class="spacer battle-history"><br></div><div class="battle-history">Dewgong used <strong>Stockpile</strong>!<br></div><div class="battle-history"><small>Dewgong stockpiled 1!</small><br></div><div class="battle-history"><small>Dewgong's Defense rose!</small><br></div><div class="battle-history"><small>Dewgong's Sp. Def rose!</small><br></div><div class="spacer battle-history"><br></div><div class="battle-history"><small>Dewgong restored a little HP using its Leftovers!</small><br></div><div class="battle-history"><small>The electricity disappeared from the battlefield.</small><br></div><div class="spacer battle-history"><br></div><h2 class="battle-history">Turn 9</h2><div class="spacer battle-history"><br></div><div class="battle-history">The opposing Friend :D used <strong>Echoed Voice</strong>!<br></div><div class="battle-history"><small>(Dewgong lost <abbr title="−135/384">35.2%</abbr> of its health!)</small><br></div><div class="spacer battle-history"><br></div><div class="battle-history">Dewgong used <strong>Stockpile</strong>!<br></div><div class="battle-history"><small>Dewgong stockpiled 2!</small><br></div><div class="battle-history"><small>Dewgong's Defense rose!</small><br></div><div class="battle-history"><small>Dewgong's Sp. Def rose!</small><br></div><div class="spacer battle-history"><br></div><div class="battle-history"><small>Dewgong restored a little HP using its Leftovers!</small><br></div><div class="spacer battle-history"><br></div><h2 class="battle-history">Turn 10</h2><div class="spacer battle-history"><br></div><div class="battle-history">The opposing Friend :D used <strong>Echoed Voice</strong>!<br></div><div class="battle-history"><small>(Dewgong lost <abbr title="−148/384">38.5%</abbr> of its health!)</small><br></div><div class="spacer battle-history"><br></div><div class="battle-history">Dewgong used <strong>Echoed Voice</strong>!<br></div><div class="battle-history"><small>(The opposing Friend :D lost 65% of its health!)</small><br></div><div class="spacer battle-history"><br></div><div class="battle-history"><small>Dewgong restored a little HP using its Leftovers!</small><br></div><div class="spacer battle-history"><br></div><h2 class="battle-history">Turn 11</h2><div class="spacer battle-history"><br></div><div class="battle-history">The opposing Friend :D used <strong>Echoed Voice</strong>!<br></div><div class="battle-history"><small>(Dewgong lost <abbr title="−104/384">27.1%</abbr> of its health!)</small><br></div><div class="spacer battle-history"><br></div><div class="battle-history">Dewgong fainted!<br></div><div class="battle-history">[The opposing Friend :D's Beast Boost]<br></div><div class="battle-history"><small>The opposing Friend :D's Sp. Atk rose!</small><br></div><div class="spacer battle-history"><br></div><div class="battle-history">Go! Klefki (<strong>Klefki-Galar</strong>)!<br></div><div class="chat"><ul class="utilichart"><li class="result"><span class="col pokemonnamecol" style="white-space: nowrap">Klefki-Galar</span> <span class="col typecol"><img src="https://dragonheaven.herokuapp.com/sprites/types/Steel.png" alt="Steel" height="14" width="32"><img src="https://dragonheaven.herokuapp.com/sprites/types/Dark.png" alt="Dark" height="14" width="32"></span> <span style="float: left ; min-height: 26px"><span class="col abilitycol">Hunger Switch</span><span class="col abilitycol"></span></span></li><li style="clear: both"></li></ul></div><div class="chat"><ul class="utilichart"><li class="result"><span style="float: left ; min-height: 26px"><span class="col statcol"><em>HP</em><br>57</span> <span class="col statcol"><em>Atk</em><br>60</span> <span class="col statcol"><em>Def</em><br>106</span> <span class="col statcol"><em>SpA</em><br>70</span> <span class="col statcol"><em>SpD</em><br>87</span> <span class="col statcol"><em>Spe</em><br>90</span> </span></li><li style="clear: both"></li></ul></div><div class="battle-history"><small>(Klefki-Galar was created by Albatross!)</small><br></div><div class="spacer battle-history"><br></div><h2 class="battle-history">Turn 12</h2><div class="spacer battle-history"><br></div><div class="battle-history">Klefki used <strong>Protect</strong>!<br></div><div class="battle-history"><small>Klefki protected itself!</small><br></div><div class="spacer battle-history"><br></div><div class="battle-history">The opposing Friend :D used <strong>Echoed Voice</strong>!<br></div><div class="battle-history"><small>Klefki protected itself!</small><br></div><div class="spacer battle-history"><br></div><div class="battle-history">[Klefki's Hunger Switch]<br></div><div class="battle-history"><small>Klefki changed to Revealed Mode!</small><br></div><div class="chat"><ul class="utilichart"><li class="result"><span class="col pokemonnamecol" style="white-space: nowrap">Klefki-Galar-Revealed</span> <span class="col typecol"><img src="https://dragonheaven.herokuapp.com/sprites/types/Fairy.png" alt="Fairy" height="14" width="32"><img src="https://dragonheaven.herokuapp.com/sprites/types/Dark.png" alt="Dark" height="14" width="32"></span> <span style="float: left ; min-height: 26px"><span class="col abilitycol">Hunger Switch</span><span class="col abilitycol"></span></span><span style="float: left ; min-height: 26px"><span class="col statcol"><em>HP</em><br>57</span> <span class="col statcol"><em>Atk</em><br>116</span> <span class="col statcol"><em>Def</em><br>50</span> <span class="col statcol"><em>SpA</em><br>70</span> <span class="col statcol"><em>SpD</em><br>87</span> <span class="col statcol"><em>Spe</em><br>90</span> </span></li><li style="clear: both"></li></ul></div><div class="spacer battle-history"><br></div><h2 class="battle-history">Turn 13</h2><div class="spacer battle-history"><br></div><div class="battle-history">Klefki used <strong>Knock Off</strong>!<br></div><div class="battle-history"><small>(The opposing Friend :D lost 23% of its health!)</small><br></div><div class="spacer battle-history"><br></div><div class="battle-history">The opposing Friend :D fainted!<br></div><div class="spacer battle-history"><br></div><div class="battle-history">[Klefki's Hunger Switch]<br></div><div class="battle-history"><small>Klefki changed to Lure Mode!</small><br></div><div class="spacer battle-history"><br></div><div class="battle-history">Violettes sent out Slither and Doom (<strong>Condana</strong>)!<br></div><div class="chat"><ul class="utilichart"><li class="result"><span class="col pokemonnamecol" style="white-space: nowrap">Condana</span> <span class="col typecol"><img src="https://dragonheaven.herokuapp.com/sprites/types/Poison.png" alt="Poison" height="14" width="32"><img src="https://dragonheaven.herokuapp.com/sprites/types/Dark.png" alt="Dark" height="14" width="32"></span> <span style="float: left ; min-height: 26px"><span class="col abilitycol">Stance Change</span><span class="col abilitycol"></span></span></li><li style="clear: both"></li></ul></div><div class="chat"><ul class="utilichart"><li class="result"><span style="float: left ; min-height: 26px"><span class="col statcol"><em>HP</em><br>75</span> <span class="col statcol"><em>Atk</em><br>39</span> <span class="col statcol"><em>Def</em><br>120</span> <span class="col statcol"><em>SpA</em><br>39</span> <span class="col statcol"><em>SpD</em><br>120</span> <span class="col statcol"><em>Spe</em><br>115</span> </span></li><li style="clear: both"></li></ul></div><div class="battle-history"><small>(Condana was created by abismal!)</small><br></div><div class="battle-history"><small>Pointed stones dug into the opposing Slither and Doom!</small><br></div><div class="spacer battle-history"><br></div><h2 class="battle-history">Turn 14</h2><div class="spacer battle-history"><br></div><div class="battle-history">The opposing Slither and Doom used <strong>Coil</strong>!<br></div><div class="battle-history"><small>The opposing Slither and Doom's Attack rose!</small><br></div><div class="battle-history"><small>The opposing Slither and Doom's Defense rose!</small><br></div><div class="battle-history"><small>The opposing Slither and Doom's accuracy rose!</small><br></div><div class="spacer battle-history"><br></div><div class="battle-history">Klefki used <strong>Swords Dance</strong>!<br></div><div class="battle-history"><small>Klefki's Attack rose sharply!</small><br></div><div class="spacer battle-history"><br></div><div class="battle-history"><small>The opposing Slither and Doom restored a little HP using its Leftovers!</small><br></div><div class="battle-history">[Klefki's Hunger Switch]<br></div><div class="battle-history"><small>Klefki changed to Revealed Mode!</small><br></div><div class="spacer battle-history"><br></div><h2 class="battle-history">Turn 15</h2><div class="spacer battle-history"><br></div><div class="battle-history">Klefki used <strong>Protect</strong>!<br></div><div class="battle-history"><small>Klefki protected itself!</small><br></div><div class="battle-history">[The opposing Slither and Doom's Stance Change]<br></div><div class="battle-history"><small>Slither and Doom changed to Coiled Forme!</small><br></div><div class="chat"><ul class="utilichart"><li class="result"><span class="col pokemonnamecol" style="white-space: nowrap">Condana-Coiled</span> <span class="col typecol"><img src="https://dragonheaven.herokuapp.com/sprites/types/Poison.png" alt="Poison" height="14" width="32"><img src="https://dragonheaven.herokuapp.com/sprites/types/Dark.png" alt="Dark" height="14" width="32"></span> <span style="float: left ; min-height: 26px"><span class="col abilitycol">Stance Change</span><span class="col abilitycol"></span></span><span style="float: left ; min-height: 26px"><span class="col statcol"><em>HP</em><br>75</span> <span class="col statcol"><em>Atk</em><br>135</span> <span class="col statcol"><em>Def</em><br>49</span> <span class="col statcol"><em>SpA</em><br>135</span> <span class="col statcol"><em>SpD</em><br>49</span> <span class="col statcol"><em>Spe</em><br>65</span> </span></li><li style="clear: both"></li></ul></div><div class="spacer battle-history"><br></div><div class="battle-history">The opposing Slither and Doom used <strong>Gunk Shot</strong>!<br></div><div class="battle-history"><small>Klefki protected itself!</small><br></div><div class="spacer battle-history"><br></div><div class="battle-history"><small>The opposing Slither and Doom restored a little HP using its Leftovers!</small><br></div><div class="battle-history">[Klefki's Hunger Switch]<br></div><div class="battle-history"><small>Klefki changed to Lure Mode!</small><br></div><div class="spacer battle-history"><br></div><h2 class="battle-history">Turn 16</h2><div class="spacer battle-history"><br></div><div class="battle-history">Klefki used <strong>Swords Dance</strong>!<br></div><div class="battle-history"><small>Klefki's Attack rose sharply!</small><br></div><div class="spacer battle-history"><br></div><div class="battle-history">The opposing Slither and Doom used <strong>Earthquake</strong>!<br></div><div class="battle-history"><small>It's super effective!</small><br></div><div class="battle-history"><small>(Klefki lost <abbr title="−318/318">100%</abbr> of its health!)</small><br></div><div class="spacer battle-history"><br></div><div class="battle-history">Klefki fainted!<br></div><div class="spacer battle-history"><br></div><div class="battle-history">Go! <strong>Gallade</strong>!<br></div><div class="spacer battle-history"><br></div><h2 class="battle-history">Turn 17</h2><div class="spacer battle-history"><br></div><div class="battle-history">Gallade used <strong>Close Combat</strong>!<br></div><div class="battle-history"><small>(The opposing Slither and Doom lost 100% of its health!)</small><br></div><div class="battle-history"><small>Gallade's Defense fell!</small><br></div><div class="battle-history"><small>Gallade's Sp. Def fell!</small><br></div><div class="battle-history"><small>Gallade lost some of its HP!</small><br></div><div class="spacer battle-history"><br></div><div class="battle-history">The opposing Slither and Doom fainted!<br></div><div class="spacer battle-history"><br></div><div class="battle-history">Violettes sent out Safety First (<strong>Constabull</strong>)!<br></div><div class="battle-history"><small>Pointed stones dug into the opposing Safety First!</small><br></div><div class="chat"><ul class="utilichart"><li class="result"><span class="col pokemonnamecol" style="white-space: nowrap">Constabull</span> <span class="col typecol"><img src="https://dragonheaven.herokuapp.com/sprites/types/Fairy.png" alt="Fairy" height="14" width="32"></span> <span style="float: left ; min-height: 26px"><span class="col abilitycol">Intimidate / Early Bird / Iron Barbs</span><span class="col abilitycol"></span></span></li><li style="clear: both"></li></ul></div><div class="chat"><ul class="utilichart"><li class="result"><span style="float: left ; min-height: 26px"><span class="col statcol"><em>HP</em><br>93</span> <span class="col statcol"><em>Atk</em><br>130</span> <span class="col statcol"><em>Def</em><br>110</span> <span class="col statcol"><em>SpA</em><br>80</span> <span class="col statcol"><em>SpD</em><br>80</span> <span class="col statcol"><em>Spe</em><br>32</span> </span></li><li style="clear: both"></li></ul></div><div class="battle-history"><small>(Constabull was created by inkbug!)</small><br></div><div class="battle-history">[The opposing Safety First's Intimidate]<br></div><div class="battle-history"><small>Gallade's Attack fell!</small><br></div><div class="spacer battle-history"><br></div><h2 class="battle-history">Turn 18</h2><div class="spacer battle-history"><br></div><div class="battle-history">Gallade, come back!<br></div><div class="battle-history">Go! <strong>Voltangent</strong>!<br></div><div class="chat"><ul class="utilichart"><li class="result"><span class="col pokemonnamecol" style="white-space: nowrap">Voltangent</span> <span class="col typecol"><img src="https://dragonheaven.herokuapp.com/sprites/types/Electric.png" alt="Electric" height="14" width="32"><img src="https://dragonheaven.herokuapp.com/sprites/types/Dragon.png" alt="Dragon" height="14" width="32"></span> <span style="float: left ; min-height: 26px"><span class="col abilitycol">Regenerator / Minus</span><span class="col abilitycol"></span></span></li><li style="clear: both"></li></ul></div><div class="chat"><ul class="utilichart"><li class="result"><span style="float: left ; min-height: 26px"><span class="col statcol"><em>HP</em><br>100</span> <span class="col statcol"><em>Atk</em><br>115</span> <span class="col statcol"><em>Def</em><br>85</span> <span class="col statcol"><em>SpA</em><br>75</span> <span class="col statcol"><em>SpD</em><br>90</span> <span class="col statcol"><em>Spe</em><br>45</span> </span></li><li style="clear: both"></li></ul></div><div class="battle-history"><small>(Voltangent was created by Paulluxx!)</small><br></div><div class="spacer battle-history"><br></div><div class="battle-history">The opposing Safety First used <strong>Bulk Up</strong>!<br></div><div class="battle-history"><small>The opposing Safety First's Attack rose!</small><br></div><div class="battle-history"><small>The opposing Safety First's Defense rose!</small><br></div><div class="spacer battle-history"><br></div><div class="battle-history"><small>The opposing Safety First restored a little HP using its Leftovers!</small><br></div><div class="spacer battle-history"><br></div><h2 class="battle-history">Turn 19</h2><div class="spacer battle-history"><br></div><div class="battle-history">Voltangent used <strong>Reflect</strong>!<br></div><div class="battle-history"><small>Reflect made your team stronger against physical moves!</small><br></div><div class="spacer battle-history"><br></div><div class="battle-history">The opposing Safety First used <strong>Play Rough</strong>!<br></div><div class="battle-history"><small>It's super effective!</small><br></div><div class="battle-history"><small>(Voltangent lost <abbr title="−301/404">74.5%</abbr> of its health!)</small><br></div><div class="spacer battle-history"><br></div><div class="battle-history"><small>The opposing Safety First restored a little HP using its Leftovers!</small><br></div><div class="spacer battle-history"><br></div><h2 class="battle-history">Turn 20</h2><div class="spacer battle-history"><br></div><div class="battle-history">Voltangent used <strong>Volt Switch</strong>!<br></div><div class="battle-history"><small>(The opposing Safety First lost 21% of its health!)</small><br></div><div class="spacer battle-history"><br></div><div class="battle-history">Voltangent went back to god of joe!<br></div><div class="battle-history">Go! <strong>Gallade</strong>!<br></div><div class="spacer battle-history"><br></div><div class="battle-history">The opposing Safety First used <strong>Play Rough</strong>!<br></div><div class="battle-history"><small>It's super effective!</small><br></div><div class="battle-history"><small>(Gallade lost <abbr title="−250/277">90.3%</abbr> of its health!)</small><br></div><div class="spacer battle-history"><br></div><div class="battle-history">Gallade fainted!<br></div><div class="spacer battle-history"><br></div><div class="battle-history"><small>The opposing Safety First restored a little HP using its Leftovers!</small><br></div><div class="spacer battle-history"><br></div><div class="battle-history">Go! <strong>Michu</strong>!<br></div><div class="chat"><ul class="utilichart"><li class="result"><span class="col pokemonnamecol" style="white-space: nowrap">Michu</span> <span class="col typecol"><img src="https://dragonheaven.herokuapp.com/sprites/types/Normal.png" alt="Normal" height="14" width="32"><img src="https://dragonheaven.herokuapp.com/sprites/types/Fairy.png" alt="Fairy" height="14" width="32"></span> <span style="float: left ; min-height: 26px"><span class="col abilitycol">Rattled</span><span class="col abilitycol"></span></span></li><li style="clear: both"></li></ul></div><div class="chat"><ul class="utilichart"><li class="result"><span style="float: left ; min-height: 26px"><span class="col statcol"><em>HP</em><br>35</span> <span class="col statcol"><em>Atk</em><br>80</span> <span class="col statcol"><em>Def</em><br>60</span> <span class="col statcol"><em>SpA</em><br>30</span> <span class="col statcol"><em>SpD</em><br>95</span> <span class="col statcol"><em>Spe</em><br>101</span> </span></li><li style="clear: both"></li></ul></div><div class="battle-history"><small>(Michu was created by Hematite!)</small><br></div><div class="spacer battle-history"><br></div><h2 class="battle-history">Turn 21</h2><div class="spacer battle-history"><br></div><div class="battle-history">Michu used <strong>Will-O-Wisp</strong>!<br></div><div class="battle-history"><small>The opposing Safety First was burned!</small><br></div><div class="spacer battle-history"><br></div><div class="battle-history">The opposing Safety First used <strong>Play Rough</strong>!<br></div><div class="battle-history"><small>(Michu lost <abbr title="−66/247">26.7%</abbr> of its health!)</small><br></div><div class="spacer battle-history"><br></div><div class="battle-history"><small>The opposing Safety First restored a little HP using its Leftovers!</small><br></div><div class="battle-history"><small>The opposing Safety First was hurt by its burn!</small><br></div><div class="spacer battle-history"><br></div><h2 class="battle-history">Turn 22</h2><div class="spacer battle-history"><br></div><div class="battle-history">Michu used <strong>Swords Dance</strong>!<br></div><div class="battle-history"><small>Michu's Attack rose sharply!</small><br></div><div class="spacer battle-history"><br></div><div class="battle-history">The opposing Safety First used <strong>Bulk Up</strong>!<br></div><div class="battle-history"><small>The opposing Safety First's Attack rose!</small><br></div><div class="battle-history"><small>The opposing Safety First's Defense rose!</small><br></div><div class="spacer battle-history"><br></div><div class="battle-history"><small>The opposing Safety First restored a little HP using its Leftovers!</small><br></div><div class="battle-history"><small>The opposing Safety First was hurt by its burn!</small><br></div><div class="spacer battle-history"><br></div><h2 class="battle-history">Turn 23</h2><div class="spacer battle-history"><br></div><div class="battle-history">Michu used <strong>Swords Dance</strong>!<br></div><div class="battle-history"><small>Michu's Attack rose sharply!</small><br></div><div class="spacer battle-history"><br></div><div class="battle-history">The opposing Safety First used <strong>Thunder Wave</strong>!<br></div><div class="battle-history"><small>Michu is paralyzed! It may be unable to move!</small><br></div><div class="spacer battle-history"><br></div><div class="battle-history"><small>The opposing Safety First restored a little HP using its Leftovers!</small><br></div><div class="battle-history"><small>The opposing Safety First was hurt by its burn!</small><br></div><div class="spacer battle-history"><br></div><h2 class="battle-history">Turn 24</h2><div class="spacer battle-history"><br></div><div class="battle-history">Michu is paralyzed! It can't move!<br></div><div class="spacer battle-history"><br></div><div class="battle-history">The opposing Safety First used <strong>Bulk Up</strong>!<br></div><div class="battle-history"><small>The opposing Safety First's Attack rose!</small><br></div><div class="battle-history"><small>The opposing Safety First's Defense rose!</small><br></div><div class="spacer battle-history"><br></div><div class="battle-history"><small>The opposing Safety First restored a little HP using its Leftovers!</small><br></div><div class="battle-history"><small>The opposing Safety First was hurt by its burn!</small><br></div><div class="spacer battle-history"><br></div><h2 class="battle-history">Turn 25</h2><div class="spacer battle-history"><br></div><div class="battle-history">Michu used <strong>Swords Dance</strong>!<br></div><div class="battle-history"><small>Michu's Attack rose sharply!</small><br></div><div class="spacer battle-history"><br></div><div class="battle-history">The opposing Safety First used <strong>Bulk Up</strong>!<br></div><div class="battle-history"><small>The opposing Safety First's Attack rose!</small><br></div><div class="battle-history"><small>The opposing Safety First's Defense rose!</small><br></div><div class="spacer battle-history"><br></div><div class="battle-history"><small>The opposing Safety First restored a little HP using its Leftovers!</small><br></div><div class="battle-history"><small>The opposing Safety First was hurt by its burn!</small><br></div><div class="spacer battle-history"><br></div><h2 class="battle-history">Turn 26</h2><div class="spacer battle-history"><br></div><div class="battle-history">Michu is paralyzed! It can't move!<br></div><div class="spacer battle-history"><br></div><div class="battle-history">The opposing Safety First used <strong>Play Rough</strong>!<br></div><div class="battle-history"><small>(Michu lost <abbr title="−139/247">56.3%</abbr> of its health!)</small><br></div><div class="spacer battle-history"><br></div><div class="battle-history"><small>The opposing Safety First restored a little HP using its Leftovers!</small><br></div><div class="battle-history"><small>The opposing Safety First was hurt by its burn!</small><br></div><div class="battle-history"><small>Your team's Reflect wore off!</small><br></div><div class="spacer battle-history"><br></div><h2 class="battle-history">Turn 27</h2><div class="spacer battle-history"><br></div><div class="battle-history">Michu used <strong>Play Rough</strong>!<br></div><div class="battle-history"><small>(The opposing Safety First lost 35% of its health!)</small><br></div><div class="spacer battle-history"><br></div><div class="battle-history">The opposing Safety First used <strong>Play Rough</strong>!<br></div><div class="battle-history"><small>(Michu lost <abbr title="−42/247">17.0%</abbr> of its health!)</small><br></div><div class="spacer battle-history"><br></div><div class="battle-history">Michu fainted!<br></div><div class="spacer battle-history"><br></div><div class="battle-history"><small>The opposing Safety First restored a little HP using its Leftovers!</small><br></div><div class="battle-history"><small>The opposing Safety First was hurt by its burn!</small><br></div><div class="spacer battle-history"><br></div><div class="battle-history">Go! <strong>Voltangent</strong>!<br></div><div class="spacer battle-history"><br></div><h2 class="battle-history">Turn 28</h2><div class="spacer battle-history"><br></div><div class="battle-history">Voltangent used <strong>Volt Switch</strong>!<br></div><div class="battle-history"><small>(The opposing Safety First lost 21% of its health!)</small><br></div><div class="spacer battle-history"><br></div><div class="battle-history">The opposing Safety First used <strong>Play Rough</strong>!<br></div><div class="battle-history"><small>It's super effective!</small><br></div><div class="battle-history"><small>(Voltangent lost <abbr title="−237/404">58.7%</abbr> of its health!)</small><br></div><div class="spacer battle-history"><br></div><div class="battle-history">Voltangent fainted!<br></div><div class="spacer battle-history"><br></div><div class="battle-history"><strong>Violettes</strong> won the battle!<br></div></div><div class="inner-preempt message-log"></div></div></div>
</div>
<script>
let daily = Math.floor(Date.now()/1000/60/60/24);document.write('<script src="https://dragonheaven.herokuapp.com/js/replay-embed.js?version'+daily+'"></'+'script>');
</script>
