<!DOCTYPE html>
<meta charset="utf-8" />
<!-- version 1 -->
<title>[Gen 8] Evolution Project VGC replay: inkbug1 vs. H2OPulse</title>
<style>
html,body {font-family:Verdana, sans-serif;font-size:10pt;margin:0;padding:0;}body{padding:12px 0;} .battle-log {font-family:Verdana, sans-serif;font-size:10pt;} .battle-log-inline {border:1px solid #AAAAAA;background:#EEF2F5;color:black;max-width:640px;margin:0 auto 80px;padding-bottom:5px;} .battle-log .inner {padding:4px 8px 0px 8px;} .battle-log .inner-preempt {padding:0 8px 4px 8px;} .battle-log .inner-after {margin-top:0.5em;} .battle-log h2 {margin:0.5em -8px;padding:4px 8px;border:1px solid #AAAAAA;background:#E0E7EA;border-left:0;border-right:0;font-family:Verdana, sans-serif;font-size:13pt;} .battle-log .chat {vertical-align:middle;padding:3px 0 3px 0;font-size:8pt;} .battle-log .chat strong {color:#40576A;} .battle-log .chat em {padding:1px 4px 1px 3px;color:#000000;font-style:normal;} .chat.mine {background:rgba(0,0,0,0.05);margin-left:-8px;margin-right:-8px;padding-left:8px;padding-right:8px;} .spoiler {color:#BBBBBB;background:#BBBBBB;padding:0px 3px;} .spoiler:hover, .spoiler:active, .spoiler-shown {color:#000000;background:#E2E2E2;padding:0px 3px;} .spoiler a {color:#BBBBBB;} .spoiler:hover a, .spoiler:active a, .spoiler-shown a {color:#2288CC;} .chat code, .chat .spoiler:hover code, .chat .spoiler:active code, .chat .spoiler-shown code {border:1px solid #C0C0C0;background:#EEEEEE;color:black;padding:0 2px;} .chat .spoiler code {border:1px solid #CCCCCC;background:#CCCCCC;color:#CCCCCC;} .battle-log .rated {padding:3px 4px;} .battle-log .rated strong {color:white;background:#89A;padding:1px 4px;border-radius:4px;} .spacer {margin-top:0.5em;} .message-announce {background:#6688AA;color:white;padding:1px 4px 2px;} .message-announce a, .broadcast-green a, .broadcast-blue a, .broadcast-red a {color:#DDEEFF;} .broadcast-green {background-color:#559955;color:white;padding:2px 4px;} .broadcast-blue {background-color:#6688AA;color:white;padding:2px 4px;} .infobox {border:1px solid #6688AA;padding:2px 4px;} .infobox-limited {max-height:200px;overflow:auto;overflow-x:hidden;} .broadcast-red {background-color:#AA5544;color:white;padding:2px 4px;} .message-learn-canlearn {font-weight:bold;color:#228822;text-decoration:underline;} .message-learn-cannotlearn {font-weight:bold;color:#CC2222;text-decoration:underline;} .message-effect-weak {font-weight:bold;color:#CC2222;} .message-effect-resist {font-weight:bold;color:#6688AA;} .message-effect-immune {font-weight:bold;color:#666666;} .message-learn-list {margin-top:0;margin-bottom:0;} .message-throttle-notice, .message-error {color:#992222;} .message-overflow, .chat small.message-overflow {font-size:0pt;} .message-overflow::before {font-size:9pt;content:'...';} .subtle {color:#3A4A66;}
</style>
<div class="wrapper replay-wrapper" style="max-width:1180px;margin:0 auto">
<input type="hidden" name="replayid" value="dragonheaven-gen8evolutionprojectvgc-402" />
<div class="battle"></div><div class="battle-log"></div><div class="replay-controls"></div><div class="replay-controls-2"></div>
<h1 style="font-weight:normal;text-align:center"><strong>[Gen 8] Evolution Project VGC</strong><br /><a href="http://pokemonshowdown.com/users/inkbug1" class="subtle" target="_blank">inkbug1</a> vs. <a href="http://pokemonshowdown.com/users/h2opulse" class="subtle" target="_blank">H2OPulse</a></h1>
<script type="text/plain" class="battle-log-data">|j|☆inkbug1

|j|☆H2OPulse
|t:|1641706992
|player|p1|inkbug1|burgh|
|player|p2|H2OPulse|aetherfoundation|
|teamsize|p1|6
|teamsize|p2|6
|gametype|doubles
|gen|8
|tier|[Gen 8] Evolution Project VGC
|clearpoke
|poke|p1|Lediluck, L50, M|
|poke|p1|Hoobarn, L50, F|
|poke|p1|Shiinotic-Kalos, L50, F|
|poke|p1|Falinks-Terracotta, L50, M|
|poke|p1|Cherrim, L50, M|
|poke|p1|Gigalith-Kalos, L50, F|
|poke|p2|Arcanine, L50, M|
|poke|p2|Tsareena, L50, F|
|poke|p2|Falinks-Terracotta, L50, F|
|poke|p2|Rubulwark, L50, M|
|poke|p2|Mienshao-Yaoguai, L50, M|
|poke|p2|Persian-Alola, L50, M|
|rule|Species Clause: Limit one of each Pokémon
|rule|Item Clause: Limit one of each item
|rule|Dynamax Clause: You cannot dynamax
|rule|Z-Move Clause: Type-based Z-Moves are banned
|teampreview|4
|c|☆H2OPulse|Good luck and have fun OO:
|c|☆H2OPulse|Okay uhhhh
|
|t:|1641707049
|start
|switch|p1a: Cherrim|Cherrim, L50, M|145\/145
|switch|p1b: Gigalith|Gigalith-Kalos, L50, F|191\/191
|switch|p2a: Monkshood|Mienshao-Yaoguai, L50, M|48\/48
|switch|p2b: Rampion|Rubulwark, L50, M|48\/48
|-start|p2a: Monkshood|typechange|Fighting\/Ghost|[silent]
|raw|<ul class="utilichart"><li class="result"><span class="col pokemonnamecol" style="white-space: nowrap">Mienshao-Yaoguai<\/span> <span class="col typecol"><img src="https:\/\/play.pokemonshowdown.com\/sprites\/types\/Fighting.png" alt="Fighting" height="14" width="32"><img src="https:\/\/play.pokemonshowdown.com\/sprites\/types\/Ghost.png" alt="Ghost" height="14" width="32"><\/span> <span style="float: left ; min-height: 26px"><span class="col abilitycol">Inner Focus \/ Prankster \/ Berserk<\/span><span class="col abilitycol"><\/span><\/span><\/li><li style="clear: both"><\/li><\/ul>
|raw|<ul class="utilichart"><li class="result"><span style="float: left ; min-height: 26px"><span class="col statcol"><em>HP<\/em><br>65<\/span> <span class="col statcol"><em>Atk<\/em><br>125<\/span> <span class="col statcol"><em>Def<\/em><br>60<\/span> <span class="col statcol"><em>SpA<\/em><br>105<\/span> <span class="col statcol"><em>SpD<\/em><br>60<\/span> <span class="col statcol"><em>Spe<\/em><br>95<\/span> <\/span><\/li><li style="clear: both"><\/li><\/ul>
|-hint|Mienshao-Yaoguai was created by Hematite!
|-start|p1b: Gigalith|typechange|Rock\/Electric|[silent]
|raw|<ul class="utilichart"><li class="result"><span class="col pokemonnamecol" style="white-space: nowrap">Gigalith-Kalos<\/span> <span class="col typecol"><img src="https:\/\/play.pokemonshowdown.com\/sprites\/types\/Rock.png" alt="Rock" height="14" width="32"><img src="https:\/\/play.pokemonshowdown.com\/sprites\/types\/Electric.png" alt="Electric" height="14" width="32"><\/span> <span style="float: left ; min-height: 26px"><span class="col abilitycol">Sturdy \/ Drought \/ Solar Power<\/span><span class="col abilitycol"><\/span><\/span><\/li><li style="clear: both"><\/li><\/ul>
|raw|<ul class="utilichart"><li class="result"><span style="float: left ; min-height: 26px"><span class="col statcol"><em>HP<\/em><br>85<\/span> <span class="col statcol"><em>Atk<\/em><br>60<\/span> <span class="col statcol"><em>Def<\/em><br>130<\/span> <span class="col statcol"><em>SpA<\/em><br>135<\/span> <span class="col statcol"><em>SpD<\/em><br>80<\/span> <span class="col statcol"><em>Spe<\/em><br>25<\/span> <\/span><\/li><li style="clear: both"><\/li><\/ul>
|-hint|Gigalith-Kalos was created by Violet!
|-weather|SunnyDay|[from] ability: Drought|[of] p1b: Gigalith
|-formechange|p1a: Cherrim|Cherrim-Sunshine|[msg]|[from] ability: Flower Gift
|-start|p2b: Rampion|typechange|Dragon\/Rock|[silent]
|raw|<ul class="utilichart"><li class="result"><span class="col pokemonnamecol" style="white-space: nowrap">Rubulwark<\/span> <span class="col typecol"><img src="https:\/\/play.pokemonshowdown.com\/sprites\/types\/Dragon.png" alt="Dragon" height="14" width="32"><img src="https:\/\/play.pokemonshowdown.com\/sprites\/types\/Rock.png" alt="Rock" height="14" width="32"><\/span> <span style="float: left ; min-height: 26px"><span class="col abilitycol">Weak Armor \/ Sheer Force \/ Mold Breaker<\/span><span class="col abilitycol"><\/span><\/span><\/li><li style="clear: both"><\/li><\/ul>
|raw|<ul class="utilichart"><li class="result"><span style="float: left ; min-height: 26px"><span class="col statcol"><em>HP<\/em><br>87<\/span> <span class="col statcol"><em>Atk<\/em><br>160<\/span> <span class="col statcol"><em>Def<\/em><br>90<\/span> <span class="col statcol"><em>SpA<\/em><br>60<\/span> <span class="col statcol"><em>SpD<\/em><br>90<\/span> <span class="col statcol"><em>Spe<\/em><br>38<\/span> <\/span><\/li><li style="clear: both"><\/li><\/ul>
|-hint|Rubulwark was created by Hematite!
|turn|1
|c|☆H2OPulse|A h
|c|☆H2OPulse|okay I have some heat tech for this kind of
|
|t:|1641707071
|move|p2a: Monkshood|Fake Out|p1b: Gigalith
|-resisted|p1b: Gigalith
|-crit|p1b: Gigalith
|-damage|p1b: Gigalith|182\/191
|move|p1a: Cherrim|Grassy Terrain|p1a: Cherrim
|-fieldstart|move: Grassy Terrain
|cant|p1b: Gigalith|flinch
|move|p2b: Rampion|Heat Wave|p1a: Cherrim|[spread] p1a,p1b
|-supereffective|p1a: Cherrim
|-resisted|p1b: Gigalith
|-damage|p1a: Cherrim|38\/145
|-damage|p1b: Gigalith|156\/191
|
|-weather|SunnyDay|[upkeep]
|-heal|p1a: Cherrim|47\/145|[from] Grassy Terrain
|-heal|p1b: Gigalith|167\/191|[from] Grassy Terrain
|upkeep
|turn|2
|c|☆H2OPulse|that was slightly underwhelming
|
|t:|1641707102
|move|p1a: Cherrim|Solar Beam||[still]
|-prepare|p1a: Cherrim|Solar Beam
|-anim|p1a: Cherrim|Solar Beam|p2a: Monkshood
|-damage|p2a: Monkshood|1\/48
|move|p2a: Monkshood|Shadow Ball|p1a: Cherrim
|-damage|p1a: Cherrim|0 fnt
|faint|p1a: Cherrim
|move|p1b: Gigalith|Rock Slide|p2a: Monkshood|[spread] p2a,p2b
|-resisted|p2a: Monkshood
|-damage|p2a: Monkshood|0 fnt
|-damage|p2b: Rampion|41\/48
|faint|p2a: Monkshood
|cant|p2b: Rampion|flinch
|
|-weather|SunnyDay|[upkeep]
|-heal|p1b: Gigalith|178\/191|[from] Grassy Terrain
|-heal|p2b: Rampion|44\/48|[from] Grassy Terrain
|upkeep
|c|☆H2OPulse|OW
|c|☆inkbug1|ah shit sry
|c|☆H2OPulse|P f no worries
|
|t:|1641707135
|switch|p1a: Hoobarn|Hoobarn, L50, F|207\/207
|switch|p2a: Garcinia|Tsareena, L50, F|48\/48
|-start|p1a: Hoobarn|typechange|Normal\/Flying|[silent]
|raw|<ul class="utilichart"><li class="result"><span class="col pokemonnamecol" style="white-space: nowrap">Hoobarn<\/span> <span class="col typecol"><img src="https:\/\/play.pokemonshowdown.com\/sprites\/types\/Normal.png" alt="Normal" height="14" width="32"><img src="https:\/\/play.pokemonshowdown.com\/sprites\/types\/Flying.png" alt="Flying" height="14" width="32"><\/span> <span style="float: left ; min-height: 26px"><span class="col abilitycol">Insomnia \/ Keen Eye \/ Prankster<\/span><span class="col abilitycol"><\/span><\/span><\/li><li style="clear: both"><\/li><\/ul>
|raw|<ul class="utilichart"><li class="result"><span style="float: left ; min-height: 26px"><span class="col statcol"><em>HP<\/em><br>100<\/span> <span class="col statcol"><em>Atk<\/em><br>70<\/span> <span class="col statcol"><em>Def<\/em><br>90<\/span> <span class="col statcol"><em>SpA<\/em><br>86<\/span> <span class="col statcol"><em>SpD<\/em><br>96<\/span> <span class="col statcol"><em>Spe<\/em><br>70<\/span> <\/span><\/li><li style="clear: both"><\/li><\/ul>
|-hint|Hoobarn was created by Bolivia!
|turn|3
|
|t:|1641707147
|move|p1a: Hoobarn|Tailwind|p1a: Hoobarn
|-sidestart|p1: inkbug1|move: Tailwind
|move|p2a: Garcinia|Power Whip|p1b: Gigalith
|-supereffective|p1b: Gigalith
|-damage|p1b: Gigalith|26\/191
|-enditem|p1b: Gigalith|Iapapa Berry|[eat]
|-heal|p1b: Gigalith|89\/191|[from] item: Iapapa Berry
|move|p1b: Gigalith|Solar Beam||[still]
|-prepare|p1b: Gigalith|Solar Beam
|-anim|p1b: Gigalith|Solar Beam|p2b: Rampion
|-damage|p2b: Rampion|22\/48
|move|p2b: Rampion|Rock Slide|p1b: Gigalith|[spread] p1a,p1b
|-supereffective|p1a: Hoobarn
|-damage|p1a: Hoobarn|9\/207
|-damage|p1b: Gigalith|33\/191
|
|-weather|SunnyDay|[upkeep]
|-heal|p1b: Gigalith|44\/191|[from] Grassy Terrain
|-heal|p2b: Rampion|25\/48|[from] Grassy Terrain
|-status|p1a: Hoobarn|brn|[from] item: Flame Orb
|upkeep
|turn|4
|
|t:|1641707180
|move|p1a: Hoobarn|Roost|p1a: Hoobarn
|-heal|p1a: Hoobarn|113\/207 brn
|-singleturn|p1a: Hoobarn|move: Roost
|move|p2a: Garcinia|Power Whip|p1b: Gigalith
|-supereffective|p1b: Gigalith
|-damage|p1b: Gigalith|0 fnt
|faint|p1b: Gigalith
|move|p2b: Rampion|Rock Slide|p1a: Hoobarn
|-damage|p1a: Hoobarn|0 fnt
|faint|p1a: Hoobarn
|
|-weather|SunnyDay|[upkeep]
|-heal|p2b: Rampion|28\/48|[from] Grassy Terrain
|upkeep
|
|t:|1641707196
|switch|p1a: Shiinotic|Shiinotic-Kalos, L50, F|135\/135
|-start|p1a: Shiinotic|typechange|Poison\/Fairy|[silent]
|raw|<ul class="utilichart"><li class="result"><span class="col pokemonnamecol" style="white-space: nowrap">Shiinotic-Kalos<\/span> <span class="col typecol"><img src="https:\/\/play.pokemonshowdown.com\/sprites\/types\/Poison.png" alt="Poison" height="14" width="32"><img src="https:\/\/play.pokemonshowdown.com\/sprites\/types\/Fairy.png" alt="Fairy" height="14" width="32"><\/span> <span style="float: left ; min-height: 26px"><span class="col abilitycol">Illuminate \/ Effect Spore \/ Technician<\/span><span class="col abilitycol"><\/span><\/span><\/li><li style="clear: both"><\/li><\/ul>
|raw|<ul class="utilichart"><li class="result"><span style="float: left ; min-height: 26px"><span class="col statcol"><em>HP<\/em><br>60<\/span> <span class="col statcol"><em>Atk<\/em><br>45<\/span> <span class="col statcol"><em>Def<\/em><br>60<\/span> <span class="col statcol"><em>SpA<\/em><br>90<\/span> <span class="col statcol"><em>SpD<\/em><br>80<\/span> <span class="col statcol"><em>Spe<\/em><br>70<\/span> <\/span><\/li><li style="clear: both"><\/li><\/ul>
|-hint|Shiinotic-Kalos was created by Hematite!
|turn|5
|
|t:|1641707207
|move|p1a: Shiinotic|Spore|p2b: Rampion
|-status|p2b: Rampion|slp|[from] move: Spore
|move|p2a: Garcinia|Triple Axel|p1a: Shiinotic
|-damage|p1a: Shiinotic|117\/135
|-damage|p1a: Shiinotic|80\/135
|-damage|p1a: Shiinotic|28\/135
|-hitcount|p1a: Shiinotic|3
|cant|p2b: Rampion|slp
|
|-weather|none
|-heal|p1a: Shiinotic|36\/135|[from] Grassy Terrain
|-heal|p2b: Rampion|31\/48 slp|[from] Grassy Terrain
|-fieldend|move: Grassy Terrain
|upkeep
|turn|6
|
|t:|1641707225
|move|p1a: Shiinotic|Sludge Bomb|p2a: Garcinia
|-supereffective|p2a: Garcinia
|-damage|p2a: Garcinia|16\/48
|-status|p2a: Garcinia|psn
|move|p2a: Garcinia|Triple Axel|p1a: Shiinotic
|-damage|p1a: Shiinotic|16\/135
|-damage|p1a: Shiinotic|0 fnt
|-hitcount|p1a: Shiinotic|2
|faint|p1a: Shiinotic
|
|win|H2OPulse
|c|☆H2OPulse|Good game!! O:
|c|☆inkbug1|fair ebnough</script>
</div>
<div class="battle-log battle-log-inline"><div class="inner"><div class="battle-options"><div style="padding-top: 3px; padding-right: 3px; text-align: right"><button class="icon button" name="openBattleOptions" title="Options">Battle Options</button></div></div><div class="inner message-log"><div class="chat"><small>☆inkbug1 and ☆H2OPulse joined</small></div><div class=""><small>Format:</small> <br><strong>[Gen 8] Evolution Project VGC</strong></div><div class=""><small><em>Species Clause:</em> Limit one of each Pokémon</small></div><div class=""><small><em>Item Clause:</em> Limit one of each item</small></div><div class=""><small><em>Dynamax Clause:</em> You cannot dynamax</small></div><div class=""><small><em>Z-Move Clause:</em> Type-based Z-Moves are banned</small></div><div class="chat battle-history"><strong>inkbug1's team:</strong> <em style="color:#445566;display:block;">Lediluck / Hoobarn / Shiinotic-Kalos / Falinks-Terracotta / Cherrim / Gigalith-Kalos</em></div><div class="chat battle-history"><strong>H2OPulse's team:</strong> <em style="color:#445566;display:block;">Arcanine / Tsareena / Falinks-Terracotta / Rubulwark / Mienshao-Yaoguai / Persian-Alola</em></div><div class="chat chatmessage-h2opulse"><strong style="color:#6e8c2b"><small>☆</small><span class="username" data-name="H2OPulse">H2OPulse</span>:</strong> <em>Good luck and have fun OO:</em></div><div class="chat chatmessage-h2opulse"><strong style="color:#6e8c2b"><small>☆</small><span class="username" data-name="H2OPulse">H2OPulse</span>:</strong> <em>Okay uhhhh</em></div><div class="spacer battle-history"><br></div><div class="battle-history">Battle started between inkbug1 and H2OPulse!<br></div><div class="spacer battle-history"><br></div><div class="battle-history">Go! <strong>Cherrim</strong>!<br></div><div class="spacer battle-history"><br></div><div class="battle-history">Go! Gigalith (<strong>Gigalith-Kalos</strong>)!<br></div><div class="spacer battle-history"><br></div><div class="battle-history">H2OPulse sent out Monkshood (<strong>Mienshao-Yaoguai</strong>)!<br></div><div class="spacer battle-history"><br></div><div class="battle-history">H2OPulse sent out Rampion (<strong>Rubulwark</strong>)!<br></div><div class="chat"><ul class="utilichart"><li class="result"><span class="col pokemonnamecol" style="white-space: nowrap">Mienshao-Yaoguai</span> <span class="col typecol"><img src="https://play.pokemonshowdown.com/sprites/types/Fighting.png" alt="Fighting" height="14" width="32"><img src="https://play.pokemonshowdown.com/sprites/types/Ghost.png" alt="Ghost" height="14" width="32"></span> <span style="float: left ; min-height: 26px"><span class="col abilitycol">Inner Focus / Prankster / Berserk</span><span class="col abilitycol"></span></span></li><li style="clear: both"></li></ul></div><div class="chat"><ul class="utilichart"><li class="result"><span style="float: left ; min-height: 26px"><span class="col statcol"><em>HP</em><br>65</span> <span class="col statcol"><em>Atk</em><br>125</span> <span class="col statcol"><em>Def</em><br>60</span> <span class="col statcol"><em>SpA</em><br>105</span> <span class="col statcol"><em>SpD</em><br>60</span> <span class="col statcol"><em>Spe</em><br>95</span> </span></li><li style="clear: both"></li></ul></div><div class="battle-history"><small>(Mienshao-Yaoguai was created by Hematite!)</small><br></div><div class="chat"><ul class="utilichart"><li class="result"><span class="col pokemonnamecol" style="white-space: nowrap">Gigalith-Kalos</span> <span class="col typecol"><img src="https://play.pokemonshowdown.com/sprites/types/Rock.png" alt="Rock" height="14" width="32"><img src="https://play.pokemonshowdown.com/sprites/types/Electric.png" alt="Electric" height="14" width="32"></span> <span style="float: left ; min-height: 26px"><span class="col abilitycol">Sturdy / Drought / Solar Power</span><span class="col abilitycol"></span></span></li><li style="clear: both"></li></ul></div><div class="chat"><ul class="utilichart"><li class="result"><span style="float: left ; min-height: 26px"><span class="col statcol"><em>HP</em><br>85</span> <span class="col statcol"><em>Atk</em><br>60</span> <span class="col statcol"><em>Def</em><br>130</span> <span class="col statcol"><em>SpA</em><br>135</span> <span class="col statcol"><em>SpD</em><br>80</span> <span class="col statcol"><em>Spe</em><br>25</span> </span></li><li style="clear: both"></li></ul></div><div class="battle-history"><small>(Gigalith-Kalos was created by Violet!)</small><br></div><div class="battle-history">[Gigalith's Drought]<br><small>The sunlight turned harsh!</small><br></div><div class="battle-history">[Cherrim's Flower Gift]<br>Cherrim transformed!<br></div><div class="chat"><ul class="utilichart"><li class="result"><span class="col pokemonnamecol" style="white-space: nowrap">Rubulwark</span> <span class="col typecol"><img src="https://play.pokemonshowdown.com/sprites/types/Dragon.png" alt="Dragon" height="14" width="32"><img src="https://play.pokemonshowdown.com/sprites/types/Rock.png" alt="Rock" height="14" width="32"></span> <span style="float: left ; min-height: 26px"><span class="col abilitycol">Weak Armor / Sheer Force / Mold Breaker</span><span class="col abilitycol"></span></span></li><li style="clear: both"></li></ul></div><div class="chat"><ul class="utilichart"><li class="result"><span style="float: left ; min-height: 26px"><span class="col statcol"><em>HP</em><br>87</span> <span class="col statcol"><em>Atk</em><br>160</span> <span class="col statcol"><em>Def</em><br>90</span> <span class="col statcol"><em>SpA</em><br>60</span> <span class="col statcol"><em>SpD</em><br>90</span> <span class="col statcol"><em>Spe</em><br>38</span> </span></li><li style="clear: both"></li></ul></div><div class="battle-history"><small>(Rubulwark was created by Hematite!)</small><br></div><div class="spacer battle-history"><br></div><h2 class="battle-history">Turn 1</h2><div class="chat chatmessage-h2opulse"><strong style="color:#6e8c2b"><small>☆</small><span class="username" data-name="H2OPulse">H2OPulse</span>:</strong> <em>A h</em></div><div class="chat chatmessage-h2opulse"><strong style="color:#6e8c2b"><small>☆</small><span class="username" data-name="H2OPulse">H2OPulse</span>:</strong> <em>okay I have some heat tech for this kind of</em></div><div class="spacer battle-history"><br></div><div class="battle-history">The opposing Monkshood used <strong>Fake Out</strong>!<br></div><div class="battle-history"><small>It's not very effective...</small><br></div><div class="battle-history"><small>A critical hit!</small><br></div><div class="battle-history"><small>(Gigalith lost <abbr title="−9/191">4.7%</abbr> of its health!)</small><br></div><div class="spacer battle-history"><br></div><div class="battle-history">Cherrim used <strong>Grassy Terrain</strong>!<br></div><div class="battle-history"><small>Grass grew to cover the battlefield!</small><br></div><div class="spacer battle-history"><br></div><div class="battle-history">Gigalith flinched and couldn't move!<br></div><div class="spacer battle-history"><br></div><div class="battle-history">The opposing Rampion used <strong>Heat Wave</strong>!<br></div><div class="battle-history"><small>It's super effective on Cherrim!</small><br></div><div class="battle-history"><small>It's not very effective on Gigalith.</small><br></div><div class="battle-history"><small>(Cherrim lost <abbr title="−107/145">73.8%</abbr> of its health!)</small><br></div><div class="battle-history"><small>(Gigalith lost <abbr title="−26/191">13.6%</abbr> of its health!)</small><br></div><div class="spacer battle-history"><br></div><div class="battle-history"><small>(The sunlight is strong.)</small><br></div><div class="battle-history"><small>Cherrim's HP was restored.</small><br></div><div class="battle-history"><small>Gigalith's HP was restored.</small><br></div><div class="spacer battle-history"><br></div><h2 class="battle-history">Turn 2</h2><div class="chat chatmessage-h2opulse"><strong style="color:#6e8c2b"><small>☆</small><span class="username" data-name="H2OPulse">H2OPulse</span>:</strong> <em>that was slightly underwhelming</em></div><div class="spacer battle-history"><br></div><div class="battle-history">Cherrim used <strong>Solar Beam</strong>!<br></div><div class="battle-history"><small>Cherrim absorbed light!</small><br></div><div class="battle-history"><small>(The opposing Monkshood lost <abbr title="−47/48 pixels">95.9–99.9%</abbr> of its health!)</small><br></div><div class="spacer battle-history"><br></div><div class="battle-history">The opposing Monkshood used <strong>Shadow Ball</strong>!<br></div><div class="battle-history"><small>(Cherrim lost <abbr title="−47/145">32.4%</abbr> of its health!)</small><br></div><div class="spacer battle-history"><br></div><div class="battle-history">Cherrim fainted!<br></div><div class="battle-history">Gigalith used <strong>Rock Slide</strong>!<br></div><div class="battle-history"><small>It's not very effective on the opposing Monkshood.</small><br></div><div class="battle-history"><small>(The opposing Monkshood lost <abbr title="−1/48 pixels">0.1–4.1%</abbr> of its health!)</small><br></div><div class="battle-history"><small>(The opposing Rampion lost <abbr title="−7/48 pixels">12.6–14.6%</abbr> of its health!)</small><br></div><div class="spacer battle-history"><br></div><div class="battle-history">The opposing Monkshood fainted!<br></div><div class="battle-history">The opposing Rampion flinched and couldn't move!<br></div><div class="spacer battle-history"><br></div><div class="battle-history"><small>(The sunlight is strong.)</small><br></div><div class="battle-history"><small>Gigalith's HP was restored.</small><br></div><div class="battle-history"><small>The opposing Rampion's HP was restored.</small><br></div><div class="chat chatmessage-h2opulse"><strong style="color:#6e8c2b"><small>☆</small><span class="username" data-name="H2OPulse">H2OPulse</span>:</strong> <em>OW</em></div><div class="chat chatmessage-inkbug1 mine"><strong style="color:#e46e0f"><small>☆</small><span class="username" data-name="inkbug1">inkbug1</span>:</strong> <em>ah shit sry</em></div><div class="chat chatmessage-h2opulse"><strong style="color:#6e8c2b"><small>☆</small><span class="username" data-name="H2OPulse">H2OPulse</span>:</strong> <em>P f no worries</em></div><div class="spacer battle-history"><br></div><div class="battle-history">Go! <strong>Hoobarn</strong>!<br></div><div class="spacer battle-history"><br></div><div class="battle-history">H2OPulse sent out Garcinia (<strong>Tsareena</strong>)!<br></div><div class="chat"><ul class="utilichart"><li class="result"><span class="col pokemonnamecol" style="white-space: nowrap">Hoobarn</span> <span class="col typecol"><img src="https://play.pokemonshowdown.com/sprites/types/Normal.png" alt="Normal" height="14" width="32"><img src="https://play.pokemonshowdown.com/sprites/types/Flying.png" alt="Flying" height="14" width="32"></span> <span style="float: left ; min-height: 26px"><span class="col abilitycol">Insomnia / Keen Eye / Prankster</span><span class="col abilitycol"></span></span></li><li style="clear: both"></li></ul></div><div class="chat"><ul class="utilichart"><li class="result"><span style="float: left ; min-height: 26px"><span class="col statcol"><em>HP</em><br>100</span> <span class="col statcol"><em>Atk</em><br>70</span> <span class="col statcol"><em>Def</em><br>90</span> <span class="col statcol"><em>SpA</em><br>86</span> <span class="col statcol"><em>SpD</em><br>96</span> <span class="col statcol"><em>Spe</em><br>70</span> </span></li><li style="clear: both"></li></ul></div><div class="battle-history"><small>(Hoobarn was created by Bolivia!)</small><br></div><div class="spacer battle-history"><br></div><h2 class="battle-history">Turn 3</h2><div class="spacer battle-history"><br></div><div class="battle-history">Hoobarn used <strong>Tailwind</strong>!<br></div><div class="battle-history"><small>The Tailwind blew from behind your team!</small><br></div><div class="spacer battle-history"><br></div><div class="battle-history">The opposing Garcinia used <strong>Power Whip</strong>!<br></div><div class="battle-history"><small>It's super effective!</small><br></div><div class="battle-history"><small>(Gigalith lost <abbr title="−152/191">79.6%</abbr> of its health!)</small><br></div><div class="battle-history"><small>(Gigalith ate its Iapapa Berry!)</small><br></div><div class="battle-history"><small>Gigalith restored HP using its Iapapa Berry!</small><br></div><div class="spacer battle-history"><br></div><div class="battle-history">Gigalith used <strong>Solar Beam</strong>!<br></div><div class="battle-history"><small>Gigalith absorbed light!</small><br></div><div class="battle-history"><small>(The opposing Rampion lost <abbr title="−22/48 pixels">43.8–47.8%</abbr> of its health!)</small><br></div><div class="spacer battle-history"><br></div><div class="battle-history">The opposing Rampion used <strong>Rock Slide</strong>!<br></div><div class="battle-history"><small>It's super effective on Hoobarn!</small><br></div><div class="battle-history"><small>(Hoobarn lost <abbr title="−198/207">95.7%</abbr> of its health!)</small><br></div><div class="battle-history"><small>(Gigalith lost <abbr title="−56/191">29.3%</abbr> of its health!)</small><br></div><div class="spacer battle-history"><br></div><div class="battle-history"><small>(The sunlight is strong.)</small><br></div><div class="battle-history"><small>Gigalith's HP was restored.</small><br></div><div class="battle-history"><small>The opposing Rampion's HP was restored.</small><br></div><div class="battle-history"><small>Hoobarn was burned!</small><br></div><div class="spacer battle-history"><br></div><h2 class="battle-history">Turn 4</h2><div class="spacer battle-history"><br></div><div class="battle-history">Hoobarn used <strong>Roost</strong>!<br></div><div class="battle-history"><small>Hoobarn had its HP restored.</small><br></div><div class="battle-history"><small>(Hoobarn loses Flying type this turn.)</small><br></div><div class="spacer battle-history"><br></div><div class="battle-history">The opposing Garcinia used <strong>Power Whip</strong>!<br></div><div class="battle-history"><small>It's super effective!</small><br></div><div class="battle-history"><small>(Gigalith lost <abbr title="−44/191">23.0%</abbr> of its health!)</small><br></div><div class="spacer battle-history"><br></div><div class="battle-history">Gigalith fainted!<br></div><div class="battle-history">The opposing Rampion used <strong>Rock Slide</strong>!<br></div><div class="battle-history"><small>(Hoobarn lost <abbr title="−113/207">54.6%</abbr> of its health!)</small><br></div><div class="spacer battle-history"><br></div><div class="battle-history">Hoobarn fainted!<br></div><div class="spacer battle-history"><br></div><div class="battle-history"><small>(The sunlight is strong.)</small><br></div><div class="battle-history"><small>The opposing Rampion's HP was restored.</small><br></div><div class="spacer battle-history"><br></div><div class="battle-history">Go! Shiinotic (<strong>Shiinotic-Kalos</strong>)!<br></div><div class="chat"><ul class="utilichart"><li class="result"><span class="col pokemonnamecol" style="white-space: nowrap">Shiinotic-Kalos</span> <span class="col typecol"><img src="https://play.pokemonshowdown.com/sprites/types/Poison.png" alt="Poison" height="14" width="32"><img src="https://play.pokemonshowdown.com/sprites/types/Fairy.png" alt="Fairy" height="14" width="32"></span> <span style="float: left ; min-height: 26px"><span class="col abilitycol">Illuminate / Effect Spore / Technician</span><span class="col abilitycol"></span></span></li><li style="clear: both"></li></ul></div><div class="chat"><ul class="utilichart"><li class="result"><span style="float: left ; min-height: 26px"><span class="col statcol"><em>HP</em><br>60</span> <span class="col statcol"><em>Atk</em><br>45</span> <span class="col statcol"><em>Def</em><br>60</span> <span class="col statcol"><em>SpA</em><br>90</span> <span class="col statcol"><em>SpD</em><br>80</span> <span class="col statcol"><em>Spe</em><br>70</span> </span></li><li style="clear: both"></li></ul></div><div class="battle-history"><small>(Shiinotic-Kalos was created by Hematite!)</small><br></div><div class="spacer battle-history"><br></div><h2 class="battle-history">Turn 5</h2><div class="spacer battle-history"><br></div><div class="battle-history">Shiinotic used <strong>Spore</strong>!<br></div><div class="battle-history"><small>The opposing Rampion fell asleep!</small><br></div><div class="spacer battle-history"><br></div><div class="battle-history">The opposing Garcinia used <strong>Triple Axel</strong>!<br></div><div class="battle-history"><small>(Shiinotic lost <abbr title="−18/135">13.3%</abbr> of its health!)</small><br></div><div class="battle-history"><small>(Shiinotic lost <abbr title="−37/135">27.4%</abbr> of its health!)</small><br></div><div class="battle-history"><small>(Shiinotic lost <abbr title="−52/135">38.5%</abbr> of its health!)</small><br></div><div class="battle-history"><small>The Pokémon was hit 3 times!</small><br></div><div class="spacer battle-history"><br></div><div class="battle-history">The opposing Rampion is fast asleep.<br></div><div class="spacer battle-history"><br></div><div class="battle-history"><small>The harsh sunlight faded.</small><br></div><div class="battle-history"><small>Shiinotic's HP was restored.</small><br></div><div class="battle-history"><small>The opposing Rampion's HP was restored.</small><br></div><div class="battle-history"><small>The grass disappeared from the battlefield.</small><br></div><div class="spacer battle-history"><br></div><h2 class="battle-history">Turn 6</h2><div class="spacer battle-history"><br></div><div class="battle-history">Shiinotic used <strong>Sludge Bomb</strong>!<br></div><div class="battle-history"><small>It's super effective!</small><br></div><div class="battle-history"><small>(The opposing Garcinia lost <abbr title="−32/48 pixels">64.7–66.7%</abbr> of its health!)</small><br></div><div class="battle-history"><small>The opposing Garcinia was poisoned!</small><br></div><div class="spacer battle-history"><br></div><div class="battle-history">The opposing Garcinia used <strong>Triple Axel</strong>!<br></div><div class="battle-history"><small>(Shiinotic lost <abbr title="−20/135">14.8%</abbr> of its health!)</small><br></div><div class="battle-history"><small>(Shiinotic lost <abbr title="−16/135">11.9%</abbr> of its health!)</small><br></div><div class="battle-history"><small>The Pokémon was hit 2 times!</small><br></div><div class="spacer battle-history"><br></div><div class="battle-history">Shiinotic fainted!<br></div><div class="spacer battle-history"><br></div><div class="battle-history"><strong>H2OPulse</strong> won the battle!<br></div><div class="chat chatmessage-h2opulse"><strong style="color:#6e8c2b"><small>☆</small><span class="username" data-name="H2OPulse">H2OPulse</span>:</strong> <em>Good game!! O:</em></div><div class="chat chatmessage-inkbug1 mine"><strong style="color:#e46e0f"><small>☆</small><span class="username" data-name="inkbug1">inkbug1</span>:</strong> <em>fair ebnough</em></div></div><div class="inner-preempt message-log"></div></div></div>
</div>
<script>
let daily = Math.floor(Date.now()/1000/60/60/24);document.write('<script src="https://dragonheaven.herokuapp.com/js/replay-embed.js?version'+daily+'"></'+'script>');
</script>
