<!DOCTYPE html>
<meta charset="utf-8" />
<!-- version 1 -->
<title>[Gen 8] Evolution Project replay: abismal vs. regic boat</title>
<style>
html,body {font-family:Verdana, sans-serif;font-size:10pt;margin:0;padding:0;}body{padding:12px 0;} .battle-log {font-family:Verdana, sans-serif;font-size:10pt;} .battle-log-inline {border:1px solid #AAAAAA;background:#EEF2F5;color:black;max-width:640px;margin:0 auto 80px;padding-bottom:5px;} .battle-log .inner {padding:4px 8px 0px 8px;} .battle-log .inner-preempt {padding:0 8px 4px 8px;} .battle-log .inner-after {margin-top:0.5em;} .battle-log h2 {margin:0.5em -8px;padding:4px 8px;border:1px solid #AAAAAA;background:#E0E7EA;border-left:0;border-right:0;font-family:Verdana, sans-serif;font-size:13pt;} .battle-log .chat {vertical-align:middle;padding:3px 0 3px 0;font-size:8pt;} .battle-log .chat strong {color:#40576A;} .battle-log .chat em {padding:1px 4px 1px 3px;color:#000000;font-style:normal;} .chat.mine {background:rgba(0,0,0,0.05);margin-left:-8px;margin-right:-8px;padding-left:8px;padding-right:8px;} .spoiler {color:#BBBBBB;background:#BBBBBB;padding:0px 3px;} .spoiler:hover, .spoiler:active, .spoiler-shown {color:#000000;background:#E2E2E2;padding:0px 3px;} .spoiler a {color:#BBBBBB;} .spoiler:hover a, .spoiler:active a, .spoiler-shown a {color:#2288CC;} .chat code, .chat .spoiler:hover code, .chat .spoiler:active code, .chat .spoiler-shown code {border:1px solid #C0C0C0;background:#EEEEEE;color:black;padding:0 2px;} .chat .spoiler code {border:1px solid #CCCCCC;background:#CCCCCC;color:#CCCCCC;} .battle-log .rated {padding:3px 4px;} .battle-log .rated strong {color:white;background:#89A;padding:1px 4px;border-radius:4px;} .spacer {margin-top:0.5em;} .message-announce {background:#6688AA;color:white;padding:1px 4px 2px;} .message-announce a, .broadcast-green a, .broadcast-blue a, .broadcast-red a {color:#DDEEFF;} .broadcast-green {background-color:#559955;color:white;padding:2px 4px;} .broadcast-blue {background-color:#6688AA;color:white;padding:2px 4px;} .infobox {border:1px solid #6688AA;padding:2px 4px;} .infobox-limited {max-height:200px;overflow:auto;overflow-x:hidden;} .broadcast-red {background-color:#AA5544;color:white;padding:2px 4px;} .message-learn-canlearn {font-weight:bold;color:#228822;text-decoration:underline;} .message-learn-cannotlearn {font-weight:bold;color:#CC2222;text-decoration:underline;} .message-effect-weak {font-weight:bold;color:#CC2222;} .message-effect-resist {font-weight:bold;color:#6688AA;} .message-effect-immune {font-weight:bold;color:#666666;} .message-learn-list {margin-top:0;margin-bottom:0;} .message-throttle-notice, .message-error {color:#992222;} .message-overflow, .chat small.message-overflow {font-size:0pt;} .message-overflow::before {font-size:9pt;content:'...';} .subtle {color:#3A4A66;}
</style>
<div class="wrapper replay-wrapper" style="max-width:1180px;margin:0 auto">
<input type="hidden" name="replayid" value="dragonheaven-gen8evolutionproject-20" />
<div class="battle"></div><div class="battle-log"></div><div class="replay-controls"></div><div class="replay-controls-2"></div>
<h1 style="font-weight:normal;text-align:center"><strong>[Gen 8] Evolution Project</strong><br /><a href="http://pokemonshowdown.com/users/abismal" class="subtle" target="_blank">abismal</a> vs. <a href="http://pokemonshowdown.com/users/regicboat" class="subtle" target="_blank">regic boat</a></h1>
<script type="text/plain" class="battle-log-data">|j|☆abismal
|j|☆regic boat
|t:|1657493479
|player|p1|abismal|brawly|
|player|p2|regic boat|ltsurge-gen3|
|teamsize|p1|6
|teamsize|p2|6
|gametype|singles
|gen|8
|tier|[Gen 8] Evolution Project
|clearpoke
|poke|p1|Dewgong-Variant, F|
|poke|p1|Velocinobi, M|
|poke|p1|Falinks-Terracotta, F|
|poke|p1|Excadrill-Hisui, M|
|poke|p1|Voltangent, F|
|poke|p1|Mantine, M|
|poke|p2|Gardevoir, M|
|poke|p2|Scrafty, F|
|poke|p2|Curski, F|
|poke|p2|Pollugonal, F|
|poke|p2|Mantine-Variant, F|
|poke|p2|Lycanroc-Arctara, M|
|rule|HP Percentage Mod: HP is shown in percentages
|rule|Endless Battle Clause: Forcing endless battles is banned
|rule|OHKO Clause: OHKO moves are banned
|rule|Evasion Moves Clause: Evasion moves are banned
|rule|Species Clause: Limit one of each Pokémon
|rule|Dynamax Clause: You cannot dynamax
|rule|Sleep Clause Mod: Limit one foe put to sleep
|rule|Z-Move Clause: Type-based Z-Moves are banned
|teampreview
|j|~inkbug1

|c|☆regic boat|the curski sprite is funny
|c|☆regic boat|i like it
|c|☆regic boat|glhf
|c|☆abismal|u2
|
|t:|1657493514
|start
|switch|p1a: Velocinobi|Velocinobi, M|100\/100
|switch|p2a: Curski|Curski, F|100\/100
|-start|p1a: Velocinobi|typechange|Bug\/Ghost|[silent]
|raw|<ul class="utilichart"><li class="result"><span class="col pokemonnamecol" style="white-space: nowrap">Velocinobi<\/span> <span class="col typecol"><img src="https:\/\/dragonheaven.herokuapp.com\/sprites\/types\/Bug.png" alt="Bug" height="14" width="32"><img src="https:\/\/dragonheaven.herokuapp.com\/sprites\/types\/Ghost.png" alt="Ghost" height="14" width="32"><\/span> <span style="float: left ; min-height: 26px"><span class="col abilitycol">Shed Skin \/ Technician \/ Unburden<\/span><span class="col abilitycol"><\/span><\/span><\/li><li style="clear: both"><\/li><\/ul>
|raw|<ul class="utilichart"><li class="result"><span style="float: left ; min-height: 26px"><span class="col statcol"><em>HP<\/em><br>80<\/span> <span class="col statcol"><em>Atk<\/em><br>95<\/span> <span class="col statcol"><em>Def<\/em><br>20<\/span> <span class="col statcol"><em>SpA<\/em><br>105<\/span> <span class="col statcol"><em>SpD<\/em><br>90<\/span> <span class="col statcol"><em>Spe<\/em><br>145<\/span> <\/span><\/li><li style="clear: both"><\/li><\/ul>
|-hint|Velocinobi was created by quagsi!
|-start|p2a: Curski|typechange|Dark|[silent]
|raw|<ul class="utilichart"><li class="result"><span class="col pokemonnamecol" style="white-space: nowrap">Curski<\/span> <span class="col typecol"><img src="https:\/\/dragonheaven.herokuapp.com\/sprites\/types\/Dark.png" alt="Dark" height="14" width="32"><\/span> <span style="float: left ; min-height: 26px"><span class="col abilitycol">Dark Aura \/ Infiltrator<\/span><span class="col abilitycol"><\/span><\/span><\/li><li style="clear: both"><\/li><\/ul>
|raw|<ul class="utilichart"><li class="result"><span style="float: left ; min-height: 26px"><span class="col statcol"><em>HP<\/em><br>50<\/span> <span class="col statcol"><em>Atk<\/em><br>117<\/span> <span class="col statcol"><em>Def<\/em><br>108<\/span> <span class="col statcol"><em>SpA<\/em><br>92<\/span> <span class="col statcol"><em>SpD<\/em><br>108<\/span> <span class="col statcol"><em>Spe<\/em><br>35<\/span> <\/span><\/li><li style="clear: both"><\/li><\/ul>
|-hint|Curski was created by KeroseneZanchu!
|-ability|p2a: Curski|Dark Aura
|turn|1
|
|t:|1657493523
|move|p2a: Curski|Sucker Punch||[still]
|-fail|p2a: Curski
|move|p1a: Velocinobi|Spikes|p2a: Curski
|-sidestart|p2: regic boat|Spikes
|
|upkeep
|turn|2
|
|t:|1657493531
|move|p1a: Velocinobi|Spikes|p2a: Curski
|-sidestart|p2: regic boat|Spikes
|move|p2a: Curski|Baddy Bad|p1a: Velocinobi
|-supereffective|p1a: Velocinobi
|-enditem|p1a: Velocinobi|Focus Sash
|-damage|p1a: Velocinobi|1\/100
|-sidestart|p2: regic boat|Reflect
|
|upkeep
|turn|3
|
|t:|1657493535
|move|p1a: Velocinobi|Spikes|p2a: Curski
|-sidestart|p2: regic boat|Spikes
|move|p2a: Curski|Pursuit|p1a: Velocinobi
|-supereffective|p1a: Velocinobi
|-damage|p1a: Velocinobi|0 fnt
|faint|p1a: Velocinobi
|
|upkeep
|c|~inkbug1|idk if this is an old team but jsyk, eviolite scrafty was patched out that shouldnt work anymore 
|c|☆regic boat|how sad
|
|t:|1657493548
|switch|p1a: Falinks|Falinks-Terracotta, F|100\/100
|-start|p1a: Falinks|typechange|Fighting\/Rock|[silent]
|raw|<ul class="utilichart"><li class="result"><span class="col pokemonnamecol" style="white-space: nowrap">Falinks-Terracotta<\/span> <span class="col typecol"><img src="https:\/\/dragonheaven.herokuapp.com\/sprites\/types\/Fighting.png" alt="Fighting" height="14" width="32"><img src="https:\/\/dragonheaven.herokuapp.com\/sprites\/types\/Rock.png" alt="Rock" height="14" width="32"><\/span> <span style="float: left ; min-height: 26px"><span class="col abilitycol">Solid Rock \/ Skill Link \/ Defiant<\/span><span class="col abilitycol"><\/span><\/span><\/li><li style="clear: both"><\/li><\/ul>
|raw|<ul class="utilichart"><li class="result"><span style="float: left ; min-height: 26px"><span class="col statcol"><em>HP<\/em><br>65<\/span> <span class="col statcol"><em>Atk<\/em><br>100<\/span> <span class="col statcol"><em>Def<\/em><br>100<\/span> <span class="col statcol"><em>SpA<\/em><br>60<\/span> <span class="col statcol"><em>SpD<\/em><br>60<\/span> <span class="col statcol"><em>Spe<\/em><br>85<\/span> <\/span><\/li><li style="clear: both"><\/li><\/ul>
|-hint|Falinks-Terracotta was created by Hematite!
|turn|4
|
|t:|1657493565
|switch|p2a: Gardevoir|Gardevoir, M|100\/100
|-damage|p2a: Gardevoir|76\/100|[from] Spikes
|-ability|p2a: Gardevoir|Defiant|[from] ability: Trace|[of] p1a: Falinks
|move|p1a: Falinks|Stealth Rock|p2a: Gardevoir
|-sidestart|p2: regic boat|move: Stealth Rock
|
|upkeep
|turn|5
|
|t:|1657493578
|switch|p1a: Excadrill|Excadrill-Hisui, M|100\/100
|-start|p1a: Excadrill|typechange|Ground\/Normal|[silent]
|raw|<ul class="utilichart"><li class="result"><span class="col pokemonnamecol" style="white-space: nowrap">Excadrill-Hisui<\/span> <span class="col typecol"><img src="https:\/\/dragonheaven.herokuapp.com\/sprites\/types\/Ground.png" alt="Ground" height="14" width="32"><img src="https:\/\/dragonheaven.herokuapp.com\/sprites\/types\/Normal.png" alt="Normal" height="14" width="32"><\/span> <span style="float: left ; min-height: 26px"><span class="col abilitycol">Centrifuge \/ Sand Force \/ Technician<\/span><span class="col abilitycol"><\/span><\/span><\/li><li style="clear: both"><\/li><\/ul>
|raw|<ul class="utilichart"><li class="result"><span style="float: left ; min-height: 26px"><span class="col statcol"><em>HP<\/em><br>110<\/span> <span class="col statcol"><em>Atk<\/em><br>135<\/span> <span class="col statcol"><em>Def<\/em><br>60<\/span> <span class="col statcol"><em>SpA<\/em><br>50<\/span> <span class="col statcol"><em>SpD<\/em><br>65<\/span> <span class="col statcol"><em>Spe<\/em><br>88<\/span> <\/span><\/li><li style="clear: both"><\/li><\/ul>
|-hint|Excadrill-Hisui was created by ausma!
|move|p2a: Gardevoir|Moonblast|p1a: Excadrill
|-crit|p1a: Excadrill
|-damage|p1a: Excadrill|7\/100
|
|upkeep
|turn|6
|
|t:|1657493586
|move|p2a: Gardevoir|Moonblast|p1a: Excadrill
|-damage|p1a: Excadrill|0 fnt
|faint|p1a: Excadrill
|
|-sideend|p2: regic boat|Reflect
|upkeep
|
|t:|1657493591
|switch|p1a: Mantine|Mantine, M|100\/100
|turn|7
|
|t:|1657493607
|move|p2a: Gardevoir|Moonblast|p1a: Mantine
|-damage|p1a: Mantine|68\/100
|move|p1a: Mantine|Toxic|p2a: Gardevoir
|-status|p2a: Gardevoir|tox
|
|-damage|p2a: Gardevoir|69\/100 tox|[from] psn
|upkeep
|turn|8
|
|t:|1657493610
|switch|p2a: Scrafty|Scrafty, F|100\/100
|-damage|p2a: Scrafty|76\/100|[from] Spikes
|-damage|p2a: Scrafty|70\/100|[from] Stealth Rock
|-ability|p2a: Scrafty|Intimidate|boost
|-unboost|p1a: Mantine|atk|1
|move|p1a: Mantine|Roost|p1a: Mantine
|-heal|p1a: Mantine|100\/100
|-singleturn|p1a: Mantine|move: Roost
|
|upkeep
|turn|9
|
|t:|1657493621
|move|p2a: Scrafty|Fake Out|p1a: Mantine
|-damage|p1a: Mantine|93\/100
|cant|p1a: Mantine|flinch
|
|upkeep
|turn|10
|
|t:|1657493624
|move|p1a: Mantine|Scald|p2a: Scrafty
|-damage|p2a: Scrafty|51\/100
|move|p2a: Scrafty|Knock Off|p1a: Mantine
|-damage|p1a: Mantine|67\/100
|-enditem|p1a: Mantine|Heavy-Duty Boots|[from] move: Knock Off|[of] p2a: Scrafty
|
|upkeep
|turn|11
|
|t:|1657493628
|move|p1a: Mantine|Toxic|p2a: Scrafty
|-status|p2a: Scrafty|tox
|move|p2a: Scrafty|Super Fang|p1a: Mantine
|-damage|p1a: Mantine|34\/100
|
|-damage|p2a: Scrafty|45\/100 tox|[from] psn
|upkeep
|turn|12
|
|t:|1657493635
|switch|p2a: Pollugonal|Pollugonal, F|100\/100
|-start|p2a: Pollugonal|typechange|Ice\/Poison|[silent]
|raw|<ul class="utilichart"><li class="result"><span class="col pokemonnamecol" style="white-space: nowrap">Pollugonal<\/span> <span class="col typecol"><img src="https:\/\/dragonheaven.herokuapp.com\/sprites\/types\/Ice.png" alt="Ice" height="14" width="32"><img src="https:\/\/dragonheaven.herokuapp.com\/sprites\/types\/Poison.png" alt="Poison" height="14" width="32"><\/span> <span style="float: left ; min-height: 26px"><span class="col abilitycol">Levitate<\/span><span class="col abilitycol"><\/span><\/span><\/li><li style="clear: both"><\/li><\/ul>
|raw|<ul class="utilichart"><li class="result"><span style="float: left ; min-height: 26px"><span class="col statcol"><em>HP<\/em><br>90<\/span> <span class="col statcol"><em>Atk<\/em><br>50<\/span> <span class="col statcol"><em>Def<\/em><br>50<\/span> <span class="col statcol"><em>SpA<\/em><br>95<\/span> <span class="col statcol"><em>SpD<\/em><br>140<\/span> <span class="col statcol"><em>Spe<\/em><br>105<\/span> <\/span><\/li><li style="clear: both"><\/li><\/ul>
|-hint|Pollugonal was created by Magmajudis!
|move|p1a: Mantine|Roost|p1a: Mantine
|-heal|p1a: Mantine|84\/100
|-singleturn|p1a: Mantine|move: Roost
|
|upkeep
|turn|13
|
|t:|1657493669
|switch|p1a: Falinks|Falinks-Terracotta, F|100\/100
|-start|p1a: Falinks|typechange|Fighting\/Rock|[silent]
|move|p2a: Pollugonal|Freeze-Dry|p1a: Falinks
|-damage|p1a: Falinks|42\/100
|
|-heal|p1a: Falinks|48\/100|[from] item: Leftovers
|upkeep
|turn|14
|
|t:|1657493676
|move|p2a: Pollugonal|Freeze-Dry|p1a: Falinks
|-damage|p1a: Falinks|0 fnt
|faint|p1a: Falinks
|
|upkeep
|
|t:|1657493680
|switch|p1a: Dewgong|Dewgong-Variant, F|100\/100
|-start|p1a: Dewgong|typechange|Normal|[silent]
|raw|<ul class="utilichart"><li class="result"><span class="col pokemonnamecol" style="white-space: nowrap">Dewgong-Variant<\/span> <span class="col typecol"><img src="https:\/\/dragonheaven.herokuapp.com\/sprites\/types\/Normal.png" alt="Normal" height="14" width="32"><\/span> <span style="float: left ; min-height: 26px"><span class="col abilitycol">Hydration \/ Adaptability \/ Thick Fat<\/span><span class="col abilitycol"><\/span><\/span><\/li><li style="clear: both"><\/li><\/ul>
|raw|<ul class="utilichart"><li class="result"><span style="float: left ; min-height: 26px"><span class="col statcol"><em>HP<\/em><br>90<\/span> <span class="col statcol"><em>Atk<\/em><br>50<\/span> <span class="col statcol"><em>Def<\/em><br>80<\/span> <span class="col statcol"><em>SpA<\/em><br>110<\/span> <span class="col statcol"><em>SpD<\/em><br>95<\/span> <span class="col statcol"><em>Spe<\/em><br>50<\/span> <\/span><\/li><li style="clear: both"><\/li><\/ul>
|-hint|Dewgong-Variant was created by Magmajudis!
|turn|15
|
|t:|1657493687
|switch|p2a: Scrafty|Scrafty, F|45\/100 tox
|-damage|p2a: Scrafty|20\/100 tox|[from] Spikes
|-damage|p2a: Scrafty|14\/100 tox|[from] Stealth Rock
|-ability|p2a: Scrafty|Intimidate|boost
|-unboost|p1a: Dewgong|atk|1
|move|p1a: Dewgong|Echoed Voice|p2a: Scrafty
|-damage|p2a: Scrafty|0 fnt
|faint|p2a: Scrafty
|
|upkeep
|
|t:|1657493690
|switch|p2a: Gardevoir|Gardevoir, M|69\/100 tox
|-damage|p2a: Gardevoir|57\/100 tox|[from] Stealth Rock
|-damage|p2a: Gardevoir|32\/100 tox|[from] Spikes
|-ability|p2a: Gardevoir|Adaptability|[from] ability: Trace|[of] p1a: Dewgong
|turn|16
|
|t:|1657493694
|move|p2a: Gardevoir|Moonblast|p1a: Dewgong
|-damage|p1a: Dewgong|28\/100
|move|p1a: Dewgong|Echoed Voice|p2a: Gardevoir
|-damage|p2a: Gardevoir|0 fnt
|faint|p2a: Gardevoir
|
|upkeep
|
|t:|1657493701
|switch|p2a: Lycanroc|Lycanroc-Arctara, M|100\/100
|-damage|p2a: Lycanroc|76\/100|[from] Spikes
|-damage|p2a: Lycanroc|51\/100|[from] Stealth Rock
|-start|p2a: Lycanroc|typechange|Rock\/Ice|[silent]
|raw|<ul class="utilichart"><li class="result"><span class="col pokemonnamecol" style="white-space: nowrap">Lycanroc-Arctara<\/span> <span class="col typecol"><img src="https:\/\/dragonheaven.herokuapp.com\/sprites\/types\/Rock.png" alt="Rock" height="14" width="32"><img src="https:\/\/dragonheaven.herokuapp.com\/sprites\/types\/Ice.png" alt="Ice" height="14" width="32"><\/span> <span style="float: left ; min-height: 26px"><span class="col abilitycol">Fur Coat \/ Tough Claws \/ Sand Rush<\/span><span class="col abilitycol"><\/span><\/span><\/li><li style="clear: both"><\/li><\/ul>
|raw|<ul class="utilichart"><li class="result"><span style="float: left ; min-height: 26px"><span class="col statcol"><em>HP<\/em><br>95<\/span> <span class="col statcol"><em>Atk<\/em><br>70<\/span> <span class="col statcol"><em>Def<\/em><br>80<\/span> <span class="col statcol"><em>SpA<\/em><br>55<\/span> <span class="col statcol"><em>SpD<\/em><br>120<\/span> <span class="col statcol"><em>Spe<\/em><br>67<\/span> <\/span><\/li><li style="clear: both"><\/li><\/ul>
|-hint|Lycanroc-Arctara was created by KeroseneZanchu!
|turn|17
|
|t:|1657493708
|move|p2a: Lycanroc|Accelerock|p1a: Dewgong
|-damage|p1a: Dewgong|13\/100
|-enditem|p1a: Dewgong|Salac Berry|[eat]
|-boost|p1a: Dewgong|spe|1|[from] item: Salac Berry
|move|p1a: Dewgong|Echoed Voice|p2a: Lycanroc
|-resisted|p2a: Lycanroc
|-damage|p2a: Lycanroc|24\/100
|
|-heal|p2a: Lycanroc|30\/100|[from] item: Leftovers
|upkeep
|turn|18
|
|t:|1657493716
|move|p2a: Lycanroc|Accelerock|p1a: Dewgong
|-damage|p1a: Dewgong|0 fnt
|faint|p1a: Dewgong
|
|-heal|p2a: Lycanroc|36\/100|[from] item: Leftovers
|upkeep
|
|t:|1657493719
|switch|p1a: Voltangent|Voltangent, F|100\/100
|-start|p1a: Voltangent|typechange|Electric\/Dragon|[silent]
|raw|<ul class="utilichart"><li class="result"><span class="col pokemonnamecol" style="white-space: nowrap">Voltangent<\/span> <span class="col typecol"><img src="https:\/\/dragonheaven.herokuapp.com\/sprites\/types\/Electric.png" alt="Electric" height="14" width="32"><img src="https:\/\/dragonheaven.herokuapp.com\/sprites\/types\/Dragon.png" alt="Dragon" height="14" width="32"><\/span> <span style="float: left ; min-height: 26px"><span class="col abilitycol">Regenerator \/ Minus<\/span><span class="col abilitycol"><\/span><\/span><\/li><li style="clear: both"><\/li><\/ul>
|raw|<ul class="utilichart"><li class="result"><span style="float: left ; min-height: 26px"><span class="col statcol"><em>HP<\/em><br>100<\/span> <span class="col statcol"><em>Atk<\/em><br>115<\/span> <span class="col statcol"><em>Def<\/em><br>85<\/span> <span class="col statcol"><em>SpA<\/em><br>75<\/span> <span class="col statcol"><em>SpD<\/em><br>90<\/span> <span class="col statcol"><em>Spe<\/em><br>45<\/span> <\/span><\/li><li style="clear: both"><\/li><\/ul>
|-hint|Voltangent was created by Paulluxx!
|turn|19
|
|t:|1657493725
|move|p2a: Lycanroc|Triple Axel|p1a: Voltangent|[miss]
|-miss|p2a: Lycanroc|p1a: Voltangent
|move|p1a: Voltangent|Substitute|p1a: Voltangent
|-start|p1a: Voltangent|Substitute
|-damage|p1a: Voltangent|75\/100
|
|-heal|p2a: Lycanroc|42\/100|[from] item: Leftovers
|-heal|p1a: Voltangent|82\/100|[from] item: Leftovers
|upkeep
|turn|20
|
|t:|1657493728
|-singleturn|p1a: Voltangent|move: Focus Punch
|move|p2a: Lycanroc|Triple Axel|p1a: Voltangent
|-supereffective|p1a: Voltangent
|-activate|p1a: Voltangent|move: Substitute|[damage]
|-supereffective|p1a: Voltangent
|-end|p1a: Voltangent|Substitute
|-supereffective|p1a: Voltangent
|-damage|p1a: Voltangent|47\/100
|-hitcount|p1a: Voltangent|3
|cant|p1a: Voltangent|Focus Punch|Focus Punch
|
|-heal|p2a: Lycanroc|48\/100|[from] item: Leftovers
|-heal|p1a: Voltangent|53\/100|[from] item: Leftovers
|upkeep
|turn|21
|
|t:|1657493737
|move|p2a: Lycanroc|Triple Axel|p1a: Voltangent
|-supereffective|p1a: Voltangent
|-damage|p1a: Voltangent|43\/100
|-hitcount|p1a: Voltangent|1
|move|p1a: Voltangent|Wild Charge|p2a: Lycanroc
|-damage|p2a: Lycanroc|29\/100
|-damage|p1a: Voltangent|38\/100|[from] Recoil
|
|-heal|p2a: Lycanroc|35\/100|[from] item: Leftovers
|-heal|p1a: Voltangent|44\/100|[from] item: Leftovers
|upkeep
|turn|22
|c|☆abismal|:skull:
|
|t:|1657493746
|move|p2a: Lycanroc|Triple Axel|p1a: Voltangent
|-supereffective|p1a: Voltangent
|-damage|p1a: Voltangent|32\/100
|-supereffective|p1a: Voltangent
|-damage|p1a: Voltangent|9\/100
|-supereffective|p1a: Voltangent
|-damage|p1a: Voltangent|0 fnt
|-hitcount|p1a: Voltangent|3
|faint|p1a: Voltangent
|
|-heal|p2a: Lycanroc|41\/100|[from] item: Leftovers
|upkeep
|
|t:|1657493748
|switch|p1a: Mantine|Mantine, M|84\/100
|turn|23
|c|☆regic boat|fur coat moment
|
|t:|1657493757
|move|p2a: Lycanroc|Accelerock|p1a: Mantine
|-supereffective|p1a: Mantine
|-damage|p1a: Mantine|66\/100
|move|p1a: Mantine|Scald|p2a: Lycanroc
|-supereffective|p2a: Lycanroc
|-damage|p2a: Lycanroc|6\/100
|
|-heal|p2a: Lycanroc|12\/100|[from] item: Leftovers
|upkeep
|turn|24
|
|t:|1657493761
|move|p1a: Mantine|Scald|p2a: Lycanroc
|-supereffective|p2a: Lycanroc
|-damage|p2a: Lycanroc|0 fnt
|faint|p2a: Lycanroc
|
|upkeep
|
|t:|1657493765
|switch|p2a: Pollugonal|Pollugonal, F|100\/100
|-start|p2a: Pollugonal|typechange|Ice\/Poison|[silent]
|turn|25
|
|t:|1657493777
|move|p2a: Pollugonal|Freeze-Dry|p1a: Mantine
|-supereffective|p1a: Mantine
|-damage|p1a: Mantine|0 fnt
|faint|p1a: Mantine
|
|win|regic boat
|c|☆regic boat|geegee
|c|☆abismal|gg
|l|☆abismal
|c|☆regic boat|man, i</script>
</div>
<div class="battle-log battle-log-inline"><div class="inner"><div class="battle-options"><div style="padding-top: 3px; padding-right: 3px; text-align: right"><button class="icon button" name="openBattleOptions" title="Options">Battle Options</button></div></div><div class="inner message-log"><div class="chat"><small>☆abismal and ☆regic boat joined</small></div><div class=""><small>Format:</small> <br><strong>[Gen 8] Evolution Project</strong></div><div class=""><small><em>HP Percentage Mod:</em> HP is shown in percentages</small></div><div class=""><small><em>Endless Battle Clause:</em> Forcing endless battles is banned</small></div><div class=""><small><em>OHKO Clause:</em> OHKO moves are banned</small></div><div class=""><small><em>Evasion Moves Clause:</em> Evasion moves are banned</small></div><div class=""><small><em>Species Clause:</em> Limit one of each Pokémon</small></div><div class=""><small><em>Dynamax Clause:</em> You cannot dynamax</small></div><div class=""><small><em>Sleep Clause Mod:</em> Limit one foe put to sleep</small></div><div class=""><small><em>Z-Move Clause:</em> Type-based Z-Moves are banned</small></div><div class="chat battle-history"><strong>abismal's team:</strong> <em style="color:#445566;display:block;">Dewgong-Variant / Velocinobi / Falinks-Terracotta / Excadrill-Hisui / Voltangent / Mantine</em></div><div class="chat battle-history"><strong>regic boat's team:</strong> <em style="color:#445566;display:block;">Gardevoir / Scrafty / Curski / Pollugonal / Mantine-Variant / Lycanroc-Arctara</em></div><div class="chat"><small>~inkbug1 joined</small></div><div class="chat chatmessage-regicboat"><strong style="color:#7732e7"><small>☆</small><span class="username" data-name="regic boat">regic boat</span>:</strong> <em>the curski sprite is funny</em></div><div class="chat chatmessage-regicboat"><strong style="color:#7732e7"><small>☆</small><span class="username" data-name="regic boat">regic boat</span>:</strong> <em>i like it</em></div><div class="chat chatmessage-regicboat"><strong style="color:#7732e7"><small>☆</small><span class="username" data-name="regic boat">regic boat</span>:</strong> <em>glhf</em></div><div class="chat chatmessage-abismal"><strong style="color:#68a730"><small>☆</small><span class="username" data-name="abismal">abismal</span>:</strong> <em>u2</em></div><div class="spacer battle-history"><br></div><div class="battle-history">Battle started between abismal and regic boat!<br></div><div class="spacer battle-history"><br></div><div class="battle-history">Go! <strong>Velocinobi</strong>!<br></div><div class="spacer battle-history"><br></div><div class="battle-history">regic boat sent out <strong>Curski</strong>!<br></div><div class="chat"><ul class="utilichart"><li class="result"><span class="col pokemonnamecol" style="white-space: nowrap">Velocinobi</span> <span class="col typecol"><img src="https://dragonheaven.herokuapp.com/sprites/types/Bug.png" alt="Bug" height="14" width="32"><img src="https://dragonheaven.herokuapp.com/sprites/types/Ghost.png" alt="Ghost" height="14" width="32"></span> <span style="float: left ; min-height: 26px"><span class="col abilitycol">Shed Skin / Technician / Unburden</span><span class="col abilitycol"></span></span></li><li style="clear: both"></li></ul></div><div class="chat"><ul class="utilichart"><li class="result"><span style="float: left ; min-height: 26px"><span class="col statcol"><em>HP</em><br>80</span> <span class="col statcol"><em>Atk</em><br>95</span> <span class="col statcol"><em>Def</em><br>20</span> <span class="col statcol"><em>SpA</em><br>105</span> <span class="col statcol"><em>SpD</em><br>90</span> <span class="col statcol"><em>Spe</em><br>145</span> </span></li><li style="clear: both"></li></ul></div><div class="battle-history"><small>(Velocinobi was created by quagsi!)</small><br></div><div class="chat"><ul class="utilichart"><li class="result"><span class="col pokemonnamecol" style="white-space: nowrap">Curski</span> <span class="col typecol"><img src="https://dragonheaven.herokuapp.com/sprites/types/Dark.png" alt="Dark" height="14" width="32"></span> <span style="float: left ; min-height: 26px"><span class="col abilitycol">Dark Aura / Infiltrator</span><span class="col abilitycol"></span></span></li><li style="clear: both"></li></ul></div><div class="chat"><ul class="utilichart"><li class="result"><span style="float: left ; min-height: 26px"><span class="col statcol"><em>HP</em><br>50</span> <span class="col statcol"><em>Atk</em><br>117</span> <span class="col statcol"><em>Def</em><br>108</span> <span class="col statcol"><em>SpA</em><br>92</span> <span class="col statcol"><em>SpD</em><br>108</span> <span class="col statcol"><em>Spe</em><br>35</span> </span></li><li style="clear: both"></li></ul></div><div class="battle-history"><small>(Curski was created by KeroseneZanchu!)</small><br></div><div class="battle-history">[The opposing Curski's Dark Aura]<br><small>The opposing Curski is radiating a dark aura!</small><br></div><div class="spacer battle-history"><br></div><h2 class="battle-history">Turn 1</h2><div class="spacer battle-history"><br></div><div class="battle-history">The opposing Curski used <strong>Sucker Punch</strong>!<br></div><div class="battle-history"><small>But it failed!</small><br></div><div class="spacer battle-history"><br></div><div class="battle-history">Velocinobi used <strong>Spikes</strong>!<br></div><div class="battle-history"><small>Spikes were scattered on the ground all around the opposing team!</small><br></div><div class="spacer battle-history"><br></div><h2 class="battle-history">Turn 2</h2><div class="spacer battle-history"><br></div><div class="battle-history">Velocinobi used <strong>Spikes</strong>!<br></div><div class="battle-history"><small>Spikes were scattered on the ground all around the opposing team!</small><br></div><div class="spacer battle-history"><br></div><div class="battle-history">The opposing Curski used <strong>Baddy Bad</strong>!<br></div><div class="battle-history"><small>It's super effective!</small><br></div><div class="battle-history"><small>Velocinobi hung on using its Focus Sash!</small><br></div><div class="battle-history"><small>(Velocinobi lost 99% of its health!)</small><br></div><div class="battle-history"><small>Reflect made the opposing team stronger against physical moves!</small><br></div><div class="spacer battle-history"><br></div><h2 class="battle-history">Turn 3</h2><div class="spacer battle-history"><br></div><div class="battle-history">Velocinobi used <strong>Spikes</strong>!<br></div><div class="battle-history"><small>Spikes were scattered on the ground all around the opposing team!</small><br></div><div class="spacer battle-history"><br></div><div class="battle-history">The opposing Curski used <strong>Pursuit</strong>!<br></div><div class="battle-history"><small>It's super effective!</small><br></div><div class="battle-history"><small>(Velocinobi lost 1% of its health!)</small><br></div><div class="spacer battle-history"><br></div><div class="battle-history">Velocinobi fainted!<br></div><div class="chat chatmessage-inkbug1 mine"><strong style="color:#e46e0f"><small>~</small><span class="username" data-name="inkbug1">inkbug1</span>:</strong> <em>idk if this is an old team but jsyk, eviolite scrafty was patched out that shouldnt work anymore </em></div><div class="chat chatmessage-regicboat"><strong style="color:#7732e7"><small>☆</small><span class="username" data-name="regic boat">regic boat</span>:</strong> <em>how sad</em></div><div class="spacer battle-history"><br></div><div class="battle-history">Go! Falinks (<strong>Falinks-Terracotta</strong>)!<br></div><div class="chat"><ul class="utilichart"><li class="result"><span class="col pokemonnamecol" style="white-space: nowrap">Falinks-Terracotta</span> <span class="col typecol"><img src="https://dragonheaven.herokuapp.com/sprites/types/Fighting.png" alt="Fighting" height="14" width="32"><img src="https://dragonheaven.herokuapp.com/sprites/types/Rock.png" alt="Rock" height="14" width="32"></span> <span style="float: left ; min-height: 26px"><span class="col abilitycol">Solid Rock / Skill Link / Defiant</span><span class="col abilitycol"></span></span></li><li style="clear: both"></li></ul></div><div class="chat"><ul class="utilichart"><li class="result"><span style="float: left ; min-height: 26px"><span class="col statcol"><em>HP</em><br>65</span> <span class="col statcol"><em>Atk</em><br>100</span> <span class="col statcol"><em>Def</em><br>100</span> <span class="col statcol"><em>SpA</em><br>60</span> <span class="col statcol"><em>SpD</em><br>60</span> <span class="col statcol"><em>Spe</em><br>85</span> </span></li><li style="clear: both"></li></ul></div><div class="battle-history"><small>(Falinks-Terracotta was created by Hematite!)</small><br></div><div class="spacer battle-history"><br></div><h2 class="battle-history">Turn 4</h2><div class="spacer battle-history"><br></div><div class="battle-history">regic boat withdrew Curski!<br></div><div class="battle-history">regic boat sent out <strong>Gardevoir</strong>!<br></div><div class="battle-history"><small>The opposing Gardevoir was hurt by the spikes!</small><br></div><div class="battle-history">[The opposing Gardevoir's Trace]<br>[The opposing Gardevoir's Defiant]<br><small>The opposing Gardevoir traced Falinks's Defiant!</small><br></div><div class="spacer battle-history"><br></div><div class="battle-history">Falinks used <strong>Stealth Rock</strong>!<br></div><div class="battle-history"><small>Pointed stones float in the air around the opposing team!</small><br></div><div class="spacer battle-history"><br></div><h2 class="battle-history">Turn 5</h2><div class="spacer battle-history"><br></div><div class="battle-history">Falinks, come back!<br></div><div class="battle-history">Go! Excadrill (<strong>Excadrill-Hisui</strong>)!<br></div><div class="chat"><ul class="utilichart"><li class="result"><span class="col pokemonnamecol" style="white-space: nowrap">Excadrill-Hisui</span> <span class="col typecol"><img src="https://dragonheaven.herokuapp.com/sprites/types/Ground.png" alt="Ground" height="14" width="32"><img src="https://dragonheaven.herokuapp.com/sprites/types/Normal.png" alt="Normal" height="14" width="32"></span> <span style="float: left ; min-height: 26px"><span class="col abilitycol">Centrifuge / Sand Force / Technician</span><span class="col abilitycol"></span></span></li><li style="clear: both"></li></ul></div><div class="chat"><ul class="utilichart"><li class="result"><span style="float: left ; min-height: 26px"><span class="col statcol"><em>HP</em><br>110</span> <span class="col statcol"><em>Atk</em><br>135</span> <span class="col statcol"><em>Def</em><br>60</span> <span class="col statcol"><em>SpA</em><br>50</span> <span class="col statcol"><em>SpD</em><br>65</span> <span class="col statcol"><em>Spe</em><br>88</span> </span></li><li style="clear: both"></li></ul></div><div class="battle-history"><small>(Excadrill-Hisui was created by ausma!)</small><br></div><div class="spacer battle-history"><br></div><div class="battle-history">The opposing Gardevoir used <strong>Moonblast</strong>!<br></div><div class="battle-history"><small>A critical hit!</small><br></div><div class="battle-history"><small>(Excadrill lost 93% of its health!)</small><br></div><div class="spacer battle-history"><br></div><h2 class="battle-history">Turn 6</h2><div class="spacer battle-history"><br></div><div class="battle-history">The opposing Gardevoir used <strong>Moonblast</strong>!<br></div><div class="battle-history"><small>(Excadrill lost 7% of its health!)</small><br></div><div class="spacer battle-history"><br></div><div class="battle-history">Excadrill fainted!<br></div><div class="spacer battle-history"><br></div><div class="battle-history"><small>The opposing team's Reflect wore off!</small><br></div><div class="spacer battle-history"><br></div><div class="battle-history">Go! <strong>Mantine</strong>!<br></div><div class="spacer battle-history"><br></div><h2 class="battle-history">Turn 7</h2><div class="spacer battle-history"><br></div><div class="battle-history">The opposing Gardevoir used <strong>Moonblast</strong>!<br></div><div class="battle-history"><small>(Mantine lost 32% of its health!)</small><br></div><div class="spacer battle-history"><br></div><div class="battle-history">Mantine used <strong>Toxic</strong>!<br></div><div class="battle-history"><small>The opposing Gardevoir was badly poisoned!</small><br></div><div class="spacer battle-history"><br></div><div class="battle-history"><small>The opposing Gardevoir was hurt by poison!</small><br></div><div class="spacer battle-history"><br></div><h2 class="battle-history">Turn 8</h2><div class="spacer battle-history"><br></div><div class="battle-history">regic boat withdrew Gardevoir!<br></div><div class="battle-history">regic boat sent out <strong>Scrafty</strong>!<br></div><div class="battle-history"><small>The opposing Scrafty was hurt by the spikes!</small><br></div><div class="battle-history"><small>Pointed stones dug into the opposing Scrafty!</small><br></div><div class="battle-history">[The opposing Scrafty's Intimidate]<br></div><div class="battle-history"><small>Mantine's Attack fell!</small><br></div><div class="spacer battle-history"><br></div><div class="battle-history">Mantine used <strong>Roost</strong>!<br></div><div class="battle-history"><small>Mantine had its HP restored.</small><br></div><div class="battle-history"><small>(Mantine loses Flying type this turn.)</small><br></div><div class="spacer battle-history"><br></div><h2 class="battle-history">Turn 9</h2><div class="spacer battle-history"><br></div><div class="battle-history">The opposing Scrafty used <strong>Fake Out</strong>!<br></div><div class="battle-history"><small>(Mantine lost 7% of its health!)</small><br></div><div class="spacer battle-history"><br></div><div class="battle-history">Mantine flinched and couldn't move!<br></div><div class="spacer battle-history"><br></div><h2 class="battle-history">Turn 10</h2><div class="spacer battle-history"><br></div><div class="battle-history">Mantine used <strong>Scald</strong>!<br></div><div class="battle-history"><small>(The opposing Scrafty lost 19% of its health!)</small><br></div><div class="spacer battle-history"><br></div><div class="battle-history">The opposing Scrafty used <strong>Knock Off</strong>!<br></div><div class="battle-history"><small>(Mantine lost 26% of its health!)</small><br></div><div class="battle-history"><small>The opposing Scrafty knocked off Mantine's Heavy-Duty Boots!</small><br></div><div class="spacer battle-history"><br></div><h2 class="battle-history">Turn 11</h2><div class="spacer battle-history"><br></div><div class="battle-history">Mantine used <strong>Toxic</strong>!<br></div><div class="battle-history"><small>The opposing Scrafty was badly poisoned!</small><br></div><div class="spacer battle-history"><br></div><div class="battle-history">The opposing Scrafty used <strong>Super Fang</strong>!<br></div><div class="battle-history"><small>(Mantine lost 33% of its health!)</small><br></div><div class="spacer battle-history"><br></div><div class="battle-history"><small>The opposing Scrafty was hurt by poison!</small><br></div><div class="spacer battle-history"><br></div><h2 class="battle-history">Turn 12</h2><div class="spacer battle-history"><br></div><div class="battle-history">regic boat withdrew Scrafty!<br></div><div class="battle-history">regic boat sent out <strong>Pollugonal</strong>!<br></div><div class="chat"><ul class="utilichart"><li class="result"><span class="col pokemonnamecol" style="white-space: nowrap">Pollugonal</span> <span class="col typecol"><img src="https://dragonheaven.herokuapp.com/sprites/types/Ice.png" alt="Ice" height="14" width="32"><img src="https://dragonheaven.herokuapp.com/sprites/types/Poison.png" alt="Poison" height="14" width="32"></span> <span style="float: left ; min-height: 26px"><span class="col abilitycol">Levitate</span><span class="col abilitycol"></span></span></li><li style="clear: both"></li></ul></div><div class="chat"><ul class="utilichart"><li class="result"><span style="float: left ; min-height: 26px"><span class="col statcol"><em>HP</em><br>90</span> <span class="col statcol"><em>Atk</em><br>50</span> <span class="col statcol"><em>Def</em><br>50</span> <span class="col statcol"><em>SpA</em><br>95</span> <span class="col statcol"><em>SpD</em><br>140</span> <span class="col statcol"><em>Spe</em><br>105</span> </span></li><li style="clear: both"></li></ul></div><div class="battle-history"><small>(Pollugonal was created by Magmajudis!)</small><br></div><div class="spacer battle-history"><br></div><div class="battle-history">Mantine used <strong>Roost</strong>!<br></div><div class="battle-history"><small>Mantine had its HP restored.</small><br></div><div class="battle-history"><small>(Mantine loses Flying type this turn.)</small><br></div><div class="spacer battle-history"><br></div><h2 class="battle-history">Turn 13</h2><div class="spacer battle-history"><br></div><div class="battle-history">Mantine, come back!<br></div><div class="battle-history">Go! Falinks (<strong>Falinks-Terracotta</strong>)!<br></div><div class="spacer battle-history"><br></div><div class="battle-history">The opposing Pollugonal used <strong>Freeze-Dry</strong>!<br></div><div class="battle-history"><small>(Falinks lost 58% of its health!)</small><br></div><div class="spacer battle-history"><br></div><div class="battle-history"><small>Falinks restored a little HP using its Leftovers!</small><br></div><div class="spacer battle-history"><br></div><h2 class="battle-history">Turn 14</h2><div class="spacer battle-history"><br></div><div class="battle-history">The opposing Pollugonal used <strong>Freeze-Dry</strong>!<br></div><div class="battle-history"><small>(Falinks lost 48% of its health!)</small><br></div><div class="spacer battle-history"><br></div><div class="battle-history">Falinks fainted!<br></div><div class="spacer battle-history"><br></div><div class="battle-history">Go! Dewgong (<strong>Dewgong-Variant</strong>)!<br></div><div class="chat"><ul class="utilichart"><li class="result"><span class="col pokemonnamecol" style="white-space: nowrap">Dewgong-Variant</span> <span class="col typecol"><img src="https://dragonheaven.herokuapp.com/sprites/types/Normal.png" alt="Normal" height="14" width="32"></span> <span style="float: left ; min-height: 26px"><span class="col abilitycol">Hydration / Adaptability / Thick Fat</span><span class="col abilitycol"></span></span></li><li style="clear: both"></li></ul></div><div class="chat"><ul class="utilichart"><li class="result"><span style="float: left ; min-height: 26px"><span class="col statcol"><em>HP</em><br>90</span> <span class="col statcol"><em>Atk</em><br>50</span> <span class="col statcol"><em>Def</em><br>80</span> <span class="col statcol"><em>SpA</em><br>110</span> <span class="col statcol"><em>SpD</em><br>95</span> <span class="col statcol"><em>Spe</em><br>50</span> </span></li><li style="clear: both"></li></ul></div><div class="battle-history"><small>(Dewgong-Variant was created by Magmajudis!)</small><br></div><div class="spacer battle-history"><br></div><h2 class="battle-history">Turn 15</h2><div class="spacer battle-history"><br></div><div class="battle-history">regic boat withdrew Pollugonal!<br></div><div class="battle-history">regic boat sent out <strong>Scrafty</strong>!<br></div><div class="battle-history"><small>The opposing Scrafty was hurt by the spikes!</small><br></div><div class="battle-history"><small>Pointed stones dug into the opposing Scrafty!</small><br></div><div class="battle-history">[The opposing Scrafty's Intimidate]<br></div><div class="battle-history"><small>Dewgong's Attack fell!</small><br></div><div class="spacer battle-history"><br></div><div class="battle-history">Dewgong used <strong>Echoed Voice</strong>!<br></div><div class="battle-history"><small>(The opposing Scrafty lost 14% of its health!)</small><br></div><div class="spacer battle-history"><br></div><div class="battle-history">The opposing Scrafty fainted!<br></div><div class="spacer battle-history"><br></div><div class="battle-history">regic boat sent out <strong>Gardevoir</strong>!<br></div><div class="battle-history"><small>Pointed stones dug into the opposing Gardevoir!</small><br></div><div class="battle-history"><small>The opposing Gardevoir was hurt by the spikes!</small><br></div><div class="battle-history">[The opposing Gardevoir's Trace]<br>[The opposing Gardevoir's Adaptability]<br><small>The opposing Gardevoir traced Dewgong's Adaptability!</small><br></div><div class="spacer battle-history"><br></div><h2 class="battle-history">Turn 16</h2><div class="spacer battle-history"><br></div><div class="battle-history">The opposing Gardevoir used <strong>Moonblast</strong>!<br></div><div class="battle-history"><small>(Dewgong lost 72% of its health!)</small><br></div><div class="spacer battle-history"><br></div><div class="battle-history">Dewgong used <strong>Echoed Voice</strong>!<br></div><div class="battle-history"><small>(The opposing Gardevoir lost 32% of its health!)</small><br></div><div class="spacer battle-history"><br></div><div class="battle-history">The opposing Gardevoir fainted!<br></div><div class="spacer battle-history"><br></div><div class="battle-history">regic boat sent out Lycanroc (<strong>Lycanroc-Arctara</strong>)!<br></div><div class="battle-history"><small>The opposing Lycanroc was hurt by the spikes!</small><br></div><div class="battle-history"><small>Pointed stones dug into the opposing Lycanroc!</small><br></div><div class="chat"><ul class="utilichart"><li class="result"><span class="col pokemonnamecol" style="white-space: nowrap">Lycanroc-Arctara</span> <span class="col typecol"><img src="https://dragonheaven.herokuapp.com/sprites/types/Rock.png" alt="Rock" height="14" width="32"><img src="https://dragonheaven.herokuapp.com/sprites/types/Ice.png" alt="Ice" height="14" width="32"></span> <span style="float: left ; min-height: 26px"><span class="col abilitycol">Fur Coat / Tough Claws / Sand Rush</span><span class="col abilitycol"></span></span></li><li style="clear: both"></li></ul></div><div class="chat"><ul class="utilichart"><li class="result"><span style="float: left ; min-height: 26px"><span class="col statcol"><em>HP</em><br>95</span> <span class="col statcol"><em>Atk</em><br>70</span> <span class="col statcol"><em>Def</em><br>80</span> <span class="col statcol"><em>SpA</em><br>55</span> <span class="col statcol"><em>SpD</em><br>120</span> <span class="col statcol"><em>Spe</em><br>67</span> </span></li><li style="clear: both"></li></ul></div><div class="battle-history"><small>(Lycanroc-Arctara was created by KeroseneZanchu!)</small><br></div><div class="spacer battle-history"><br></div><h2 class="battle-history">Turn 17</h2><div class="spacer battle-history"><br></div><div class="battle-history">The opposing Lycanroc used <strong>Accelerock</strong>!<br></div><div class="battle-history"><small>(Dewgong lost 15% of its health!)</small><br></div><div class="battle-history"><small>(Dewgong ate its Salac Berry!)</small><br></div><div class="battle-history"><small>The Salac Berry raised Dewgong's Speed!</small><br></div><div class="spacer battle-history"><br></div><div class="battle-history">Dewgong used <strong>Echoed Voice</strong>!<br></div><div class="battle-history"><small>It's not very effective...</small><br></div><div class="battle-history"><small>(The opposing Lycanroc lost 27% of its health!)</small><br></div><div class="spacer battle-history"><br></div><div class="battle-history"><small>The opposing Lycanroc restored a little HP using its Leftovers!</small><br></div><div class="spacer battle-history"><br></div><h2 class="battle-history">Turn 18</h2><div class="spacer battle-history"><br></div><div class="battle-history">The opposing Lycanroc used <strong>Accelerock</strong>!<br></div><div class="battle-history"><small>(Dewgong lost 13% of its health!)</small><br></div><div class="spacer battle-history"><br></div><div class="battle-history">Dewgong fainted!<br></div><div class="spacer battle-history"><br></div><div class="battle-history"><small>The opposing Lycanroc restored a little HP using its Leftovers!</small><br></div><div class="spacer battle-history"><br></div><div class="battle-history">Go! <strong>Voltangent</strong>!<br></div><div class="chat"><ul class="utilichart"><li class="result"><span class="col pokemonnamecol" style="white-space: nowrap">Voltangent</span> <span class="col typecol"><img src="https://dragonheaven.herokuapp.com/sprites/types/Electric.png" alt="Electric" height="14" width="32"><img src="https://dragonheaven.herokuapp.com/sprites/types/Dragon.png" alt="Dragon" height="14" width="32"></span> <span style="float: left ; min-height: 26px"><span class="col abilitycol">Regenerator / Minus</span><span class="col abilitycol"></span></span></li><li style="clear: both"></li></ul></div><div class="chat"><ul class="utilichart"><li class="result"><span style="float: left ; min-height: 26px"><span class="col statcol"><em>HP</em><br>100</span> <span class="col statcol"><em>Atk</em><br>115</span> <span class="col statcol"><em>Def</em><br>85</span> <span class="col statcol"><em>SpA</em><br>75</span> <span class="col statcol"><em>SpD</em><br>90</span> <span class="col statcol"><em>Spe</em><br>45</span> </span></li><li style="clear: both"></li></ul></div><div class="battle-history"><small>(Voltangent was created by Paulluxx!)</small><br></div><div class="spacer battle-history"><br></div><h2 class="battle-history">Turn 19</h2><div class="spacer battle-history"><br></div><div class="battle-history">The opposing Lycanroc used <strong>Triple Axel</strong>!<br></div><div class="battle-history"><small>Voltangent avoided the attack!</small><br></div><div class="spacer battle-history"><br></div><div class="battle-history">Voltangent used <strong>Substitute</strong>!<br></div><div class="battle-history"><small>Voltangent put in a substitute!</small><br></div><div class="battle-history"><small>(Voltangent lost 25% of its health!)</small><br></div><div class="spacer battle-history"><br></div><div class="battle-history"><small>The opposing Lycanroc restored a little HP using its Leftovers!</small><br></div><div class="battle-history"><small>Voltangent restored a little HP using its Leftovers!</small><br></div><div class="spacer battle-history"><br></div><h2 class="battle-history">Turn 20</h2><div class="spacer battle-history"><br></div><div class="battle-history"><small>Voltangent is tightening its focus!</small><br></div><div class="spacer battle-history"><br></div><div class="battle-history">The opposing Lycanroc used <strong>Triple Axel</strong>!<br></div><div class="battle-history"><small>It's super effective!</small><br></div><div class="battle-history"><small>The substitute took damage for Voltangent!</small><br></div><div class="battle-history"><small>It's super effective!</small><br></div><div class="battle-history"><small>Voltangent's substitute faded!</small><br></div><div class="battle-history"><small>It's super effective!</small><br></div><div class="battle-history"><small>(Voltangent lost 35% of its health!)</small><br></div><div class="battle-history"><small>The Pokémon was hit 3 times!</small><br></div><div class="spacer battle-history"><br></div><div class="battle-history">Voltangent lost its focus and couldn't move!<br></div><div class="spacer battle-history"><br></div><div class="battle-history"><small>The opposing Lycanroc restored a little HP using its Leftovers!</small><br></div><div class="battle-history"><small>Voltangent restored a little HP using its Leftovers!</small><br></div><div class="spacer battle-history"><br></div><h2 class="battle-history">Turn 21</h2><div class="spacer battle-history"><br></div><div class="battle-history">The opposing Lycanroc used <strong>Triple Axel</strong>!<br></div><div class="battle-history"><small>It's super effective!</small><br></div><div class="battle-history"><small>(Voltangent lost 10% of its health!)</small><br></div><div class="battle-history"><small>The Pokémon was hit 1 time!</small><br></div><div class="spacer battle-history"><br></div><div class="battle-history">Voltangent used <strong>Wild Charge</strong>!<br></div><div class="battle-history"><small>(The opposing Lycanroc lost 19% of its health!)</small><br></div><div class="battle-history"><small>Voltangent was damaged by the recoil!</small><br></div><div class="spacer battle-history"><br></div><div class="battle-history"><small>The opposing Lycanroc restored a little HP using its Leftovers!</small><br></div><div class="battle-history"><small>Voltangent restored a little HP using its Leftovers!</small><br></div><div class="spacer battle-history"><br></div><h2 class="battle-history">Turn 22</h2><div class="chat chatmessage-abismal"><strong style="color:#68a730"><small>☆</small><span class="username" data-name="abismal">abismal</span>:</strong> <em>:skull:</em></div><div class="spacer battle-history"><br></div><div class="battle-history">The opposing Lycanroc used <strong>Triple Axel</strong>!<br></div><div class="battle-history"><small>It's super effective!</small><br></div><div class="battle-history"><small>(Voltangent lost 12% of its health!)</small><br></div><div class="battle-history"><small>It's super effective!</small><br></div><div class="battle-history"><small>(Voltangent lost 23% of its health!)</small><br></div><div class="battle-history"><small>It's super effective!</small><br></div><div class="battle-history"><small>(Voltangent lost 9% of its health!)</small><br></div><div class="battle-history"><small>The Pokémon was hit 3 times!</small><br></div><div class="spacer battle-history"><br></div><div class="battle-history">Voltangent fainted!<br></div><div class="spacer battle-history"><br></div><div class="battle-history"><small>The opposing Lycanroc restored a little HP using its Leftovers!</small><br></div><div class="spacer battle-history"><br></div><div class="battle-history">Go! <strong>Mantine</strong>!<br></div><div class="spacer battle-history"><br></div><h2 class="battle-history">Turn 23</h2><div class="chat chatmessage-regicboat"><strong style="color:#7732e7"><small>☆</small><span class="username" data-name="regic boat">regic boat</span>:</strong> <em>fur coat moment</em></div><div class="spacer battle-history"><br></div><div class="battle-history">The opposing Lycanroc used <strong>Accelerock</strong>!<br></div><div class="battle-history"><small>It's super effective!</small><br></div><div class="battle-history"><small>(Mantine lost 18% of its health!)</small><br></div><div class="spacer battle-history"><br></div><div class="battle-history">Mantine used <strong>Scald</strong>!<br></div><div class="battle-history"><small>It's super effective!</small><br></div><div class="battle-history"><small>(The opposing Lycanroc lost 35% of its health!)</small><br></div><div class="spacer battle-history"><br></div><div class="battle-history"><small>The opposing Lycanroc restored a little HP using its Leftovers!</small><br></div><div class="spacer battle-history"><br></div><h2 class="battle-history">Turn 24</h2><div class="spacer battle-history"><br></div><div class="battle-history">Mantine used <strong>Scald</strong>!<br></div><div class="battle-history"><small>It's super effective!</small><br></div><div class="battle-history"><small>(The opposing Lycanroc lost 12% of its health!)</small><br></div><div class="spacer battle-history"><br></div><div class="battle-history">The opposing Lycanroc fainted!<br></div><div class="spacer battle-history"><br></div><div class="battle-history">regic boat sent out <strong>Pollugonal</strong>!<br></div><div class="spacer battle-history"><br></div><h2 class="battle-history">Turn 25</h2><div class="spacer battle-history"><br></div><div class="battle-history">The opposing Pollugonal used <strong>Freeze-Dry</strong>!<br></div><div class="battle-history"><small>It's super effective!</small><br></div><div class="battle-history"><small>(Mantine lost 66% of its health!)</small><br></div><div class="spacer battle-history"><br></div><div class="battle-history">Mantine fainted!<br></div><div class="spacer battle-history"><br></div><div class="battle-history"><strong>regic boat</strong> won the battle!<br></div><div class="chat chatmessage-regicboat"><strong style="color:#7732e7"><small>☆</small><span class="username" data-name="regic boat">regic boat</span>:</strong> <em>geegee</em></div><div class="chat chatmessage-abismal"><strong style="color:#68a730"><small>☆</small><span class="username" data-name="abismal">abismal</span>:</strong> <em>gg</em></div><div class="chat"><small>☆abismal left</small></div><div class="chat chatmessage-regicboat"><strong style="color:#7732e7"><small>☆</small><span class="username" data-name="regic boat">regic boat</span>:</strong> <em>man, i</em></div></div><div class="inner-preempt message-log"></div></div></div>
</div>
<script>
let daily = Math.floor(Date.now()/1000/60/60/24);document.write('<script src="https://dragonheaven.herokuapp.com/js/replay-embed.js?version'+daily+'"></'+'script>');
</script>
