<!DOCTYPE html>
<meta charset="utf-8" />
<!-- version 1 -->
<title>[Gen 8] Evolution Project replay: inkbug1 vs. KeroseneZanchu</title>
<style>
html,body {font-family:Verdana, sans-serif;font-size:10pt;margin:0;padding:0;}body{padding:12px 0;} .battle-log {font-family:Verdana, sans-serif;font-size:10pt;} .battle-log-inline {border:1px solid #AAAAAA;background:#EEF2F5;color:black;max-width:640px;margin:0 auto 80px;padding-bottom:5px;} .battle-log .inner {padding:4px 8px 0px 8px;} .battle-log .inner-preempt {padding:0 8px 4px 8px;} .battle-log .inner-after {margin-top:0.5em;} .battle-log h2 {margin:0.5em -8px;padding:4px 8px;border:1px solid #AAAAAA;background:#E0E7EA;border-left:0;border-right:0;font-family:Verdana, sans-serif;font-size:13pt;} .battle-log .chat {vertical-align:middle;padding:3px 0 3px 0;font-size:8pt;} .battle-log .chat strong {color:#40576A;} .battle-log .chat em {padding:1px 4px 1px 3px;color:#000000;font-style:normal;} .chat.mine {background:rgba(0,0,0,0.05);margin-left:-8px;margin-right:-8px;padding-left:8px;padding-right:8px;} .spoiler {color:#BBBBBB;background:#BBBBBB;padding:0px 3px;} .spoiler:hover, .spoiler:active, .spoiler-shown {color:#000000;background:#E2E2E2;padding:0px 3px;} .spoiler a {color:#BBBBBB;} .spoiler:hover a, .spoiler:active a, .spoiler-shown a {color:#2288CC;} .chat code, .chat .spoiler:hover code, .chat .spoiler:active code, .chat .spoiler-shown code {border:1px solid #C0C0C0;background:#EEEEEE;color:black;padding:0 2px;} .chat .spoiler code {border:1px solid #CCCCCC;background:#CCCCCC;color:#CCCCCC;} .battle-log .rated {padding:3px 4px;} .battle-log .rated strong {color:white;background:#89A;padding:1px 4px;border-radius:4px;} .spacer {margin-top:0.5em;} .message-announce {background:#6688AA;color:white;padding:1px 4px 2px;} .message-announce a, .broadcast-green a, .broadcast-blue a, .broadcast-red a {color:#DDEEFF;} .broadcast-green {background-color:#559955;color:white;padding:2px 4px;} .broadcast-blue {background-color:#6688AA;color:white;padding:2px 4px;} .infobox {border:1px solid #6688AA;padding:2px 4px;} .infobox-limited {max-height:200px;overflow:auto;overflow-x:hidden;} .broadcast-red {background-color:#AA5544;color:white;padding:2px 4px;} .message-learn-canlearn {font-weight:bold;color:#228822;text-decoration:underline;} .message-learn-cannotlearn {font-weight:bold;color:#CC2222;text-decoration:underline;} .message-effect-weak {font-weight:bold;color:#CC2222;} .message-effect-resist {font-weight:bold;color:#6688AA;} .message-effect-immune {font-weight:bold;color:#666666;} .message-learn-list {margin-top:0;margin-bottom:0;} .message-throttle-notice, .message-error {color:#992222;} .message-overflow, .chat small.message-overflow {font-size:0pt;} .message-overflow::before {font-size:9pt;content:'...';} .subtle {color:#3A4A66;}
</style>
<div class="wrapper replay-wrapper" style="max-width:1180px;margin:0 auto">
<input type="hidden" name="replayid" value="dragonheaven-gen8evolutionproject-325" />
<div class="battle"></div><div class="battle-log"></div><div class="replay-controls"></div><div class="replay-controls-2"></div>
<h1 style="font-weight:normal;text-align:center"><strong>[Gen 8] Evolution Project</strong><br /><a href="http://pokemonshowdown.com/users/inkbug1" class="subtle" target="_blank">inkbug1</a> vs. <a href="http://pokemonshowdown.com/users/kerosenezanchu" class="subtle" target="_blank">KeroseneZanchu</a></h1>
<script type="text/plain" class="battle-log-data">|j|☆inkbug1

|j|☆KeroseneZanchu
|t:|1641277485
|player|p1|inkbug1|burgh|
|player|p2|KeroseneZanchu|riley|
|teamsize|p1|6
|teamsize|p2|6
|gametype|singles
|gen|8
|tier|[Gen 8] Evolution Project
|clearpoke
|poke|p1|Rotom|
|poke|p1|Persian-Alola, F|
|poke|p1|Alchemissus, F|
|poke|p1|Gallade, M|
|poke|p1|Scrafty, M|
|poke|p1|Dolorak, F|
|poke|p2|Balleringue, F|
|poke|p2|Gourmant, M|
|poke|p2|Krookodile, M|
|poke|p2|Plaguicate, F|
|poke|p2|Alchemissus, M|
|poke|p2|Malamar-Variant, F|
|rule|HP Percentage Mod: HP is shown in percentages
|rule|Endless Battle Clause: Forcing endless battles is banned
|rule|OHKO Clause: OHKO moves are banned
|rule|Evasion Moves Clause: Evasion moves are banned
|rule|Species Clause: Limit one of each Pokémon
|rule|Dynamax Clause: You cannot dynamax
|rule|Sleep Clause Mod: Limit one foe put to sleep
|rule|Z-Move Clause: Type-based Z-Moves are banned
|teampreview
|c|☆KeroseneZanchu|glhf!
|c|☆inkbug1|u too ! 
|
|t:|1641277530
|start
|switch|p1a: Hornet|Dolorak, F|374\/374
|switch|p2a: Krookodile|Krookodile, M|100\/100
|-ability|p2a: Krookodile|Intimidate|boost
|-unboost|p1a: Hornet|atk|1
|-start|p1a: Hornet|typechange|Bug\/Poison|[silent]
|raw|<ul class="utilichart"><li class="result"><span class="col pokemonnamecol" style="white-space: nowrap">Dolorak<\/span> <span class="col typecol"><img src="https:\/\/play.pokemonshowdown.com\/sprites\/types\/Bug.png" alt="Bug" height="14" width="32"><img src="https:\/\/play.pokemonshowdown.com\/sprites\/types\/Poison.png" alt="Poison" height="14" width="32"><\/span> <span style="float: left ; min-height: 26px"><span class="col abilitycol">Swarm \/ Insomnia \/ Prankster<\/span><span class="col abilitycol"><\/span><\/span><\/li><li style="clear: both"><\/li><\/ul>
|raw|<ul class="utilichart"><li class="result"><span style="float: left ; min-height: 26px"><span class="col statcol"><em>HP<\/em><br>85<\/span> <span class="col statcol"><em>Atk<\/em><br>110<\/span> <span class="col statcol"><em>Def<\/em><br>80<\/span> <span class="col statcol"><em>SpA<\/em><br>70<\/span> <span class="col statcol"><em>SpD<\/em><br>80<\/span> <span class="col statcol"><em>Spe<\/em><br>90<\/span> <\/span><\/li><li style="clear: both"><\/li><\/ul>
|-hint|Dolorak was created by BlueRay!
|turn|1
|
|t:|1641277542
|move|p1a: Hornet|Toxic Spikes|p2a: Krookodile
|-sidestart|p2: KeroseneZanchu|move: Toxic Spikes
|move|p2a: Krookodile|Stone Edge|p1a: Hornet
|-supereffective|p1a: Hornet
|-damage|p1a: Hornet|148\/374
|
|upkeep
|turn|2
|
|t:|1641277552
|switch|p2a: Balleringue|Balleringue, F|100\/100
|-start|p2a: Balleringue|typechange|Bug\/Steel|[silent]
|raw|<ul class="utilichart"><li class="result"><span class="col pokemonnamecol" style="white-space: nowrap">Balleringue<\/span> <span class="col typecol"><img src="https:\/\/play.pokemonshowdown.com\/sprites\/types\/Bug.png" alt="Bug" height="14" width="32"><img src="https:\/\/play.pokemonshowdown.com\/sprites\/types\/Steel.png" alt="Steel" height="14" width="32"><\/span> <span style="float: left ; min-height: 26px"><span class="col abilitycol">Anticipation \/ Triage \/ Overcoat<\/span><span class="col abilitycol"><\/span><\/span><\/li><li style="clear: both"><\/li><\/ul>
|raw|<ul class="utilichart"><li class="result"><span style="float: left ; min-height: 26px"><span class="col statcol"><em>HP<\/em><br>80<\/span> <span class="col statcol"><em>Atk<\/em><br>109<\/span> <span class="col statcol"><em>Def<\/em><br>105<\/span> <span class="col statcol"><em>SpA<\/em><br>69<\/span> <span class="col statcol"><em>SpD<\/em><br>105<\/span> <span class="col statcol"><em>Spe<\/em><br>29<\/span> <\/span><\/li><li style="clear: both"><\/li><\/ul>
|-hint|Balleringue was created by Magmajudis!
|move|p1a: Hornet|Curse|p1a: Hornet
|-unboost|p1a: Hornet|spe|1
|-boost|p1a: Hornet|atk|1
|-boost|p1a: Hornet|def|1
|
|upkeep
|turn|3
|
|t:|1641277562
|move|p1a: Hornet|Leech Life|p2a: Balleringue
|-resisted|p2a: Balleringue
|-damage|p2a: Balleringue|87\/100
|-heal|p1a: Hornet|172\/374|[from] drain|[of] p2a: Balleringue
|move|p2a: Balleringue|Rapid Spin|p1a: Hornet
|-damage|p1a: Hornet|125\/374
|-boost|p2a: Balleringue|spe|1
|-sideend|p2: KeroseneZanchu|Toxic Spikes|[from] move: Rapid Spin|[of] p2a: Balleringue
|
|-heal|p2a: Balleringue|93\/100|[from] item: Leftovers
|upkeep
|turn|4
|
|t:|1641277580
|move|p1a: Hornet|Disable|p2a: Balleringue
|-start|p2a: Balleringue|Disable|Rapid Spin
|move|p2a: Balleringue|Stealth Rock|p1a: Hornet
|-sidestart|p1: inkbug1|move: Stealth Rock
|
|-heal|p2a: Balleringue|99\/100|[from] item: Leftovers
|upkeep
|turn|5
|
|t:|1641277595
|switch|p2a: Alchemissus|Alchemissus, M|100\/100
|-start|p2a: Alchemissus|typechange|Ghost\/Poison|[silent]
|raw|<ul class="utilichart"><li class="result"><span class="col pokemonnamecol" style="white-space: nowrap">Alchemissus<\/span> <span class="col typecol"><img src="https:\/\/play.pokemonshowdown.com\/sprites\/types\/Ghost.png" alt="Ghost" height="14" width="32"><img src="https:\/\/play.pokemonshowdown.com\/sprites\/types\/Poison.png" alt="Poison" height="14" width="32"><\/span> <span style="float: left ; min-height: 26px"><span class="col abilitycol">Levitate \/ Corrosion \/ Gluttony<\/span><span class="col abilitycol"><\/span><\/span><\/li><li style="clear: both"><\/li><\/ul>
|raw|<ul class="utilichart"><li class="result"><span style="float: left ; min-height: 26px"><span class="col statcol"><em>HP<\/em><br>66<\/span> <span class="col statcol"><em>Atk<\/em><br>66<\/span> <span class="col statcol"><em>Def<\/em><br>66<\/span> <span class="col statcol"><em>SpA<\/em><br>114<\/span> <span class="col statcol"><em>SpD<\/em><br>113<\/span> <span class="col statcol"><em>Spe<\/em><br>107<\/span> <\/span><\/li><li style="clear: both"><\/li><\/ul>
|-hint|Alchemissus was created by KeroseneZanchu!
|move|p1a: Hornet|Toxic Spikes|p2a: Alchemissus
|-sidestart|p2: KeroseneZanchu|move: Toxic Spikes
|
|upkeep
|turn|6
|
|t:|1641277616
|switch|p1a: Murch|Scrafty, M|334\/334
|-damage|p1a: Murch|314\/334|[from] Stealth Rock
|move|p2a: Alchemissus|Mystical Fire|p1a: Murch
|-damage|p1a: Murch|278\/334
|-unboost|p1a: Murch|spa|1
|
|upkeep
|turn|7
|
|t:|1641277650
|switch|p2a: Plaguicate|Plaguicate, F|100\/100
|-start|p2a: Plaguicate|typechange|Normal\/Poison|[silent]
|raw|<ul class="utilichart"><li class="result"><span class="col pokemonnamecol" style="white-space: nowrap">Plaguicate<\/span> <span class="col typecol"><img src="https:\/\/play.pokemonshowdown.com\/sprites\/types\/Normal.png" alt="Normal" height="14" width="32"><img src="https:\/\/play.pokemonshowdown.com\/sprites\/types\/Poison.png" alt="Poison" height="14" width="32"><\/span> <span style="float: left ; min-height: 26px"><span class="col abilitycol">Poison Touch \/ Guts \/ Hustle<\/span><span class="col abilitycol"><\/span><\/span><\/li><li style="clear: both"><\/li><\/ul>
|raw|<ul class="utilichart"><li class="result"><span style="float: left ; min-height: 26px"><span class="col statcol"><em>HP<\/em><br>75<\/span> <span class="col statcol"><em>Atk<\/em><br>91<\/span> <span class="col statcol"><em>Def<\/em><br>80<\/span> <span class="col statcol"><em>SpA<\/em><br>65<\/span> <span class="col statcol"><em>SpD<\/em><br>90<\/span> <span class="col statcol"><em>Spe<\/em><br>97<\/span> <\/span><\/li><li style="clear: both"><\/li><\/ul>
|-hint|Plaguicate was created by ausma!
|-sideend|p2: KeroseneZanchu|move: Toxic Spikes|[of] p2a: Plaguicate
|move|p1a: Murch|Bulk Up|p1a: Murch
|-boost|p1a: Murch|atk|1
|-boost|p1a: Murch|def|1
|
|-status|p2a: Plaguicate|brn|[from] item: Flame Orb
|upkeep
|turn|8
|
|t:|1641277663
|move|p2a: Plaguicate|Facade|p1a: Murch
|-damage|p1a: Murch|166\/334
|move|p1a: Murch|Drain Punch|p2a: Plaguicate
|-damage|p2a: Plaguicate|52\/100 brn
|-heal|p1a: Murch|237\/334|[from] drain|[of] p2a: Plaguicate
|
|-damage|p2a: Plaguicate|46\/100 brn|[from] brn
|upkeep
|turn|9
|
|t:|1641277681
|switch|p2a: Balleringue|Balleringue, F|99\/100
|-start|p2a: Balleringue|typechange|Bug\/Steel|[silent]
|move|p1a: Murch|Bulk Up|p1a: Murch
|-boost|p1a: Murch|atk|1
|-boost|p1a: Murch|def|1
|
|-heal|p2a: Balleringue|100\/100|[from] item: Leftovers
|upkeep
|turn|10
|
|t:|1641277693
|move|p2a: Balleringue|Leech Life|p1a: Murch
|-damage|p1a: Murch|197\/334
|move|p1a: Murch|Drain Punch|p2a: Balleringue
|-damage|p2a: Balleringue|57\/100
|-heal|p1a: Murch|277\/334|[from] drain|[of] p2a: Balleringue
|
|-heal|p2a: Balleringue|63\/100|[from] item: Leftovers
|upkeep
|turn|11
|
|t:|1641277717
|move|p1a: Murch|Bulk Up|p1a: Murch
|-boost|p1a: Murch|atk|1
|-boost|p1a: Murch|def|1
|move|p2a: Balleringue|Gyro Ball|p1a: Murch
|-damage|p1a: Murch|250\/334
|
|-heal|p2a: Balleringue|69\/100|[from] item: Leftovers
|upkeep
|turn|12
|
|t:|1641277728
|switch|p2a: Malamar|Malamar-Variant, F|100\/100
|-start|p2a: Malamar|typechange|Dark\/Water|[silent]
|raw|<ul class="utilichart"><li class="result"><span class="col pokemonnamecol" style="white-space: nowrap">Malamar-Variant<\/span> <span class="col typecol"><img src="https:\/\/play.pokemonshowdown.com\/sprites\/types\/Dark.png" alt="Dark" height="14" width="32"><img src="https:\/\/play.pokemonshowdown.com\/sprites\/types\/Water.png" alt="Water" height="14" width="32"><\/span> <span style="float: left ; min-height: 26px"><span class="col abilitycol">Keen Eye \/ Prankster \/ Mimicry<\/span><span class="col abilitycol"><\/span><\/span><\/li><li style="clear: both"><\/li><\/ul>
|raw|<ul class="utilichart"><li class="result"><span style="float: left ; min-height: 26px"><span class="col statcol"><em>HP<\/em><br>86<\/span> <span class="col statcol"><em>Atk<\/em><br>102<\/span> <span class="col statcol"><em>Def<\/em><br>88<\/span> <span class="col statcol"><em>SpA<\/em><br>48<\/span> <span class="col statcol"><em>SpD<\/em><br>95<\/span> <span class="col statcol"><em>Spe<\/em><br>63<\/span> <\/span><\/li><li style="clear: both"><\/li><\/ul>
|-hint|Malamar-Variant was created by Violettes!
|move|p1a: Murch|Drain Punch|p2a: Malamar
|-supereffective|p2a: Malamar
|-damage|p2a: Malamar|0 fnt
|-heal|p1a: Murch|334\/334|[from] drain|[of] p2a: Malamar
|faint|p2a: Malamar
|
|upkeep
|c|☆KeroseneZanchu|o o f
|c|☆inkbug1|ah shit sory ,
|c|☆KeroseneZanchu|no you're good x)
|c|☆inkbug1|was tht prankster out of curiosity bc it would actually
|c|☆inkbug1|fail to clear 
|c|☆inkbug1|if its topsy turvy
|c|☆KeroseneZanchu|actually, dark type prankster users bypass dark type prankster immunity
|c|☆KeroseneZanchu|which I didn't actually know until the prankster slate
|c|☆inkbug1|i know thts not true ive had z parting shot whiff before 
|c|☆KeroseneZanchu|hmmm
|c|☆KeroseneZanchu|maybe i was thinking of something else
|c|☆KeroseneZanchu|mb
|
|t:|1641277855
|switch|p2a: Plaguicate|Plaguicate, F|46\/100 brn
|-start|p2a: Plaguicate|typechange|Normal\/Poison|[silent]
|turn|13
|c|☆inkbug1|at least im _pretty_ sure ..
|
|t:|1641277876
|move|p2a: Plaguicate|Plaque Fang||[still]
|-anim|p2a: Plaguicate|Poison Fang|p1a: Murch
|-damage|p1a: Murch|297\/334
|-status|p1a: Murch|psn
|move|p1a: Murch|Drain Punch|p2a: Plaguicate
|-damage|p2a: Plaguicate|0 fnt
|-heal|p1a: Murch|334\/334 psn|[from] drain|[of] p2a: Plaguicate
|faint|p2a: Plaguicate
|
|-activate|p1a: Murch|ability: Shed Skin
|-curestatus|p1a: Murch|psn|[msg]
|upkeep
|c|☆KeroseneZanchu|~~i also entirely forgot about scrafty this is terrifying~~
|c|☆inkbug1|yeahi, 
|
|t:|1641277905
|switch|p2a: Krookodile|Krookodile, M|100\/100
|-ability|p2a: Krookodile|Intimidate|boost
|-unboost|p1a: Murch|atk|1
|turn|14
|c|☆inkbug1|it is , an issue 
|
|t:|1641277917
|move|p2a: Krookodile|Knock Off|p1a: Murch
|-resisted|p1a: Murch
|-damage|p1a: Murch|325\/334
|-enditem|p1a: Murch|Eviolite|[from] move: Knock Off|[of] p2a: Krookodile
|move|p1a: Murch|Drain Punch|p2a: Krookodile
|-supereffective|p2a: Krookodile
|-damage|p2a: Krookodile|27\/100
|-heal|p1a: Murch|334\/334|[from] drain|[of] p2a: Krookodile
|
|-heal|p2a: Krookodile|33\/100|[from] item: Leftovers
|upkeep
|turn|15
|c|☆KeroseneZanchu|I probably should have done that earlier but xd
|c|☆KeroseneZanchu|too late
|c|☆KeroseneZanchu|alskdfjalksdfj
|j| H2OPulse
|
|t:|1641277944
|move|p2a: Krookodile|Toxic|p1a: Murch
|-status|p1a: Murch|tox
|move|p1a: Murch|Bulk Up|p1a: Murch
|-boost|p1a: Murch|atk|1
|-boost|p1a: Murch|def|1
|
|-heal|p2a: Krookodile|39\/100|[from] item: Leftovers
|-damage|p1a: Murch|314\/334 tox|[from] psn
|upkeep
|turn|16
|c|☆inkbug1|i mean thatll definitely help against 
|c|☆inkbug1|its spd
|c|☆inkbug1|hi carpet im sorry
|c| H2OPulse|Hi!! O:
|
|t:|1641277966
|move|p2a: Krookodile|Earthquake|p1a: Murch
|-damage|p1a: Murch|272\/334 tox
|move|p1a: Murch|Drain Punch|p2a: Krookodile
|-supereffective|p2a: Krookodile
|-damage|p2a: Krookodile|0 fnt
|-heal|p1a: Murch|334\/334 tox|[from] drain|[of] p2a: Krookodile
|faint|p2a: Krookodile
|
|-damage|p1a: Murch|294\/334 tox|[from] psn
|upkeep
|c| H2OPulse|Sorry I am behind--
|
|t:|1641277971
|switch|p2a: Alchemissus|Alchemissus, M|100\/100
|-start|p2a: Alchemissus|typechange|Ghost\/Poison|[silent]
|turn|17
|
|t:|1641277988
|move|p2a: Alchemissus|Venoshock|p1a: Murch
|-damage|p1a: Murch|134\/334 tox
|move|p1a: Murch|Dragon Tail|p2a: Alchemissus
|-damage|p2a: Alchemissus|48\/100
|drag|p2a: Gourmant|Gourmant, M|100\/100
|-start|p2a: Gourmant|typechange|Fire\/Dark|[silent]
|raw|<ul class="utilichart"><li class="result"><span class="col pokemonnamecol" style="white-space: nowrap">Gourmant<\/span> <span class="col typecol"><img src="https:\/\/play.pokemonshowdown.com\/sprites\/types\/Fire.png" alt="Fire" height="14" width="32"><img src="https:\/\/play.pokemonshowdown.com\/sprites\/types\/Dark.png" alt="Dark" height="14" width="32"><\/span> <span style="float: left ; min-height: 26px"><span class="col abilitycol">Gluttony \/ Flash Fire \/ White Smoke<\/span><span class="col abilitycol"><\/span><\/span><\/li><li style="clear: both"><\/li><\/ul>
|raw|<ul class="utilichart"><li class="result"><span style="float: left ; min-height: 26px"><span class="col statcol"><em>HP<\/em><br>85<\/span> <span class="col statcol"><em>Atk<\/em><br>137<\/span> <span class="col statcol"><em>Def<\/em><br>66<\/span> <span class="col statcol"><em>SpA<\/em><br>105<\/span> <span class="col statcol"><em>SpD<\/em><br>66<\/span> <span class="col statcol"><em>Spe<\/em><br>75<\/span> <\/span><\/li><li style="clear: both"><\/li><\/ul>
|-hint|Gourmant was created by quagsi!
|
|-damage|p1a: Murch|74\/334 tox|[from] psn
|upkeep
|turn|18
|
|t:|1641278002
|move|p2a: Gourmant|Drain Punch|p1a: Murch
|-supereffective|p1a: Murch
|-damage|p1a: Murch|12\/334 tox
|move|p1a: Murch|Rest|p1a: Murch
|-status|p1a: Murch|slp|[from] move: Rest
|-heal|p1a: Murch|334\/334 slp|[silent]
|
|upkeep
|turn|19
|c|☆inkbug1|MAN 
|c|☆inkbug1|WHY 
|c|☆KeroseneZanchu|o.o
|c| H2OPulse|This is so
|
|t:|1641278036
|move|p2a: Gourmant|Fire Lash|p1a: Murch
|-damage|p1a: Murch|288\/334 slp
|-unboost|p1a: Murch|def|1
|cant|p1a: Murch|slp
|
|upkeep
|turn|20
|c| H2OPulse|uncomfortable
|c| H2OPulse|Scrafty why
|
|t:|1641278043
|move|p2a: Gourmant|Fire Lash|p1a: Murch
|-damage|p1a: Murch|225\/334 slp
|-unboost|p1a: Murch|def|1
|cant|p1a: Murch|slp
|
|upkeep
|turn|21
|
|t:|1641278050
|move|p2a: Gourmant|Fire Lash|p1a: Murch
|-damage|p1a: Murch|156\/334 slp
|-unboost|p1a: Murch|def|1
|-curestatus|p1a: Murch|slp|[msg]
|move|p1a: Murch|Drain Punch|p2a: Gourmant
|-supereffective|p2a: Gourmant
|-damage|p2a: Gourmant|0 fnt
|-heal|p1a: Murch|334\/334|[from] drain|[of] p2a: Gourmant
|faint|p2a: Gourmant
|
|upkeep
|c|☆KeroseneZanchu|rip
|
|t:|1641278070
|switch|p2a: Balleringue|Balleringue, F|69\/100
|-start|p2a: Balleringue|typechange|Bug\/Steel|[silent]
|turn|22
|c|☆KeroseneZanchu|fairy types might be mandatory xd
|c|☆inkbug1|they do definitely help against it but iirc like 
|c|☆inkbug1|hema it ended up mostly helping just being aware of what it does  ? and playing accordingly
|c|☆inkbug1|i think
|c|☆KeroseneZanchu|yeah no i was aware but i still underestimated it xd
|
|t:|1641278168
|move|p2a: Balleringue|Leech Life|p1a: Murch
|-damage|p1a: Murch|255\/334
|-heal|p2a: Balleringue|80\/100|[from] drain|[of] p1a: Murch
|move|p1a: Murch|Drain Punch|p2a: Balleringue
|-damage|p2a: Balleringue|25\/100
|-heal|p1a: Murch|334\/334|[from] drain|[of] p2a: Balleringue
|
|-heal|p2a: Balleringue|31\/100|[from] item: Leftovers
|upkeep
|turn|23
|
|t:|1641278180
|move|p2a: Balleringue|Leech Life|p1a: Murch
|-damage|p1a: Murch|252\/334
|-heal|p2a: Balleringue|42\/100|[from] drain|[of] p1a: Murch
|move|p1a: Murch|Drain Punch|p2a: Balleringue
|-damage|p2a: Balleringue|0 fnt
|-heal|p1a: Murch|328\/334|[from] drain|[of] p2a: Balleringue
|faint|p2a: Balleringue
|
|upkeep
|
|t:|1641278182
|switch|p2a: Alchemissus|Alchemissus, M|48\/100
|-start|p2a: Alchemissus|typechange|Ghost\/Poison|[silent]
|turn|24
|c|☆KeroseneZanchu|gg
|c|☆inkbug1|okay tht didnt count 
|c|☆inkbug1|for 
|c|☆inkbug1|if we were doing anything
|c|☆KeroseneZanchu|pfff
|
|t:|1641278205
|move|p2a: Alchemissus|Venoshock|p1a: Murch
|-damage|p1a: Murch|253\/334
|move|p1a: Murch|Dragon Tail|p2a: Alchemissus
|-damage|p2a: Alchemissus|0 fnt
|faint|p2a: Alchemissus
|
|win|inkbug1
|c|☆KeroseneZanchu|nah i'm just having some fun lol</script>
</div>
<div class="battle-log battle-log-inline"><div class="inner"><div class="battle-options"><div style="padding-top: 3px; padding-right: 3px; text-align: right"><button class="icon button" name="openBattleOptions" title="Options">Battle Options</button></div></div><div class="inner message-log"><div class="chat"><small>☆inkbug1 and ☆KeroseneZanchu joined</small></div><div class=""><small>Format:</small> <br><strong>[Gen 8] Evolution Project</strong></div><div class=""><small><em>HP Percentage Mod:</em> HP is shown in percentages</small></div><div class=""><small><em>Endless Battle Clause:</em> Forcing endless battles is banned</small></div><div class=""><small><em>OHKO Clause:</em> OHKO moves are banned</small></div><div class=""><small><em>Evasion Moves Clause:</em> Evasion moves are banned</small></div><div class=""><small><em>Species Clause:</em> Limit one of each Pokémon</small></div><div class=""><small><em>Dynamax Clause:</em> You cannot dynamax</small></div><div class=""><small><em>Sleep Clause Mod:</em> Limit one foe put to sleep</small></div><div class=""><small><em>Z-Move Clause:</em> Type-based Z-Moves are banned</small></div><div class="chat battle-history"><strong>inkbug1's team:</strong> <em style="color:#445566;display:block;">Rotom / Persian-Alola / Alchemissus / Gallade / Scrafty / Dolorak</em></div><div class="chat battle-history"><strong>KeroseneZanchu's team:</strong> <em style="color:#445566;display:block;">Balleringue / Gourmant / Krookodile / Plaguicate / Alchemissus / Malamar-Variant</em></div><div class="chat chatmessage-kerosenezanchu"><strong style="color:#4094b0"><small>☆</small><span class="username" data-name="KeroseneZanchu">KeroseneZanchu</span>:</strong> <em>glhf!</em></div><div class="chat chatmessage-inkbug1 mine"><strong style="color:#e46e0f"><small>☆</small><span class="username" data-name="inkbug1">inkbug1</span>:</strong> <em>u too ! </em></div><div class="spacer battle-history"><br></div><div class="battle-history">Battle started between inkbug1 and KeroseneZanchu!<br></div><div class="spacer battle-history"><br></div><div class="battle-history">Go! Hornet (<strong>Dolorak</strong>)!<br></div><div class="spacer battle-history"><br></div><div class="battle-history">KeroseneZanchu sent out <strong>Krookodile</strong>!<br></div><div class="battle-history">[The opposing Krookodile's Intimidate]<br></div><div class="battle-history"><small>Hornet's Attack fell!</small><br></div><div class="chat"><ul class="utilichart"><li class="result"><span class="col pokemonnamecol" style="white-space: nowrap">Dolorak</span> <span class="col typecol"><img src="https://play.pokemonshowdown.com/sprites/types/Bug.png" alt="Bug" height="14" width="32"><img src="https://play.pokemonshowdown.com/sprites/types/Poison.png" alt="Poison" height="14" width="32"></span> <span style="float: left ; min-height: 26px"><span class="col abilitycol">Swarm / Insomnia / Prankster</span><span class="col abilitycol"></span></span></li><li style="clear: both"></li></ul></div><div class="chat"><ul class="utilichart"><li class="result"><span style="float: left ; min-height: 26px"><span class="col statcol"><em>HP</em><br>85</span> <span class="col statcol"><em>Atk</em><br>110</span> <span class="col statcol"><em>Def</em><br>80</span> <span class="col statcol"><em>SpA</em><br>70</span> <span class="col statcol"><em>SpD</em><br>80</span> <span class="col statcol"><em>Spe</em><br>90</span> </span></li><li style="clear: both"></li></ul></div><div class="battle-history"><small>(Dolorak was created by BlueRay!)</small><br></div><div class="spacer battle-history"><br></div><h2 class="battle-history">Turn 1</h2><div class="spacer battle-history"><br></div><div class="battle-history">Hornet used <strong>Toxic Spikes</strong>!<br></div><div class="battle-history"><small>Poison spikes were scattered on the ground all around the opposing team!</small><br></div><div class="spacer battle-history"><br></div><div class="battle-history">The opposing Krookodile used <strong>Stone Edge</strong>!<br></div><div class="battle-history"><small>It's super effective!</small><br></div><div class="battle-history"><small>(Hornet lost <abbr title="−226/374">60.4%</abbr> of its health!)</small><br></div><div class="spacer battle-history"><br></div><h2 class="battle-history">Turn 2</h2><div class="spacer battle-history"><br></div><div class="battle-history">KeroseneZanchu withdrew Krookodile!<br></div><div class="battle-history">KeroseneZanchu sent out <strong>Balleringue</strong>!<br></div><div class="chat"><ul class="utilichart"><li class="result"><span class="col pokemonnamecol" style="white-space: nowrap">Balleringue</span> <span class="col typecol"><img src="https://play.pokemonshowdown.com/sprites/types/Bug.png" alt="Bug" height="14" width="32"><img src="https://play.pokemonshowdown.com/sprites/types/Steel.png" alt="Steel" height="14" width="32"></span> <span style="float: left ; min-height: 26px"><span class="col abilitycol">Anticipation / Triage / Overcoat</span><span class="col abilitycol"></span></span></li><li style="clear: both"></li></ul></div><div class="chat"><ul class="utilichart"><li class="result"><span style="float: left ; min-height: 26px"><span class="col statcol"><em>HP</em><br>80</span> <span class="col statcol"><em>Atk</em><br>109</span> <span class="col statcol"><em>Def</em><br>105</span> <span class="col statcol"><em>SpA</em><br>69</span> <span class="col statcol"><em>SpD</em><br>105</span> <span class="col statcol"><em>Spe</em><br>29</span> </span></li><li style="clear: both"></li></ul></div><div class="battle-history"><small>(Balleringue was created by Magmajudis!)</small><br></div><div class="spacer battle-history"><br></div><div class="battle-history">Hornet used <strong>Curse</strong>!<br></div><div class="battle-history"><small>Hornet's Speed fell!</small><br></div><div class="battle-history"><small>Hornet's Attack rose!</small><br></div><div class="battle-history"><small>Hornet's Defense rose!</small><br></div><div class="spacer battle-history"><br></div><h2 class="battle-history">Turn 3</h2><div class="spacer battle-history"><br></div><div class="battle-history">Hornet used <strong>Leech Life</strong>!<br></div><div class="battle-history"><small>It's not very effective...</small><br></div><div class="battle-history"><small>(The opposing Balleringue lost 13% of its health!)</small><br></div><div class="battle-history"><small>The opposing Balleringue had its energy drained!</small><br></div><div class="spacer battle-history"><br></div><div class="battle-history">The opposing Balleringue used <strong>Rapid Spin</strong>!<br></div><div class="battle-history"><small>(Hornet lost <abbr title="−47/374">12.6%</abbr> of its health!)</small><br></div><div class="battle-history"><small>The opposing Balleringue's Speed rose!</small><br></div><div class="battle-history"><small>The poison spikes disappeared from the ground around the opposing team!</small><br></div><div class="spacer battle-history"><br></div><div class="battle-history"><small>The opposing Balleringue restored a little HP using its Leftovers!</small><br></div><div class="spacer battle-history"><br></div><h2 class="battle-history">Turn 4</h2><div class="spacer battle-history"><br></div><div class="battle-history">Hornet used <strong>Disable</strong>!<br></div><div class="battle-history"><small>The opposing Balleringue's Rapid Spin was disabled!</small><br></div><div class="spacer battle-history"><br></div><div class="battle-history">The opposing Balleringue used <strong>Stealth Rock</strong>!<br></div><div class="battle-history"><small>Pointed stones float in the air around your team!</small><br></div><div class="spacer battle-history"><br></div><div class="battle-history"><small>The opposing Balleringue restored a little HP using its Leftovers!</small><br></div><div class="spacer battle-history"><br></div><h2 class="battle-history">Turn 5</h2><div class="spacer battle-history"><br></div><div class="battle-history">KeroseneZanchu withdrew Balleringue!<br></div><div class="battle-history">KeroseneZanchu sent out <strong>Alchemissus</strong>!<br></div><div class="chat"><ul class="utilichart"><li class="result"><span class="col pokemonnamecol" style="white-space: nowrap">Alchemissus</span> <span class="col typecol"><img src="https://play.pokemonshowdown.com/sprites/types/Ghost.png" alt="Ghost" height="14" width="32"><img src="https://play.pokemonshowdown.com/sprites/types/Poison.png" alt="Poison" height="14" width="32"></span> <span style="float: left ; min-height: 26px"><span class="col abilitycol">Levitate / Corrosion / Gluttony</span><span class="col abilitycol"></span></span></li><li style="clear: both"></li></ul></div><div class="chat"><ul class="utilichart"><li class="result"><span style="float: left ; min-height: 26px"><span class="col statcol"><em>HP</em><br>66</span> <span class="col statcol"><em>Atk</em><br>66</span> <span class="col statcol"><em>Def</em><br>66</span> <span class="col statcol"><em>SpA</em><br>114</span> <span class="col statcol"><em>SpD</em><br>113</span> <span class="col statcol"><em>Spe</em><br>107</span> </span></li><li style="clear: both"></li></ul></div><div class="battle-history"><small>(Alchemissus was created by KeroseneZanchu!)</small><br></div><div class="spacer battle-history"><br></div><div class="battle-history">Hornet used <strong>Toxic Spikes</strong>!<br></div><div class="battle-history"><small>Poison spikes were scattered on the ground all around the opposing team!</small><br></div><div class="spacer battle-history"><br></div><h2 class="battle-history">Turn 6</h2><div class="spacer battle-history"><br></div><div class="battle-history">Hornet, come back!<br></div><div class="battle-history">Go! Murch (<strong>Scrafty</strong>)!<br></div><div class="battle-history"><small>Pointed stones dug into Murch!</small><br></div><div class="spacer battle-history"><br></div><div class="battle-history">The opposing Alchemissus used <strong>Mystical Fire</strong>!<br></div><div class="battle-history"><small>(Murch lost <abbr title="−36/334">10.8%</abbr> of its health!)</small><br></div><div class="battle-history"><small>Murch's Sp. Atk fell!</small><br></div><div class="spacer battle-history"><br></div><h2 class="battle-history">Turn 7</h2><div class="spacer battle-history"><br></div><div class="battle-history">KeroseneZanchu withdrew Alchemissus!<br></div><div class="battle-history">KeroseneZanchu sent out <strong>Plaguicate</strong>!<br></div><div class="chat"><ul class="utilichart"><li class="result"><span class="col pokemonnamecol" style="white-space: nowrap">Plaguicate</span> <span class="col typecol"><img src="https://play.pokemonshowdown.com/sprites/types/Normal.png" alt="Normal" height="14" width="32"><img src="https://play.pokemonshowdown.com/sprites/types/Poison.png" alt="Poison" height="14" width="32"></span> <span style="float: left ; min-height: 26px"><span class="col abilitycol">Poison Touch / Guts / Hustle</span><span class="col abilitycol"></span></span></li><li style="clear: both"></li></ul></div><div class="chat"><ul class="utilichart"><li class="result"><span style="float: left ; min-height: 26px"><span class="col statcol"><em>HP</em><br>75</span> <span class="col statcol"><em>Atk</em><br>91</span> <span class="col statcol"><em>Def</em><br>80</span> <span class="col statcol"><em>SpA</em><br>65</span> <span class="col statcol"><em>SpD</em><br>90</span> <span class="col statcol"><em>Spe</em><br>97</span> </span></li><li style="clear: both"></li></ul></div><div class="battle-history"><small>(Plaguicate was created by ausma!)</small><br></div><div class="battle-history"><small>The poison spikes disappeared from the ground around the opposing team!</small><br></div><div class="spacer battle-history"><br></div><div class="battle-history">Murch used <strong>Bulk Up</strong>!<br></div><div class="battle-history"><small>Murch's Attack rose!</small><br></div><div class="battle-history"><small>Murch's Defense rose!</small><br></div><div class="spacer battle-history"><br></div><div class="battle-history"><small>The opposing Plaguicate was burned!</small><br></div><div class="spacer battle-history"><br></div><h2 class="battle-history">Turn 8</h2><div class="spacer battle-history"><br></div><div class="battle-history">The opposing Plaguicate used <strong>Facade</strong>!<br></div><div class="battle-history"><small>(Murch lost <abbr title="−112/334">33.5%</abbr> of its health!)</small><br></div><div class="spacer battle-history"><br></div><div class="battle-history">Murch used <strong>Drain Punch</strong>!<br></div><div class="battle-history"><small>(The opposing Plaguicate lost 48% of its health!)</small><br></div><div class="battle-history"><small>The opposing Plaguicate had its energy drained!</small><br></div><div class="spacer battle-history"><br></div><div class="battle-history"><small>The opposing Plaguicate was hurt by its burn!</small><br></div><div class="spacer battle-history"><br></div><h2 class="battle-history">Turn 9</h2><div class="spacer battle-history"><br></div><div class="battle-history">KeroseneZanchu withdrew Plaguicate!<br></div><div class="battle-history">KeroseneZanchu sent out <strong>Balleringue</strong>!<br></div><div class="spacer battle-history"><br></div><div class="battle-history">Murch used <strong>Bulk Up</strong>!<br></div><div class="battle-history"><small>Murch's Attack rose!</small><br></div><div class="battle-history"><small>Murch's Defense rose!</small><br></div><div class="spacer battle-history"><br></div><div class="battle-history"><small>The opposing Balleringue restored a little HP using its Leftovers!</small><br></div><div class="spacer battle-history"><br></div><h2 class="battle-history">Turn 10</h2><div class="spacer battle-history"><br></div><div class="battle-history">The opposing Balleringue used <strong>Leech Life</strong>!<br></div><div class="battle-history"><small>(Murch lost <abbr title="−40/334">12.0%</abbr> of its health!)</small><br></div><div class="spacer battle-history"><br></div><div class="battle-history">Murch used <strong>Drain Punch</strong>!<br></div><div class="battle-history"><small>(The opposing Balleringue lost 43% of its health!)</small><br></div><div class="battle-history"><small>The opposing Balleringue had its energy drained!</small><br></div><div class="spacer battle-history"><br></div><div class="battle-history"><small>The opposing Balleringue restored a little HP using its Leftovers!</small><br></div><div class="spacer battle-history"><br></div><h2 class="battle-history">Turn 11</h2><div class="spacer battle-history"><br></div><div class="battle-history">Murch used <strong>Bulk Up</strong>!<br></div><div class="battle-history"><small>Murch's Attack rose!</small><br></div><div class="battle-history"><small>Murch's Defense rose!</small><br></div><div class="spacer battle-history"><br></div><div class="battle-history">The opposing Balleringue used <strong>Gyro Ball</strong>!<br></div><div class="battle-history"><small>(Murch lost <abbr title="−27/334">8.1%</abbr> of its health!)</small><br></div><div class="spacer battle-history"><br></div><div class="battle-history"><small>The opposing Balleringue restored a little HP using its Leftovers!</small><br></div><div class="spacer battle-history"><br></div><h2 class="battle-history">Turn 12</h2><div class="spacer battle-history"><br></div><div class="battle-history">KeroseneZanchu withdrew Balleringue!<br></div><div class="battle-history">KeroseneZanchu sent out Malamar (<strong>Malamar-Variant</strong>)!<br></div><div class="chat"><ul class="utilichart"><li class="result"><span class="col pokemonnamecol" style="white-space: nowrap">Malamar-Variant</span> <span class="col typecol"><img src="https://play.pokemonshowdown.com/sprites/types/Dark.png" alt="Dark" height="14" width="32"><img src="https://play.pokemonshowdown.com/sprites/types/Water.png" alt="Water" height="14" width="32"></span> <span style="float: left ; min-height: 26px"><span class="col abilitycol">Keen Eye / Prankster / Mimicry</span><span class="col abilitycol"></span></span></li><li style="clear: both"></li></ul></div><div class="chat"><ul class="utilichart"><li class="result"><span style="float: left ; min-height: 26px"><span class="col statcol"><em>HP</em><br>86</span> <span class="col statcol"><em>Atk</em><br>102</span> <span class="col statcol"><em>Def</em><br>88</span> <span class="col statcol"><em>SpA</em><br>48</span> <span class="col statcol"><em>SpD</em><br>95</span> <span class="col statcol"><em>Spe</em><br>63</span> </span></li><li style="clear: both"></li></ul></div><div class="battle-history"><small>(Malamar-Variant was created by Violettes!)</small><br></div><div class="spacer battle-history"><br></div><div class="battle-history">Murch used <strong>Drain Punch</strong>!<br></div><div class="battle-history"><small>It's super effective!</small><br></div><div class="battle-history"><small>(The opposing Malamar lost 100% of its health!)</small><br></div><div class="battle-history"><small>The opposing Malamar had its energy drained!</small><br></div><div class="spacer battle-history"><br></div><div class="battle-history">The opposing Malamar fainted!<br></div><div class="chat chatmessage-kerosenezanchu"><strong style="color:#4094b0"><small>☆</small><span class="username" data-name="KeroseneZanchu">KeroseneZanchu</span>:</strong> <em>o o f</em></div><div class="chat chatmessage-inkbug1 mine"><strong style="color:#e46e0f"><small>☆</small><span class="username" data-name="inkbug1">inkbug1</span>:</strong> <em>ah shit sory ,</em></div><div class="chat chatmessage-kerosenezanchu"><strong style="color:#4094b0"><small>☆</small><span class="username" data-name="KeroseneZanchu">KeroseneZanchu</span>:</strong> <em>no you're good x)</em></div><div class="chat chatmessage-inkbug1 mine"><strong style="color:#e46e0f"><small>☆</small><span class="username" data-name="inkbug1">inkbug1</span>:</strong> <em>was tht prankster out of curiosity bc it would actually</em></div><div class="chat chatmessage-inkbug1 mine"><strong style="color:#e46e0f"><small>☆</small><span class="username" data-name="inkbug1">inkbug1</span>:</strong> <em>fail to clear </em></div><div class="chat chatmessage-inkbug1 mine"><strong style="color:#e46e0f"><small>☆</small><span class="username" data-name="inkbug1">inkbug1</span>:</strong> <em>if its topsy turvy</em></div><div class="chat chatmessage-kerosenezanchu"><strong style="color:#4094b0"><small>☆</small><span class="username" data-name="KeroseneZanchu">KeroseneZanchu</span>:</strong> <em>actually, dark type prankster users bypass dark type prankster immunity</em></div><div class="chat chatmessage-kerosenezanchu"><strong style="color:#4094b0"><small>☆</small><span class="username" data-name="KeroseneZanchu">KeroseneZanchu</span>:</strong> <em>which I didn't actually know until the prankster slate</em></div><div class="chat chatmessage-inkbug1 mine"><strong style="color:#e46e0f"><small>☆</small><span class="username" data-name="inkbug1">inkbug1</span>:</strong> <em>i know thts not true ive had z parting shot whiff before </em></div><div class="chat chatmessage-kerosenezanchu"><strong style="color:#4094b0"><small>☆</small><span class="username" data-name="KeroseneZanchu">KeroseneZanchu</span>:</strong> <em>hmmm</em></div><div class="chat chatmessage-kerosenezanchu"><strong style="color:#4094b0"><small>☆</small><span class="username" data-name="KeroseneZanchu">KeroseneZanchu</span>:</strong> <em>maybe i was thinking of something else</em></div><div class="chat chatmessage-kerosenezanchu"><strong style="color:#4094b0"><small>☆</small><span class="username" data-name="KeroseneZanchu">KeroseneZanchu</span>:</strong> <em>mb</em></div><div class="spacer battle-history"><br></div><div class="battle-history">KeroseneZanchu sent out <strong>Plaguicate</strong>!<br></div><div class="spacer battle-history"><br></div><h2 class="battle-history">Turn 13</h2><div class="chat chatmessage-inkbug1 mine"><strong style="color:#e46e0f"><small>☆</small><span class="username" data-name="inkbug1">inkbug1</span>:</strong> <em>at least im _pretty_ sure ..</em></div><div class="spacer battle-history"><br></div><div class="battle-history">The opposing Plaguicate used <strong>Plaque Fang</strong>!<br></div><div class="battle-history"><small>(Murch lost <abbr title="−37/334">11.1%</abbr> of its health!)</small><br></div><div class="battle-history"><small>Murch was poisoned!</small><br></div><div class="spacer battle-history"><br></div><div class="battle-history">Murch used <strong>Drain Punch</strong>!<br></div><div class="battle-history"><small>(The opposing Plaguicate lost 46% of its health!)</small><br></div><div class="battle-history"><small>The opposing Plaguicate had its energy drained!</small><br></div><div class="spacer battle-history"><br></div><div class="battle-history">The opposing Plaguicate fainted!<br></div><div class="spacer battle-history"><br></div><div class="battle-history">[Murch's Shed Skin]<br></div><div class="battle-history"><small>Murch was cured of its poisoning!</small><br></div><div class="chat chatmessage-kerosenezanchu"><strong style="color:#4094b0"><small>☆</small><span class="username" data-name="KeroseneZanchu">KeroseneZanchu</span>:</strong> <em><s>i also entirely forgot about scrafty this is terrifying</s></em></div><div class="chat chatmessage-inkbug1 mine"><strong style="color:#e46e0f"><small>☆</small><span class="username" data-name="inkbug1">inkbug1</span>:</strong> <em>yeahi, </em></div><div class="spacer battle-history"><br></div><div class="battle-history">KeroseneZanchu sent out <strong>Krookodile</strong>!<br></div><div class="battle-history">[The opposing Krookodile's Intimidate]<br></div><div class="battle-history"><small>Murch's Attack fell!</small><br></div><div class="spacer battle-history"><br></div><h2 class="battle-history">Turn 14</h2><div class="chat chatmessage-inkbug1 mine"><strong style="color:#e46e0f"><small>☆</small><span class="username" data-name="inkbug1">inkbug1</span>:</strong> <em>it is , an issue </em></div><div class="spacer battle-history"><br></div><div class="battle-history">The opposing Krookodile used <strong>Knock Off</strong>!<br></div><div class="battle-history"><small>It's not very effective...</small><br></div><div class="battle-history"><small>(Murch lost <abbr title="−9/334">2.7%</abbr> of its health!)</small><br></div><div class="battle-history"><small>The opposing Krookodile knocked off Murch's Eviolite!</small><br></div><div class="spacer battle-history"><br></div><div class="battle-history">Murch used <strong>Drain Punch</strong>!<br></div><div class="battle-history"><small>It's super effective!</small><br></div><div class="battle-history"><small>(The opposing Krookodile lost 73% of its health!)</small><br></div><div class="battle-history"><small>The opposing Krookodile had its energy drained!</small><br></div><div class="spacer battle-history"><br></div><div class="battle-history"><small>The opposing Krookodile restored a little HP using its Leftovers!</small><br></div><div class="spacer battle-history"><br></div><h2 class="battle-history">Turn 15</h2><div class="chat chatmessage-kerosenezanchu"><strong style="color:#4094b0"><small>☆</small><span class="username" data-name="KeroseneZanchu">KeroseneZanchu</span>:</strong> <em>I probably should have done that earlier but xd</em></div><div class="chat chatmessage-kerosenezanchu"><strong style="color:#4094b0"><small>☆</small><span class="username" data-name="KeroseneZanchu">KeroseneZanchu</span>:</strong> <em>too late</em></div><div class="chat chatmessage-kerosenezanchu"><strong style="color:#4094b0"><small>☆</small><span class="username" data-name="KeroseneZanchu">KeroseneZanchu</span>:</strong> <em>alskdfjalksdfj</em></div><div class="chat"><small> H2OPulse joined</small></div><div class="spacer battle-history"><br></div><div class="battle-history">The opposing Krookodile used <strong>Toxic</strong>!<br></div><div class="battle-history"><small>Murch was badly poisoned!</small><br></div><div class="spacer battle-history"><br></div><div class="battle-history">Murch used <strong>Bulk Up</strong>!<br></div><div class="battle-history"><small>Murch's Attack rose!</small><br></div><div class="battle-history"><small>Murch's Defense rose!</small><br></div><div class="spacer battle-history"><br></div><div class="battle-history"><small>The opposing Krookodile restored a little HP using its Leftovers!</small><br></div><div class="battle-history"><small>Murch was hurt by poison!</small><br></div><div class="spacer battle-history"><br></div><h2 class="battle-history">Turn 16</h2><div class="chat chatmessage-inkbug1 mine"><strong style="color:#e46e0f"><small>☆</small><span class="username" data-name="inkbug1">inkbug1</span>:</strong> <em>i mean thatll definitely help against </em></div><div class="chat chatmessage-inkbug1 mine"><strong style="color:#e46e0f"><small>☆</small><span class="username" data-name="inkbug1">inkbug1</span>:</strong> <em>its spd</em></div><div class="chat chatmessage-inkbug1 mine"><strong style="color:#e46e0f"><small>☆</small><span class="username" data-name="inkbug1">inkbug1</span>:</strong> <em>hi carpet im sorry</em></div><div class="chat chatmessage-h2opulse"><strong style="color:#6e8c2b"><small> </small><span class="username" data-name="H2OPulse">H2OPulse</span>:</strong> <em>Hi!! O:</em></div><div class="spacer battle-history"><br></div><div class="battle-history">The opposing Krookodile used <strong>Earthquake</strong>!<br></div><div class="battle-history"><small>(Murch lost <abbr title="−42/334">12.6%</abbr> of its health!)</small><br></div><div class="spacer battle-history"><br></div><div class="battle-history">Murch used <strong>Drain Punch</strong>!<br></div><div class="battle-history"><small>It's super effective!</small><br></div><div class="battle-history"><small>(The opposing Krookodile lost 39% of its health!)</small><br></div><div class="battle-history"><small>The opposing Krookodile had its energy drained!</small><br></div><div class="spacer battle-history"><br></div><div class="battle-history">The opposing Krookodile fainted!<br></div><div class="spacer battle-history"><br></div><div class="battle-history"><small>Murch was hurt by poison!</small><br></div><div class="chat chatmessage-h2opulse"><strong style="color:#6e8c2b"><small> </small><span class="username" data-name="H2OPulse">H2OPulse</span>:</strong> <em>Sorry I am behind--</em></div><div class="spacer battle-history"><br></div><div class="battle-history">KeroseneZanchu sent out <strong>Alchemissus</strong>!<br></div><div class="spacer battle-history"><br></div><h2 class="battle-history">Turn 17</h2><div class="spacer battle-history"><br></div><div class="battle-history">The opposing Alchemissus used <strong>Venoshock</strong>!<br></div><div class="battle-history"><small>(Murch lost <abbr title="−160/334">47.9%</abbr> of its health!)</small><br></div><div class="spacer battle-history"><br></div><div class="battle-history">Murch used <strong>Dragon Tail</strong>!<br></div><div class="battle-history"><small>(The opposing Alchemissus lost 52% of its health!)</small><br></div><div class="spacer battle-history"><br></div><div class="battle-history"><strong>Gourmant</strong> was dragged out!<br></div><div class="chat"><ul class="utilichart"><li class="result"><span class="col pokemonnamecol" style="white-space: nowrap">Gourmant</span> <span class="col typecol"><img src="https://play.pokemonshowdown.com/sprites/types/Fire.png" alt="Fire" height="14" width="32"><img src="https://play.pokemonshowdown.com/sprites/types/Dark.png" alt="Dark" height="14" width="32"></span> <span style="float: left ; min-height: 26px"><span class="col abilitycol">Gluttony / Flash Fire / White Smoke</span><span class="col abilitycol"></span></span></li><li style="clear: both"></li></ul></div><div class="chat"><ul class="utilichart"><li class="result"><span style="float: left ; min-height: 26px"><span class="col statcol"><em>HP</em><br>85</span> <span class="col statcol"><em>Atk</em><br>137</span> <span class="col statcol"><em>Def</em><br>66</span> <span class="col statcol"><em>SpA</em><br>105</span> <span class="col statcol"><em>SpD</em><br>66</span> <span class="col statcol"><em>Spe</em><br>75</span> </span></li><li style="clear: both"></li></ul></div><div class="battle-history"><small>(Gourmant was created by quagsi!)</small><br></div><div class="spacer battle-history"><br></div><div class="battle-history"><small>Murch was hurt by poison!</small><br></div><div class="spacer battle-history"><br></div><h2 class="battle-history">Turn 18</h2><div class="spacer battle-history"><br></div><div class="battle-history">The opposing Gourmant used <strong>Drain Punch</strong>!<br></div><div class="battle-history"><small>It's super effective!</small><br></div><div class="battle-history"><small>(Murch lost <abbr title="−62/334">18.6%</abbr> of its health!)</small><br></div><div class="spacer battle-history"><br></div><div class="battle-history">Murch used <strong>Rest</strong>!<br></div><div class="battle-history"><small>Murch slept and became healthy!</small><br></div><div class="spacer battle-history"><br></div><h2 class="battle-history">Turn 19</h2><div class="chat chatmessage-inkbug1 mine"><strong style="color:#e46e0f"><small>☆</small><span class="username" data-name="inkbug1">inkbug1</span>:</strong> <em>MAN </em></div><div class="chat chatmessage-inkbug1 mine"><strong style="color:#e46e0f"><small>☆</small><span class="username" data-name="inkbug1">inkbug1</span>:</strong> <em>WHY </em></div><div class="chat chatmessage-kerosenezanchu"><strong style="color:#4094b0"><small>☆</small><span class="username" data-name="KeroseneZanchu">KeroseneZanchu</span>:</strong> <em>o.o</em></div><div class="chat chatmessage-h2opulse"><strong style="color:#6e8c2b"><small> </small><span class="username" data-name="H2OPulse">H2OPulse</span>:</strong> <em>This is so</em></div><div class="spacer battle-history"><br></div><div class="battle-history">The opposing Gourmant used <strong>Fire Lash</strong>!<br></div><div class="battle-history"><small>(Murch lost <abbr title="−46/334">13.8%</abbr> of its health!)</small><br></div><div class="battle-history"><small>Murch's Defense fell!</small><br></div><div class="spacer battle-history"><br></div><div class="battle-history">Murch is fast asleep.<br></div><div class="spacer battle-history"><br></div><h2 class="battle-history">Turn 20</h2><div class="chat chatmessage-h2opulse"><strong style="color:#6e8c2b"><small> </small><span class="username" data-name="H2OPulse">H2OPulse</span>:</strong> <em>uncomfortable</em></div><div class="chat chatmessage-h2opulse"><strong style="color:#6e8c2b"><small> </small><span class="username" data-name="H2OPulse">H2OPulse</span>:</strong> <em>Scrafty why</em></div><div class="spacer battle-history"><br></div><div class="battle-history">The opposing Gourmant used <strong>Fire Lash</strong>!<br></div><div class="battle-history"><small>(Murch lost <abbr title="−63/334">18.9%</abbr> of its health!)</small><br></div><div class="battle-history"><small>Murch's Defense fell!</small><br></div><div class="spacer battle-history"><br></div><div class="battle-history">Murch is fast asleep.<br></div><div class="spacer battle-history"><br></div><h2 class="battle-history">Turn 21</h2><div class="spacer battle-history"><br></div><div class="battle-history">The opposing Gourmant used <strong>Fire Lash</strong>!<br></div><div class="battle-history"><small>(Murch lost <abbr title="−69/334">20.7%</abbr> of its health!)</small><br></div><div class="battle-history"><small>Murch's Defense fell!</small><br></div><div class="battle-history"><small>Murch woke up!</small><br></div><div class="spacer battle-history"><br></div><div class="battle-history">Murch used <strong>Drain Punch</strong>!<br></div><div class="battle-history"><small>It's super effective!</small><br></div><div class="battle-history"><small>(The opposing Gourmant lost 100% of its health!)</small><br></div><div class="battle-history"><small>The opposing Gourmant had its energy drained!</small><br></div><div class="spacer battle-history"><br></div><div class="battle-history">The opposing Gourmant fainted!<br></div><div class="chat chatmessage-kerosenezanchu"><strong style="color:#4094b0"><small>☆</small><span class="username" data-name="KeroseneZanchu">KeroseneZanchu</span>:</strong> <em>rip</em></div><div class="spacer battle-history"><br></div><div class="battle-history">KeroseneZanchu sent out <strong>Balleringue</strong>!<br></div><div class="spacer battle-history"><br></div><h2 class="battle-history">Turn 22</h2><div class="chat chatmessage-kerosenezanchu"><strong style="color:#4094b0"><small>☆</small><span class="username" data-name="KeroseneZanchu">KeroseneZanchu</span>:</strong> <em>fairy types might be mandatory xd</em></div><div class="chat chatmessage-inkbug1 mine"><strong style="color:#e46e0f"><small>☆</small><span class="username" data-name="inkbug1">inkbug1</span>:</strong> <em>they do definitely help against it but iirc like </em></div><div class="chat chatmessage-inkbug1 mine"><strong style="color:#e46e0f"><small>☆</small><span class="username" data-name="inkbug1">inkbug1</span>:</strong> <em>hema it ended up mostly helping just being aware of what it does  ? and playing accordingly</em></div><div class="chat chatmessage-inkbug1 mine"><strong style="color:#e46e0f"><small>☆</small><span class="username" data-name="inkbug1">inkbug1</span>:</strong> <em>i think</em></div><div class="chat chatmessage-kerosenezanchu"><strong style="color:#4094b0"><small>☆</small><span class="username" data-name="KeroseneZanchu">KeroseneZanchu</span>:</strong> <em>yeah no i was aware but i still underestimated it xd</em></div><div class="spacer battle-history"><br></div><div class="battle-history">The opposing Balleringue used <strong>Leech Life</strong>!<br></div><div class="battle-history"><small>(Murch lost <abbr title="−79/334">23.7%</abbr> of its health!)</small><br></div><div class="battle-history"><small>Murch had its energy drained!</small><br></div><div class="spacer battle-history"><br></div><div class="battle-history">Murch used <strong>Drain Punch</strong>!<br></div><div class="battle-history"><small>(The opposing Balleringue lost 55% of its health!)</small><br></div><div class="battle-history"><small>The opposing Balleringue had its energy drained!</small><br></div><div class="spacer battle-history"><br></div><div class="battle-history"><small>The opposing Balleringue restored a little HP using its Leftovers!</small><br></div><div class="spacer battle-history"><br></div><h2 class="battle-history">Turn 23</h2><div class="spacer battle-history"><br></div><div class="battle-history">The opposing Balleringue used <strong>Leech Life</strong>!<br></div><div class="battle-history"><small>(Murch lost <abbr title="−82/334">24.6%</abbr> of its health!)</small><br></div><div class="battle-history"><small>Murch had its energy drained!</small><br></div><div class="spacer battle-history"><br></div><div class="battle-history">Murch used <strong>Drain Punch</strong>!<br></div><div class="battle-history"><small>(The opposing Balleringue lost 42% of its health!)</small><br></div><div class="battle-history"><small>The opposing Balleringue had its energy drained!</small><br></div><div class="spacer battle-history"><br></div><div class="battle-history">The opposing Balleringue fainted!<br></div><div class="spacer battle-history"><br></div><div class="battle-history">KeroseneZanchu sent out <strong>Alchemissus</strong>!<br></div><div class="spacer battle-history"><br></div><h2 class="battle-history">Turn 24</h2><div class="chat chatmessage-kerosenezanchu"><strong style="color:#4094b0"><small>☆</small><span class="username" data-name="KeroseneZanchu">KeroseneZanchu</span>:</strong> <em>gg</em></div><div class="chat chatmessage-inkbug1 mine"><strong style="color:#e46e0f"><small>☆</small><span class="username" data-name="inkbug1">inkbug1</span>:</strong> <em>okay tht didnt count </em></div><div class="chat chatmessage-inkbug1 mine"><strong style="color:#e46e0f"><small>☆</small><span class="username" data-name="inkbug1">inkbug1</span>:</strong> <em>for </em></div><div class="chat chatmessage-inkbug1 mine"><strong style="color:#e46e0f"><small>☆</small><span class="username" data-name="inkbug1">inkbug1</span>:</strong> <em>if we were doing anything</em></div><div class="chat chatmessage-kerosenezanchu"><strong style="color:#4094b0"><small>☆</small><span class="username" data-name="KeroseneZanchu">KeroseneZanchu</span>:</strong> <em>pfff</em></div><div class="spacer battle-history"><br></div><div class="battle-history">The opposing Alchemissus used <strong>Venoshock</strong>!<br></div><div class="battle-history"><small>(Murch lost <abbr title="−75/334">22.5%</abbr> of its health!)</small><br></div><div class="spacer battle-history"><br></div><div class="battle-history">Murch used <strong>Dragon Tail</strong>!<br></div><div class="battle-history"><small>(The opposing Alchemissus lost 48% of its health!)</small><br></div><div class="spacer battle-history"><br></div><div class="battle-history">The opposing Alchemissus fainted!<br></div><div class="spacer battle-history"><br></div><div class="battle-history"><strong>inkbug1</strong> won the battle!<br></div><div class="chat chatmessage-kerosenezanchu"><strong style="color:#4094b0"><small>☆</small><span class="username" data-name="KeroseneZanchu">KeroseneZanchu</span>:</strong> <em>nah i'm just having some fun lol</em></div></div><div class="inner-preempt message-log"></div></div></div>
</div>
<script>
let daily = Math.floor(Date.now()/1000/60/60/24);document.write('<script src="https://dragonheaven.herokuapp.com/js/replay-embed.js?version'+daily+'"></'+'script>');
</script>
