<!DOCTYPE html>
<meta charset="utf-8" />
<!-- version 1 -->
<title>[Gen 8] Evolution Project replay: SimpyShrimp vs. Hematemesis</title>
<style>
html,body {font-family:Verdana, sans-serif;font-size:10pt;margin:0;padding:0;}body{padding:12px 0;} .battle-log {font-family:Verdana, sans-serif;font-size:10pt;} .battle-log-inline {border:1px solid #AAAAAA;background:#EEF2F5;color:black;max-width:640px;margin:0 auto 80px;padding-bottom:5px;} .battle-log .inner {padding:4px 8px 0px 8px;} .battle-log .inner-preempt {padding:0 8px 4px 8px;} .battle-log .inner-after {margin-top:0.5em;} .battle-log h2 {margin:0.5em -8px;padding:4px 8px;border:1px solid #AAAAAA;background:#E0E7EA;border-left:0;border-right:0;font-family:Verdana, sans-serif;font-size:13pt;} .battle-log .chat {vertical-align:middle;padding:3px 0 3px 0;font-size:8pt;} .battle-log .chat strong {color:#40576A;} .battle-log .chat em {padding:1px 4px 1px 3px;color:#000000;font-style:normal;} .chat.mine {background:rgba(0,0,0,0.05);margin-left:-8px;margin-right:-8px;padding-left:8px;padding-right:8px;} .spoiler {color:#BBBBBB;background:#BBBBBB;padding:0px 3px;} .spoiler:hover, .spoiler:active, .spoiler-shown {color:#000000;background:#E2E2E2;padding:0px 3px;} .spoiler a {color:#BBBBBB;} .spoiler:hover a, .spoiler:active a, .spoiler-shown a {color:#2288CC;} .chat code, .chat .spoiler:hover code, .chat .spoiler:active code, .chat .spoiler-shown code {border:1px solid #C0C0C0;background:#EEEEEE;color:black;padding:0 2px;} .chat .spoiler code {border:1px solid #CCCCCC;background:#CCCCCC;color:#CCCCCC;} .battle-log .rated {padding:3px 4px;} .battle-log .rated strong {color:white;background:#89A;padding:1px 4px;border-radius:4px;} .spacer {margin-top:0.5em;} .message-announce {background:#6688AA;color:white;padding:1px 4px 2px;} .message-announce a, .broadcast-green a, .broadcast-blue a, .broadcast-red a {color:#DDEEFF;} .broadcast-green {background-color:#559955;color:white;padding:2px 4px;} .broadcast-blue {background-color:#6688AA;color:white;padding:2px 4px;} .infobox {border:1px solid #6688AA;padding:2px 4px;} .infobox-limited {max-height:200px;overflow:auto;overflow-x:hidden;} .broadcast-red {background-color:#AA5544;color:white;padding:2px 4px;} .message-learn-canlearn {font-weight:bold;color:#228822;text-decoration:underline;} .message-learn-cannotlearn {font-weight:bold;color:#CC2222;text-decoration:underline;} .message-effect-weak {font-weight:bold;color:#CC2222;} .message-effect-resist {font-weight:bold;color:#6688AA;} .message-effect-immune {font-weight:bold;color:#666666;} .message-learn-list {margin-top:0;margin-bottom:0;} .message-throttle-notice, .message-error {color:#992222;} .message-overflow, .chat small.message-overflow {font-size:0pt;} .message-overflow::before {font-size:9pt;content:'...';} .subtle {color:#3A4A66;}
</style>
<div class="wrapper replay-wrapper" style="max-width:1180px;margin:0 auto">
<input type="hidden" name="replayid" value="dragonheaven-gen8evolutionproject-285" />
<div class="battle"></div><div class="battle-log"></div><div class="replay-controls"></div><div class="replay-controls-2"></div>
<h1 style="font-weight:normal;text-align:center"><strong>[Gen 8] Evolution Project</strong><br /><a href="http://pokemonshowdown.com/users/simpyshrimp" class="subtle" target="_blank">SimpyShrimp</a> vs. <a href="http://pokemonshowdown.com/users/hematemesis" class="subtle" target="_blank">Hematemesis</a></h1>
<script type="text/plain" class="battle-log-data">|j|☆SimpyShrimp
|j|☆Hematemesis
|t:|1640409911
|player|p1|SimpyShrimp|dexio|
|player|p2|Hematemesis|siebold|
|teamsize|p1|6
|teamsize|p2|6
|gametype|singles
|gen|8
|tier|[Gen 8] Evolution Project
|clearpoke
|poke|p1|Balleringue, F|
|poke|p1|Arcanine, F|
|poke|p1|Malamar-Variant, F|
|poke|p1|Coilrig, M|
|poke|p1|Hocuspocus, F|
|poke|p1|Altaria, F|
|poke|p2|Gardevoir, M|
|poke|p2|Hoobarn, F|
|poke|p2|Carnivenom, F|
|poke|p2|Steelix, M|
|poke|p2|Umbreon, M|
|poke|p2|Mienshao, F|
|rule|HP Percentage Mod: HP is shown in percentages
|rule|Endless Battle Clause: Forcing endless battles is banned
|rule|OHKO Clause: OHKO moves are banned
|rule|Evasion Moves Clause: Evasion moves are banned
|rule|Species Clause: Limit one of each Pokémon
|rule|Dynamax Clause: You cannot dynamax
|rule|Sleep Clause Mod: Limit one foe put to sleep
|rule|Z-Move Clause: Type-based Z-Moves are banned
|teampreview
|c|☆SimpyShrimp|glhf
|j| time to chill
|c|☆Hematemesis|Ty
|
|t:|1640409932
|start
|switch|p1a: Balleringue|Balleringue, F|100\/100
|switch|p2a: Mienshao|Mienshao, F|100\/100
|-start|p1a: Balleringue|typechange|Bug\/Steel|[silent]
|raw|<ul class="utilichart"><li class="result"><span class="col pokemonnamecol" style="white-space: nowrap">Balleringue<\/span> <span class="col typecol"><img src="https:\/\/play.pokemonshowdown.com\/sprites\/types\/Bug.png" alt="Bug" height="14" width="32"><img src="https:\/\/play.pokemonshowdown.com\/sprites\/types\/Steel.png" alt="Steel" height="14" width="32"><\/span> <span style="float: left ; min-height: 26px"><span class="col abilitycol">Anticipation \/ Triage \/ Overcoat<\/span><span class="col abilitycol"><\/span><\/span><\/li><li style="clear: both"><\/li><\/ul>
|raw|<ul class="utilichart"><li class="result"><span style="float: left ; min-height: 26px"><span class="col statcol"><em>HP<\/em><br>80<\/span> <span class="col statcol"><em>Atk<\/em><br>109<\/span> <span class="col statcol"><em>Def<\/em><br>105<\/span> <span class="col statcol"><em>SpA<\/em><br>69<\/span> <span class="col statcol"><em>SpD<\/em><br>105<\/span> <span class="col statcol"><em>Spe<\/em><br>29<\/span> <\/span><\/li><li style="clear: both"><\/li><\/ul>
|-hint|Balleringue was created by Magmajudis!
|turn|1
|j| Ppersosns
|j|~inkbug1

|
|t:|1640409952
|move|p2a: Mienshao|Knock Off|p1a: Balleringue
|-damage|p1a: Balleringue|60\/100
|-enditem|p1a: Balleringue|Leftovers|[from] move: Knock Off|[of] p2a: Mienshao
|-damage|p2a: Mienshao|91\/100|[from] item: Life Orb
|move|p1a: Balleringue|Stealth Rock|p2a: Mienshao
|-sidestart|p2: Hematemesis|move: Stealth Rock
|
|upkeep
|turn|2
|
|t:|1640409968
|switch|p1a: Altaria|Altaria, F|100\/100
|move|p2a: Mienshao|High Jump Kick|p1a: Altaria
|-resisted|p1a: Altaria
|-damage|p1a: Altaria|67\/100
|-damage|p2a: Mienshao|81\/100|[from] item: Life Orb
|
|upkeep
|turn|3
|j| H2OPulse
|inactive|Battle timer is ON: inactive players will automatically lose when time's up. (requested by Hematemesis)
|
|t:|1640409981
|move|p2a: Mienshao|Stone Edge|p1a: Altaria|[miss]
|-miss|p2a: Mienshao|p1a: Altaria
|move|p1a: Altaria|Earthquake|p2a: Mienshao
|-damage|p2a: Mienshao|50\/100
|
|upkeep
|turn|4
|c| H2OPulse|(aaa good luck and have fun both!! O:)
|
|t:|1640410000
|move|p2a: Mienshao|U-turn|p1a: Altaria
|-resisted|p1a: Altaria
|-damage|p1a: Altaria|55\/100
|-damage|p2a: Mienshao|40\/100|[from] item: Life Orb
|
|t:|1640410003
|switch|p2a: Steelix|Steelix, M|100\/100|[from]move: U-turn
|-damage|p2a: Steelix|97\/100|[from] Stealth Rock
|move|p1a: Altaria|Roost|p1a: Altaria
|-heal|p1a: Altaria|100\/100
|-singleturn|p1a: Altaria|move: Roost
|
|-heal|p2a: Steelix|100\/100|[from] item: Leftovers
|upkeep
|turn|5
|
|t:|1640410015
|move|p1a: Altaria|Earthquake|p2a: Steelix
|-supereffective|p2a: Steelix
|-damage|p2a: Steelix|82\/100
|move|p2a: Steelix|Stealth Rock|p1a: Altaria
|-sidestart|p1: SimpyShrimp|move: Stealth Rock
|
|-heal|p2a: Steelix|89\/100|[from] item: Leftovers
|upkeep
|turn|6
|
|t:|1640410019
|move|p1a: Altaria|Defog|p2a: Steelix
|-unboost|p2a: Steelix|evasion|1
|-sideend|p2: Hematemesis|Stealth Rock|[from] move: Defog|[of] p1a: Altaria
|-sideend|p1: SimpyShrimp|Stealth Rock|[from] move: Defog|[of] p1a: Altaria
|move|p2a: Steelix|Heavy Slam|p1a: Altaria
|-damage|p1a: Altaria|61\/100
|
|-heal|p2a: Steelix|95\/100|[from] item: Leftovers
|upkeep
|turn|7
|
|t:|1640410031
|switch|p1a: Coilrig|Coilrig, M|100\/100
|-start|p1a: Coilrig|typechange|Ground\/Poison|[silent]
|raw|<ul class="utilichart"><li class="result"><span class="col pokemonnamecol" style="white-space: nowrap">Coilrig<\/span> <span class="col typecol"><img src="https:\/\/play.pokemonshowdown.com\/sprites\/types\/Ground.png" alt="Ground" height="14" width="32"><img src="https:\/\/play.pokemonshowdown.com\/sprites\/types\/Poison.png" alt="Poison" height="14" width="32"><\/span> <span style="float: left ; min-height: 26px"><span class="col abilitycol">Sand Spit \/ Shed Skin \/ Liquid Ooze<\/span><span class="col abilitycol"><\/span><\/span><\/li><li style="clear: both"><\/li><\/ul>
|raw|<ul class="utilichart"><li class="result"><span style="float: left ; min-height: 26px"><span class="col statcol"><em>HP<\/em><br>77<\/span> <span class="col statcol"><em>Atk<\/em><br>107<\/span> <span class="col statcol"><em>Def<\/em><br>130<\/span> <span class="col statcol"><em>SpA<\/em><br>105<\/span> <span class="col statcol"><em>SpD<\/em><br>75<\/span> <span class="col statcol"><em>Spe<\/em><br>41<\/span> <\/span><\/li><li style="clear: both"><\/li><\/ul>
|-hint|Coilrig was created by Hematite!
|switch|p2a: Hoobarn|Hoobarn, F|100\/100
|-start|p2a: Hoobarn|typechange|Normal\/Flying|[silent]
|raw|<ul class="utilichart"><li class="result"><span class="col pokemonnamecol" style="white-space: nowrap">Hoobarn<\/span> <span class="col typecol"><img src="https:\/\/play.pokemonshowdown.com\/sprites\/types\/Normal.png" alt="Normal" height="14" width="32"><img src="https:\/\/play.pokemonshowdown.com\/sprites\/types\/Flying.png" alt="Flying" height="14" width="32"><\/span> <span style="float: left ; min-height: 26px"><span class="col abilitycol">Insomnia \/ Keen Eye \/ Prankster<\/span><span class="col abilitycol"><\/span><\/span><\/li><li style="clear: both"><\/li><\/ul>
|raw|<ul class="utilichart"><li class="result"><span style="float: left ; min-height: 26px"><span class="col statcol"><em>HP<\/em><br>100<\/span> <span class="col statcol"><em>Atk<\/em><br>70<\/span> <span class="col statcol"><em>Def<\/em><br>90<\/span> <span class="col statcol"><em>SpA<\/em><br>86<\/span> <span class="col statcol"><em>SpD<\/em><br>96<\/span> <span class="col statcol"><em>Spe<\/em><br>70<\/span> <\/span><\/li><li style="clear: both"><\/li><\/ul>
|-hint|Hoobarn was created by Bolivia!
|
|-status|p2a: Hoobarn|brn|[from] item: Flame Orb
|upkeep
|turn|8
|l| H2OPulse
|
|t:|1640410040
|move|p2a: Hoobarn|Psycho Shift|p1a: Coilrig
|-status|p1a: Coilrig|brn
|-curestatus|p2a: Hoobarn|brn|[msg]
|move|p1a: Coilrig|Coil|p1a: Coilrig
|-boost|p1a: Coilrig|atk|1
|-boost|p1a: Coilrig|def|1
|-boost|p1a: Coilrig|accuracy|1
|
|-activate|p1a: Coilrig|ability: Shed Skin
|-curestatus|p1a: Coilrig|brn|[msg]
|-status|p2a: Hoobarn|brn|[from] item: Flame Orb
|upkeep
|turn|9
|c|☆SimpyShrimp|interesting
|
|t:|1640410061
|switch|p2a: Carnivenom|Carnivenom, F|100\/100
|-start|p2a: Carnivenom|typechange|Grass\/Poison|[silent]
|raw|<ul class="utilichart"><li class="result"><span class="col pokemonnamecol" style="white-space: nowrap">Carnivenom<\/span> <span class="col typecol"><img src="https:\/\/play.pokemonshowdown.com\/sprites\/types\/Grass.png" alt="Grass" height="14" width="32"><img src="https:\/\/play.pokemonshowdown.com\/sprites\/types\/Poison.png" alt="Poison" height="14" width="32"><\/span> <span style="float: left ; min-height: 26px"><span class="col abilitycol">Levitate<\/span><span class="col abilitycol"><\/span><\/span><\/li><li style="clear: both"><\/li><\/ul>
|raw|<ul class="utilichart"><li class="result"><span style="float: left ; min-height: 26px"><span class="col statcol"><em>HP<\/em><br>94<\/span> <span class="col statcol"><em>Atk<\/em><br>105<\/span> <span class="col statcol"><em>Def<\/em><br>82<\/span> <span class="col statcol"><em>SpA<\/em><br>100<\/span> <span class="col statcol"><em>SpD<\/em><br>102<\/span> <span class="col statcol"><em>Spe<\/em><br>51<\/span> <\/span><\/li><li style="clear: both"><\/li><\/ul>
|-hint|Carnivenom was created by inkbug!
|move|p1a: Coilrig|Coil|p1a: Coilrig
|-boost|p1a: Coilrig|atk|1
|-boost|p1a: Coilrig|def|1
|-boost|p1a: Coilrig|accuracy|1
|
|upkeep
|turn|10
|
|t:|1640410067
|move|p2a: Carnivenom|Leech Seed|p1a: Coilrig
|-start|p1a: Coilrig|move: Leech Seed
|move|p1a: Coilrig|Earthquake|p2a: Carnivenom
|-immune|p2a: Carnivenom|[from] ability: Levitate
|
|-damage|p1a: Coilrig|88\/100|[from] Leech Seed|[of] p2a: Carnivenom
|upkeep
|turn|11
|
|t:|1640410078
|switch|p2a: Steelix|Steelix, M|95\/100
|switch|p1a: Arcanine|Arcanine, F|100\/100
|
|-heal|p2a: Steelix|100\/100|[from] item: Leftovers
|upkeep
|turn|12
|
|t:|1640410091
|move|p1a: Arcanine|Flare Blitz|p2a: Steelix
|-supereffective|p2a: Steelix
|-damage|p2a: Steelix|39\/100
|-damage|p1a: Arcanine|78\/100|[from] Recoil
|move|p2a: Steelix|Earthquake|p1a: Arcanine
|-supereffective|p1a: Arcanine
|-damage|p1a: Arcanine|0 fnt
|faint|p1a: Arcanine
|
|-heal|p2a: Steelix|46\/100|[from] item: Leftovers
|upkeep
|
|t:|1640410096
|switch|p1a: Hocuspocus|Hocuspocus, F|100\/100
|-start|p1a: Hocuspocus|typechange|Psychic\/Ghost|[silent]
|raw|<ul class="utilichart"><li class="result"><span class="col pokemonnamecol" style="white-space: nowrap">Hocuspocus<\/span> <span class="col typecol"><img src="https:\/\/play.pokemonshowdown.com\/sprites\/types\/Psychic.png" alt="Psychic" height="14" width="32"><img src="https:\/\/play.pokemonshowdown.com\/sprites\/types\/Ghost.png" alt="Ghost" height="14" width="32"><\/span> <span style="float: left ; min-height: 26px"><span class="col abilitycol">Tough Claws \/ Inner Focus \/ Super Luck<\/span><span class="col abilitycol"><\/span><\/span><\/li><li style="clear: both"><\/li><\/ul>
|raw|<ul class="utilichart"><li class="result"><span style="float: left ; min-height: 26px"><span class="col statcol"><em>HP<\/em><br>55<\/span> <span class="col statcol"><em>Atk<\/em><br>95<\/span> <span class="col statcol"><em>Def<\/em><br>45<\/span> <span class="col statcol"><em>SpA<\/em><br>120<\/span> <span class="col statcol"><em>SpD<\/em><br>70<\/span> <span class="col statcol"><em>Spe<\/em><br>115<\/span> <\/span><\/li><li style="clear: both"><\/li><\/ul>
|-hint|Hocuspocus was created by ausma!
|turn|13
|
|t:|1640410100
|switch|p2a: Umbreon|Umbreon, M|100\/100
|move|p1a: Hocuspocus|Drain Punch|p2a: Umbreon
|-supereffective|p2a: Umbreon
|-damage|p2a: Umbreon|63\/100
|
|-heal|p2a: Umbreon|69\/100|[from] item: Leftovers
|upkeep
|turn|14
|
|t:|1640410110
|switch|p1a: Malamar|Malamar-Variant, F|100\/100
|-start|p1a: Malamar|typechange|Dark\/Water|[silent]
|raw|<ul class="utilichart"><li class="result"><span class="col pokemonnamecol" style="white-space: nowrap">Malamar-Variant<\/span> <span class="col typecol"><img src="https:\/\/play.pokemonshowdown.com\/sprites\/types\/Dark.png" alt="Dark" height="14" width="32"><img src="https:\/\/play.pokemonshowdown.com\/sprites\/types\/Water.png" alt="Water" height="14" width="32"><\/span> <span style="float: left ; min-height: 26px"><span class="col abilitycol">Keen Eye \/ Prankster \/ Mimicry<\/span><span class="col abilitycol"><\/span><\/span><\/li><li style="clear: both"><\/li><\/ul>
|raw|<ul class="utilichart"><li class="result"><span style="float: left ; min-height: 26px"><span class="col statcol"><em>HP<\/em><br>86<\/span> <span class="col statcol"><em>Atk<\/em><br>102<\/span> <span class="col statcol"><em>Def<\/em><br>88<\/span> <span class="col statcol"><em>SpA<\/em><br>48<\/span> <span class="col statcol"><em>SpD<\/em><br>95<\/span> <span class="col statcol"><em>Spe<\/em><br>63<\/span> <\/span><\/li><li style="clear: both"><\/li><\/ul>
|-hint|Malamar-Variant was created by Violettes!
|move|p2a: Umbreon|Wish|p2a: Umbreon
|
|-heal|p2a: Umbreon|75\/100|[from] item: Leftovers
|upkeep
|turn|15
|
|t:|1640410116
|move|p1a: Malamar|Taunt|p2a: Umbreon
|-hint|Since gen 7, Dark is immune to Prankster moves.
|-immune|p2a: Umbreon
|move|p2a: Umbreon|Toxic|p1a: Malamar
|-status|p1a: Malamar|tox
|
|-heal|p2a: Umbreon|100\/100|[from] move: Wish|[wisher] Umbreon
|-damage|p1a: Malamar|94\/100 tox|[from] psn
|upkeep
|turn|16
|
|t:|1640410123
|switch|p1a: Coilrig|Coilrig, M|88\/100
|-start|p1a: Coilrig|typechange|Ground\/Poison|[silent]
|move|p2a: Umbreon|Wish|p2a: Umbreon
|
|-heal|p1a: Coilrig|94\/100|[from] item: Leftovers
|upkeep
|turn|17
|
|t:|1640410126
|switch|p2a: Steelix|Steelix, M|46\/100
|move|p1a: Coilrig|Coil|p1a: Coilrig
|-boost|p1a: Coilrig|atk|1
|-boost|p1a: Coilrig|def|1
|-boost|p1a: Coilrig|accuracy|1
|
|-heal|p2a: Steelix|100\/100|[from] move: Wish|[wisher] Umbreon
|-heal|p1a: Coilrig|100\/100|[from] item: Leftovers
|upkeep
|turn|18
|
|t:|1640410132
|move|p1a: Coilrig|Earthquake|p2a: Steelix
|-supereffective|p2a: Steelix
|-damage|p2a: Steelix|46\/100
|move|p2a: Steelix|Earthquake|p1a: Coilrig
|-supereffective|p1a: Coilrig
|-damage|p1a: Coilrig|58\/100
|
|-heal|p1a: Coilrig|65\/100|[from] item: Leftovers
|-heal|p2a: Steelix|52\/100|[from] item: Leftovers
|upkeep
|turn|19
|
|t:|1640410138
|switch|p2a: Carnivenom|Carnivenom, F|100\/100
|-start|p2a: Carnivenom|typechange|Grass\/Poison|[silent]
|move|p1a: Coilrig|Coil|p1a: Coilrig
|-boost|p1a: Coilrig|atk|1
|-boost|p1a: Coilrig|def|1
|-boost|p1a: Coilrig|accuracy|1
|
|-heal|p1a: Coilrig|71\/100|[from] item: Leftovers
|upkeep
|turn|20
|
|t:|1640410142
|move|p2a: Carnivenom|Leech Seed|p1a: Coilrig
|-start|p1a: Coilrig|move: Leech Seed
|move|p1a: Coilrig|Rock Slide|p2a: Carnivenom
|-damage|p2a: Carnivenom|60\/100
|
|-heal|p1a: Coilrig|77\/100|[from] item: Leftovers
|-damage|p1a: Coilrig|65\/100|[from] Leech Seed|[of] p2a: Carnivenom
|-heal|p2a: Carnivenom|72\/100|[silent]
|upkeep
|turn|21
|
|t:|1640410148
|switch|p1a: Altaria|Altaria, F|61\/100
|move|p2a: Carnivenom|Synthesis|p2a: Carnivenom
|-heal|p2a: Carnivenom|100\/100
|
|upkeep
|turn|22
|
|t:|1640410157
|switch|p2a: Umbreon|Umbreon, M|100\/100
|move|p1a: Altaria|Dual Wingbeat|p2a: Umbreon|[miss]
|-miss|p1a: Altaria|p2a: Umbreon
|
|upkeep
|turn|23
|inactive|SimpyShrimp has 270 seconds left.
|inactive|SimpyShrimp has 240 seconds left.
|
|t:|1640410223
|switch|p2a: Gardevoir|Gardevoir, M|100\/100
|-ability|p2a: Gardevoir|Natural Cure|[from] ability: Trace|[of] p1a: Altaria
|move|p1a: Altaria|Roost|p1a: Altaria
|-heal|p1a: Altaria|100\/100
|-singleturn|p1a: Altaria|move: Roost
|
|upkeep
|turn|24
|
|t:|1640410231
|switch|p1a: Balleringue|Balleringue, F|60\/100
|-start|p1a: Balleringue|typechange|Bug\/Steel|[silent]
|move|p2a: Gardevoir|Mystical Fire|p1a: Balleringue
|-supereffective|p1a: Balleringue
|-damage|p1a: Balleringue|0 fnt
|faint|p1a: Balleringue
|
|upkeep
|inactive|SimpyShrimp has 240 seconds left.
|inactive|SimpyShrimp has 210 seconds left.
|
|t:|1640410283
|switch|p1a: Hocuspocus|Hocuspocus, F|100\/100
|-start|p1a: Hocuspocus|typechange|Psychic\/Ghost|[silent]
|turn|25
|
|t:|1640410295
|switch|p2a: Hoobarn|Hoobarn, F|100\/100 brn
|-start|p2a: Hoobarn|typechange|Normal\/Flying|[silent]
|move|p1a: Hocuspocus|Shadow Ball|p2a: Hoobarn
|-immune|p2a: Hoobarn
|
|-damage|p2a: Hoobarn|94\/100 brn|[from] brn
|upkeep
|turn|26
|inactive|SimpyShrimp has 210 seconds left.
|j| H2OPulse
|inactive|SimpyShrimp has 180 seconds left.
|j| KeroseneZanchu
|
|t:|1640410351
|move|p2a: Hoobarn|Psycho Shift|p1a: Hocuspocus
|-status|p1a: Hocuspocus|brn
|-curestatus|p2a: Hoobarn|brn|[msg]
|move|p1a: Hocuspocus|Ice Punch|p2a: Hoobarn
|-supereffective|p2a: Hoobarn
|-damage|p2a: Hoobarn|78\/100
|
|-damage|p1a: Hocuspocus|95\/100 brn|[from] brn
|-status|p2a: Hoobarn|brn|[from] item: Flame Orb
|upkeep
|turn|27
|
|t:|1640410359
|switch|p1a: Altaria|Altaria, F|100\/100
|move|p2a: Hoobarn|Hurricane|p1a: Altaria
|-damage|p1a: Altaria|71\/100
|-start|p1a: Altaria|confusion
|
|-damage|p2a: Hoobarn|72\/100 brn|[from] brn
|upkeep
|turn|28
|
|t:|1640410383
|switch|p1a: Malamar|Malamar-Variant, F|94\/100 tox
|-start|p1a: Malamar|typechange|Dark\/Water|[silent]
|switch|p2a: Umbreon|Umbreon, M|100\/100
|
|-heal|p1a: Malamar|100\/100 tox|[from] item: Leftovers
|-damage|p1a: Malamar|94\/100 tox|[from] psn
|upkeep
|turn|29
|c|☆SimpyShrimp|hoobarn
|c|☆SimpyShrimp|is 
|c|☆SimpyShrimp|weird
|c|☆SimpyShrimp|gg
|c|☆Hematemesis|Meanie >:(
|
|t:|1640410410
|switch|p1a: Hocuspocus|Hocuspocus, F|95\/100 brn
|-start|p1a: Hocuspocus|typechange|Psychic\/Ghost|[silent]
|move|p2a: Umbreon|Wish|p2a: Umbreon
|
|-damage|p1a: Hocuspocus|89\/100 brn|[from] brn
|upkeep
|turn|30
|c|☆Hematemesis|ggs, although idt it's actually over yet
|
|t:|1640410417
|switch|p2a: Steelix|Steelix, M|52\/100
|move|p1a: Hocuspocus|Drain Punch|p2a: Steelix
|-supereffective|p2a: Steelix
|-damage|p2a: Steelix|38\/100
|-heal|p1a: Hocuspocus|99\/100 brn|[from] drain|[of] p2a: Steelix
|
|-heal|p2a: Steelix|93\/100|[from] move: Wish|[wisher] Umbreon
|-heal|p2a: Steelix|99\/100|[from] item: Leftovers
|-damage|p1a: Hocuspocus|93\/100 brn|[from] brn
|upkeep
|turn|31
|c|☆SimpyShrimp|no way to beat you
|c|☆SimpyShrimp|statused
|c|☆SimpyShrimp|anybody down for vgc?
|
|t:|1640410434
|move|p1a: Hocuspocus|Drain Punch|p2a: Steelix
|-supereffective|p2a: Steelix
|-damage|p2a: Steelix|86\/100
|-heal|p1a: Hocuspocus|100\/100 brn|[from] drain|[of] p2a: Steelix
|move|p2a: Steelix|Heavy Slam|p1a: Hocuspocus
|-damage|p1a: Hocuspocus|0 fnt
|faint|p1a: Hocuspocus
|
|-heal|p2a: Steelix|92\/100|[from] item: Leftovers
|upkeep
|inactive|SimpyShrimp has 150 seconds left.
|inactive|SimpyShrimp has 120 seconds left.
|
|t:|1640410479
|switch|p1a: Coilrig|Coilrig, M|65\/100
|-start|p1a: Coilrig|typechange|Ground\/Poison|[silent]
|turn|32
|
|t:|1640410507
|move|p1a: Coilrig|Coil|p1a: Coilrig
|-boost|p1a: Coilrig|atk|1
|-boost|p1a: Coilrig|def|1
|-boost|p1a: Coilrig|accuracy|1
|move|p2a: Steelix|Earthquake|p1a: Coilrig
|-supereffective|p1a: Coilrig
|-damage|p1a: Coilrig|17\/100
|
|-heal|p1a: Coilrig|24\/100|[from] item: Leftovers
|-heal|p2a: Steelix|98\/100|[from] item: Leftovers
|upkeep
|turn|33
|
|t:|1640410521
|move|p1a: Coilrig|Earthquake|p2a: Steelix
|-supereffective|p2a: Steelix
|-damage|p2a: Steelix|45\/100
|move|p2a: Steelix|Earthquake|p1a: Coilrig
|-supereffective|p1a: Coilrig
|-damage|p1a: Coilrig|0 fnt
|faint|p1a: Coilrig
|
|-heal|p2a: Steelix|51\/100|[from] item: Leftovers
|upkeep
|
|t:|1640410525
|switch|p1a: Malamar|Malamar-Variant, F|94\/100 tox
|-start|p1a: Malamar|typechange|Dark\/Water|[silent]
|turn|34
|
|t:|1640410530
|move|p1a: Malamar|Taunt|p2a: Steelix
|-start|p2a: Steelix|move: Taunt
|move|p2a: Steelix|Body Press|p1a: Malamar
|-supereffective|p1a: Malamar
|-damage|p1a: Malamar|30\/100 tox
|
|-heal|p1a: Malamar|36\/100 tox|[from] item: Leftovers
|-heal|p2a: Steelix|58\/100|[from] item: Leftovers
|-damage|p1a: Malamar|30\/100 tox|[from] psn
|upkeep
|turn|35
|inactive|SimpyShrimp has 150 seconds left.
|inactive|SimpyShrimp has 120 seconds left.
|inactive|SimpyShrimp has 90 seconds left.
|
|t:|1640410602
|move|p1a: Malamar|Knock Off|p2a: Steelix
|-damage|p2a: Steelix|32\/100
|-enditem|p2a: Steelix|Leftovers|[from] move: Knock Off|[of] p1a: Malamar
|move|p2a: Steelix|Heavy Slam|p1a: Malamar
|-resisted|p1a: Malamar
|-damage|p1a: Malamar|3\/100 tox
|
|-heal|p1a: Malamar|10\/100 tox|[from] item: Leftovers
|-damage|p1a: Malamar|0 fnt|[from] psn
|faint|p1a: Malamar
|upkeep
|
|t:|1640410607
|switch|p1a: Altaria|Altaria, F|71\/100
|turn|36
|
|t:|1640410613
|move|p1a: Altaria|Earthquake|p2a: Steelix
|-supereffective|p2a: Steelix
|-damage|p2a: Steelix|13\/100
|move|p2a: Steelix|Heavy Slam|p1a: Altaria
|-damage|p1a: Altaria|32\/100
|
|-end|p2a: Steelix|move: Taunt
|upkeep
|turn|37
|
|t:|1640410619
|switch|p2a: Carnivenom|Carnivenom, F|100\/100
|-start|p2a: Carnivenom|typechange|Grass\/Poison|[silent]
|move|p1a: Altaria|Earthquake|p2a: Carnivenom
|-immune|p2a: Carnivenom|[from] ability: Levitate
|
|upkeep
|turn|38
|
|t:|1640410626
|move|p1a: Altaria|Dual Wingbeat|p2a: Carnivenom
|-supereffective|p2a: Carnivenom
|-damage|p2a: Carnivenom|79\/100
|-supereffective|p2a: Carnivenom
|-damage|p2a: Carnivenom|57\/100
|-hitcount|p2a: Carnivenom|2
|move|p2a: Carnivenom|Leech Seed|p1a: Altaria
|-start|p1a: Altaria|move: Leech Seed
|
|-damage|p1a: Altaria|19\/100|[from] Leech Seed|[of] p2a: Carnivenom
|-heal|p2a: Carnivenom|68\/100|[silent]
|upkeep
|turn|39
|-message|SimpyShrimp forfeited.
|
|win|Hematemesis
|l|☆SimpyShrimp
|c|☆Hematemesis|ggs
|l|☆Hematemesis</script>
</div>
<div class="battle-log battle-log-inline"><div class="inner"><div class="battle-options"><div style="padding-top: 3px; padding-right: 3px; text-align: right"><button class="icon button" name="openBattleOptions" title="Options">Battle Options</button></div></div><div class="inner message-log"><div class="chat"><small>☆SimpyShrimp and ☆Hematemesis joined</small></div><div class=""><small>Format:</small> <br><strong>[Gen 8] Evolution Project</strong></div><div class=""><small><em>HP Percentage Mod:</em> HP is shown in percentages</small></div><div class=""><small><em>Endless Battle Clause:</em> Forcing endless battles is banned</small></div><div class=""><small><em>OHKO Clause:</em> OHKO moves are banned</small></div><div class=""><small><em>Evasion Moves Clause:</em> Evasion moves are banned</small></div><div class=""><small><em>Species Clause:</em> Limit one of each Pokémon</small></div><div class=""><small><em>Dynamax Clause:</em> You cannot dynamax</small></div><div class=""><small><em>Sleep Clause Mod:</em> Limit one foe put to sleep</small></div><div class=""><small><em>Z-Move Clause:</em> Type-based Z-Moves are banned</small></div><div class="chat battle-history"><strong>SimpyShrimp's team:</strong> <em style="color:#445566;display:block;">Balleringue / Arcanine / Malamar-Variant / Coilrig / Hocuspocus / Altaria</em></div><div class="chat battle-history"><strong>Hematemesis's team:</strong> <em style="color:#445566;display:block;">Gardevoir / Hoobarn / Carnivenom / Steelix / Umbreon / Mienshao</em></div><div class="chat chatmessage-simpyshrimp"><strong style="color:#ae6819"><small>☆</small><span class="username" data-name="SimpyShrimp">SimpyShrimp</span>:</strong> <em>glhf</em></div><div class="chat"><small> time to chill joined</small></div><div class="chat chatmessage-hematemesis"><strong style="color:#9412d5"><small>☆</small><span class="username" data-name="Hematemesis">Hematemesis</span>:</strong> <em>Ty</em></div><div class="spacer battle-history"><br></div><div class="battle-history">Battle started between SimpyShrimp and Hematemesis!<br></div><div class="spacer battle-history"><br></div><div class="battle-history">Go! <strong>Balleringue</strong>!<br></div><div class="spacer battle-history"><br></div><div class="battle-history">Hematemesis sent out <strong>Mienshao</strong>!<br></div><div class="chat"><ul class="utilichart"><li class="result"><span class="col pokemonnamecol" style="white-space: nowrap">Balleringue</span> <span class="col typecol"><img src="https://play.pokemonshowdown.com/sprites/types/Bug.png" alt="Bug" height="14" width="32"><img src="https://play.pokemonshowdown.com/sprites/types/Steel.png" alt="Steel" height="14" width="32"></span> <span style="float: left ; min-height: 26px"><span class="col abilitycol">Anticipation / Triage / Overcoat</span><span class="col abilitycol"></span></span></li><li style="clear: both"></li></ul></div><div class="chat"><ul class="utilichart"><li class="result"><span style="float: left ; min-height: 26px"><span class="col statcol"><em>HP</em><br>80</span> <span class="col statcol"><em>Atk</em><br>109</span> <span class="col statcol"><em>Def</em><br>105</span> <span class="col statcol"><em>SpA</em><br>69</span> <span class="col statcol"><em>SpD</em><br>105</span> <span class="col statcol"><em>Spe</em><br>29</span> </span></li><li style="clear: both"></li></ul></div><div class="battle-history"><small>(Balleringue was created by Magmajudis!)</small><br></div><div class="spacer battle-history"><br></div><h2 class="battle-history">Turn 1</h2><div class="chat"><small> Ppersosns and ~inkbug1 joined</small></div><div class="spacer battle-history"><br></div><div class="battle-history">The opposing Mienshao used <strong>Knock Off</strong>!<br></div><div class="battle-history"><small>(Balleringue lost 40% of its health!)</small><br></div><div class="battle-history"><small>The opposing Mienshao knocked off Balleringue's Leftovers!</small><br></div><div class="battle-history"><small>The opposing Mienshao lost some of its HP!</small><br></div><div class="spacer battle-history"><br></div><div class="battle-history">Balleringue used <strong>Stealth Rock</strong>!<br></div><div class="battle-history"><small>Pointed stones float in the air around the opposing team!</small><br></div><div class="spacer battle-history"><br></div><h2 class="battle-history">Turn 2</h2><div class="spacer battle-history"><br></div><div class="battle-history">Balleringue, come back!<br></div><div class="battle-history">Go! <strong>Altaria</strong>!<br></div><div class="spacer battle-history"><br></div><div class="battle-history">The opposing Mienshao used <strong>High Jump Kick</strong>!<br></div><div class="battle-history"><small>It's not very effective...</small><br></div><div class="battle-history"><small>(Altaria lost 33% of its health!)</small><br></div><div class="battle-history"><small>The opposing Mienshao lost some of its HP!</small><br></div><div class="spacer battle-history"><br></div><h2 class="battle-history">Turn 3</h2><div class="chat"><small> H2OPulse joined</small></div><div class="chat message-error">Battle timer is ON: inactive players will automatically lose when time's up. (requested by Hematemesis)</div><div class="spacer battle-history"><br></div><div class="battle-history">The opposing Mienshao used <strong>Stone Edge</strong>!<br></div><div class="battle-history"><small>Altaria avoided the attack!</small><br></div><div class="spacer battle-history"><br></div><div class="battle-history">Altaria used <strong>Earthquake</strong>!<br></div><div class="battle-history"><small>(The opposing Mienshao lost 31% of its health!)</small><br></div><div class="spacer battle-history"><br></div><h2 class="battle-history">Turn 4</h2><div class="chat chatmessage-h2opulse"><strong style="color:#6e8c2b"><small> </small><span class="username" data-name="H2OPulse">H2OPulse</span>:</strong> <em>(aaa good luck and have fun both!! O:)</em></div><div class="spacer battle-history"><br></div><div class="battle-history">The opposing Mienshao used <strong>U-turn</strong>!<br></div><div class="battle-history"><small>It's not very effective...</small><br></div><div class="battle-history"><small>(Altaria lost 12% of its health!)</small><br></div><div class="battle-history"><small>The opposing Mienshao lost some of its HP!</small><br></div><div class="spacer battle-history"><br></div><div class="battle-history">The opposing Mienshao went back to Hematemesis!<br></div><div class="battle-history">Hematemesis sent out <strong>Steelix</strong>!<br></div><div class="battle-history"><small>Pointed stones dug into the opposing Steelix!</small><br></div><div class="spacer battle-history"><br></div><div class="battle-history">Altaria used <strong>Roost</strong>!<br></div><div class="battle-history"><small>Altaria had its HP restored.</small><br></div><div class="battle-history"><small>(Altaria loses Flying type this turn.)</small><br></div><div class="spacer battle-history"><br></div><div class="battle-history"><small>The opposing Steelix restored a little HP using its Leftovers!</small><br></div><div class="spacer battle-history"><br></div><h2 class="battle-history">Turn 5</h2><div class="spacer battle-history"><br></div><div class="battle-history">Altaria used <strong>Earthquake</strong>!<br></div><div class="battle-history"><small>It's super effective!</small><br></div><div class="battle-history"><small>(The opposing Steelix lost 18% of its health!)</small><br></div><div class="spacer battle-history"><br></div><div class="battle-history">The opposing Steelix used <strong>Stealth Rock</strong>!<br></div><div class="battle-history"><small>Pointed stones float in the air around your team!</small><br></div><div class="spacer battle-history"><br></div><div class="battle-history"><small>The opposing Steelix restored a little HP using its Leftovers!</small><br></div><div class="spacer battle-history"><br></div><h2 class="battle-history">Turn 6</h2><div class="spacer battle-history"><br></div><div class="battle-history">Altaria used <strong>Defog</strong>!<br></div><div class="battle-history"><small>The opposing Steelix's evasiveness fell!</small><br></div><div class="battle-history"><small>The pointed stones disappeared from around the opposing team!</small><br></div><div class="battle-history"><small>The pointed stones disappeared from around your team!</small><br></div><div class="spacer battle-history"><br></div><div class="battle-history">The opposing Steelix used <strong>Heavy Slam</strong>!<br></div><div class="battle-history"><small>(Altaria lost 39% of its health!)</small><br></div><div class="spacer battle-history"><br></div><div class="battle-history"><small>The opposing Steelix restored a little HP using its Leftovers!</small><br></div><div class="spacer battle-history"><br></div><h2 class="battle-history">Turn 7</h2><div class="spacer battle-history"><br></div><div class="battle-history">Altaria, come back!<br></div><div class="battle-history">Go! <strong>Coilrig</strong>!<br></div><div class="chat"><ul class="utilichart"><li class="result"><span class="col pokemonnamecol" style="white-space: nowrap">Coilrig</span> <span class="col typecol"><img src="https://play.pokemonshowdown.com/sprites/types/Ground.png" alt="Ground" height="14" width="32"><img src="https://play.pokemonshowdown.com/sprites/types/Poison.png" alt="Poison" height="14" width="32"></span> <span style="float: left ; min-height: 26px"><span class="col abilitycol">Sand Spit / Shed Skin / Liquid Ooze</span><span class="col abilitycol"></span></span></li><li style="clear: both"></li></ul></div><div class="chat"><ul class="utilichart"><li class="result"><span style="float: left ; min-height: 26px"><span class="col statcol"><em>HP</em><br>77</span> <span class="col statcol"><em>Atk</em><br>107</span> <span class="col statcol"><em>Def</em><br>130</span> <span class="col statcol"><em>SpA</em><br>105</span> <span class="col statcol"><em>SpD</em><br>75</span> <span class="col statcol"><em>Spe</em><br>41</span> </span></li><li style="clear: both"></li></ul></div><div class="battle-history"><small>(Coilrig was created by Hematite!)</small><br></div><div class="spacer battle-history"><br></div><div class="battle-history">Hematemesis withdrew Steelix!<br></div><div class="battle-history">Hematemesis sent out <strong>Hoobarn</strong>!<br></div><div class="chat"><ul class="utilichart"><li class="result"><span class="col pokemonnamecol" style="white-space: nowrap">Hoobarn</span> <span class="col typecol"><img src="https://play.pokemonshowdown.com/sprites/types/Normal.png" alt="Normal" height="14" width="32"><img src="https://play.pokemonshowdown.com/sprites/types/Flying.png" alt="Flying" height="14" width="32"></span> <span style="float: left ; min-height: 26px"><span class="col abilitycol">Insomnia / Keen Eye / Prankster</span><span class="col abilitycol"></span></span></li><li style="clear: both"></li></ul></div><div class="chat"><ul class="utilichart"><li class="result"><span style="float: left ; min-height: 26px"><span class="col statcol"><em>HP</em><br>100</span> <span class="col statcol"><em>Atk</em><br>70</span> <span class="col statcol"><em>Def</em><br>90</span> <span class="col statcol"><em>SpA</em><br>86</span> <span class="col statcol"><em>SpD</em><br>96</span> <span class="col statcol"><em>Spe</em><br>70</span> </span></li><li style="clear: both"></li></ul></div><div class="battle-history"><small>(Hoobarn was created by Bolivia!)</small><br></div><div class="spacer battle-history"><br></div><div class="battle-history"><small>The opposing Hoobarn was burned!</small><br></div><div class="spacer battle-history"><br></div><h2 class="battle-history">Turn 8</h2><div class="chat"><small> H2OPulse left</small></div><div class="spacer battle-history"><br></div><div class="battle-history">The opposing Hoobarn used <strong>Psycho Shift</strong>!<br></div><div class="battle-history"><small>Coilrig was burned!</small><br></div><div class="battle-history"><small>The opposing Hoobarn's burn was healed!</small><br></div><div class="spacer battle-history"><br></div><div class="battle-history">Coilrig used <strong>Coil</strong>!<br></div><div class="battle-history"><small>Coilrig's Attack rose!</small><br></div><div class="battle-history"><small>Coilrig's Defense rose!</small><br></div><div class="battle-history"><small>Coilrig's accuracy rose!</small><br></div><div class="spacer battle-history"><br></div><div class="battle-history">[Coilrig's Shed Skin]<br></div><div class="battle-history"><small>Coilrig's burn was healed!</small><br></div><div class="battle-history"><small>The opposing Hoobarn was burned!</small><br></div><div class="spacer battle-history"><br></div><h2 class="battle-history">Turn 9</h2><div class="chat chatmessage-simpyshrimp"><strong style="color:#ae6819"><small>☆</small><span class="username" data-name="SimpyShrimp">SimpyShrimp</span>:</strong> <em>interesting</em></div><div class="spacer battle-history"><br></div><div class="battle-history">Hematemesis withdrew Hoobarn!<br></div><div class="battle-history">Hematemesis sent out <strong>Carnivenom</strong>!<br></div><div class="chat"><ul class="utilichart"><li class="result"><span class="col pokemonnamecol" style="white-space: nowrap">Carnivenom</span> <span class="col typecol"><img src="https://play.pokemonshowdown.com/sprites/types/Grass.png" alt="Grass" height="14" width="32"><img src="https://play.pokemonshowdown.com/sprites/types/Poison.png" alt="Poison" height="14" width="32"></span> <span style="float: left ; min-height: 26px"><span class="col abilitycol">Levitate</span><span class="col abilitycol"></span></span></li><li style="clear: both"></li></ul></div><div class="chat"><ul class="utilichart"><li class="result"><span style="float: left ; min-height: 26px"><span class="col statcol"><em>HP</em><br>94</span> <span class="col statcol"><em>Atk</em><br>105</span> <span class="col statcol"><em>Def</em><br>82</span> <span class="col statcol"><em>SpA</em><br>100</span> <span class="col statcol"><em>SpD</em><br>102</span> <span class="col statcol"><em>Spe</em><br>51</span> </span></li><li style="clear: both"></li></ul></div><div class="battle-history"><small>(Carnivenom was created by inkbug!)</small><br></div><div class="spacer battle-history"><br></div><div class="battle-history">Coilrig used <strong>Coil</strong>!<br></div><div class="battle-history"><small>Coilrig's Attack rose!</small><br></div><div class="battle-history"><small>Coilrig's Defense rose!</small><br></div><div class="battle-history"><small>Coilrig's accuracy rose!</small><br></div><div class="spacer battle-history"><br></div><h2 class="battle-history">Turn 10</h2><div class="spacer battle-history"><br></div><div class="battle-history">The opposing Carnivenom used <strong>Leech Seed</strong>!<br></div><div class="battle-history"><small>Coilrig was seeded!</small><br></div><div class="spacer battle-history"><br></div><div class="battle-history">Coilrig used <strong>Earthquake</strong>!<br></div><div class="battle-history">[The opposing Carnivenom's Levitate]<br><small>It doesn't affect the opposing Carnivenom...</small><br></div><div class="spacer battle-history"><br></div><div class="battle-history"><small>Coilrig's health is sapped by Leech Seed!</small><br></div><div class="spacer battle-history"><br></div><h2 class="battle-history">Turn 11</h2><div class="spacer battle-history"><br></div><div class="battle-history">Hematemesis withdrew Carnivenom!<br></div><div class="battle-history">Hematemesis sent out <strong>Steelix</strong>!<br></div><div class="spacer battle-history"><br></div><div class="battle-history">Coilrig, come back!<br></div><div class="battle-history">Go! <strong>Arcanine</strong>!<br></div><div class="spacer battle-history"><br></div><div class="battle-history"><small>The opposing Steelix restored a little HP using its Leftovers!</small><br></div><div class="spacer battle-history"><br></div><h2 class="battle-history">Turn 12</h2><div class="spacer battle-history"><br></div><div class="battle-history">Arcanine used <strong>Flare Blitz</strong>!<br></div><div class="battle-history"><small>It's super effective!</small><br></div><div class="battle-history"><small>(The opposing Steelix lost 61% of its health!)</small><br></div><div class="battle-history"><small>Arcanine was damaged by the recoil!</small><br></div><div class="spacer battle-history"><br></div><div class="battle-history">The opposing Steelix used <strong>Earthquake</strong>!<br></div><div class="battle-history"><small>It's super effective!</small><br></div><div class="battle-history"><small>(Arcanine lost 78% of its health!)</small><br></div><div class="spacer battle-history"><br></div><div class="battle-history">Arcanine fainted!<br></div><div class="spacer battle-history"><br></div><div class="battle-history"><small>The opposing Steelix restored a little HP using its Leftovers!</small><br></div><div class="spacer battle-history"><br></div><div class="battle-history">Go! <strong>Hocuspocus</strong>!<br></div><div class="chat"><ul class="utilichart"><li class="result"><span class="col pokemonnamecol" style="white-space: nowrap">Hocuspocus</span> <span class="col typecol"><img src="https://play.pokemonshowdown.com/sprites/types/Psychic.png" alt="Psychic" height="14" width="32"><img src="https://play.pokemonshowdown.com/sprites/types/Ghost.png" alt="Ghost" height="14" width="32"></span> <span style="float: left ; min-height: 26px"><span class="col abilitycol">Tough Claws / Inner Focus / Super Luck</span><span class="col abilitycol"></span></span></li><li style="clear: both"></li></ul></div><div class="chat"><ul class="utilichart"><li class="result"><span style="float: left ; min-height: 26px"><span class="col statcol"><em>HP</em><br>55</span> <span class="col statcol"><em>Atk</em><br>95</span> <span class="col statcol"><em>Def</em><br>45</span> <span class="col statcol"><em>SpA</em><br>120</span> <span class="col statcol"><em>SpD</em><br>70</span> <span class="col statcol"><em>Spe</em><br>115</span> </span></li><li style="clear: both"></li></ul></div><div class="battle-history"><small>(Hocuspocus was created by ausma!)</small><br></div><div class="spacer battle-history"><br></div><h2 class="battle-history">Turn 13</h2><div class="spacer battle-history"><br></div><div class="battle-history">Hematemesis withdrew Steelix!<br></div><div class="battle-history">Hematemesis sent out <strong>Umbreon</strong>!<br></div><div class="spacer battle-history"><br></div><div class="battle-history">Hocuspocus used <strong>Drain Punch</strong>!<br></div><div class="battle-history"><small>It's super effective!</small><br></div><div class="battle-history"><small>(The opposing Umbreon lost 37% of its health!)</small><br></div><div class="spacer battle-history"><br></div><div class="battle-history"><small>The opposing Umbreon restored a little HP using its Leftovers!</small><br></div><div class="spacer battle-history"><br></div><h2 class="battle-history">Turn 14</h2><div class="spacer battle-history"><br></div><div class="battle-history">Hocuspocus, come back!<br></div><div class="battle-history">Go! Malamar (<strong>Malamar-Variant</strong>)!<br></div><div class="chat"><ul class="utilichart"><li class="result"><span class="col pokemonnamecol" style="white-space: nowrap">Malamar-Variant</span> <span class="col typecol"><img src="https://play.pokemonshowdown.com/sprites/types/Dark.png" alt="Dark" height="14" width="32"><img src="https://play.pokemonshowdown.com/sprites/types/Water.png" alt="Water" height="14" width="32"></span> <span style="float: left ; min-height: 26px"><span class="col abilitycol">Keen Eye / Prankster / Mimicry</span><span class="col abilitycol"></span></span></li><li style="clear: both"></li></ul></div><div class="chat"><ul class="utilichart"><li class="result"><span style="float: left ; min-height: 26px"><span class="col statcol"><em>HP</em><br>86</span> <span class="col statcol"><em>Atk</em><br>102</span> <span class="col statcol"><em>Def</em><br>88</span> <span class="col statcol"><em>SpA</em><br>48</span> <span class="col statcol"><em>SpD</em><br>95</span> <span class="col statcol"><em>Spe</em><br>63</span> </span></li><li style="clear: both"></li></ul></div><div class="battle-history"><small>(Malamar-Variant was created by Violettes!)</small><br></div><div class="spacer battle-history"><br></div><div class="battle-history">The opposing Umbreon used <strong>Wish</strong>!<br></div><div class="spacer battle-history"><br></div><div class="battle-history"><small>The opposing Umbreon restored a little HP using its Leftovers!</small><br></div><div class="spacer battle-history"><br></div><h2 class="battle-history">Turn 15</h2><div class="spacer battle-history"><br></div><div class="battle-history">Malamar used <strong>Taunt</strong>!<br></div><div class="battle-history"><small>(Since gen 7, Dark is immune to Prankster moves.)</small><br></div><div class="battle-history"><small>It doesn't affect the opposing Umbreon...</small><br></div><div class="spacer battle-history"><br></div><div class="battle-history">The opposing Umbreon used <strong>Toxic</strong>!<br></div><div class="battle-history"><small>Malamar was badly poisoned!</small><br></div><div class="spacer battle-history"><br></div><div class="battle-history"><small>Umbreon's wish came true!</small><br></div><div class="battle-history"><small>Malamar was hurt by poison!</small><br></div><div class="spacer battle-history"><br></div><h2 class="battle-history">Turn 16</h2><div class="spacer battle-history"><br></div><div class="battle-history">Malamar, come back!<br></div><div class="battle-history">Go! <strong>Coilrig</strong>!<br></div><div class="spacer battle-history"><br></div><div class="battle-history">The opposing Umbreon used <strong>Wish</strong>!<br></div><div class="spacer battle-history"><br></div><div class="battle-history"><small>Coilrig restored a little HP using its Leftovers!</small><br></div><div class="spacer battle-history"><br></div><h2 class="battle-history">Turn 17</h2><div class="spacer battle-history"><br></div><div class="battle-history">Hematemesis withdrew Umbreon!<br></div><div class="battle-history">Hematemesis sent out <strong>Steelix</strong>!<br></div><div class="spacer battle-history"><br></div><div class="battle-history">Coilrig used <strong>Coil</strong>!<br></div><div class="battle-history"><small>Coilrig's Attack rose!</small><br></div><div class="battle-history"><small>Coilrig's Defense rose!</small><br></div><div class="battle-history"><small>Coilrig's accuracy rose!</small><br></div><div class="spacer battle-history"><br></div><div class="battle-history"><small>Umbreon's wish came true!</small><br></div><div class="battle-history"><small>Coilrig restored a little HP using its Leftovers!</small><br></div><div class="spacer battle-history"><br></div><h2 class="battle-history">Turn 18</h2><div class="spacer battle-history"><br></div><div class="battle-history">Coilrig used <strong>Earthquake</strong>!<br></div><div class="battle-history"><small>It's super effective!</small><br></div><div class="battle-history"><small>(The opposing Steelix lost 54% of its health!)</small><br></div><div class="spacer battle-history"><br></div><div class="battle-history">The opposing Steelix used <strong>Earthquake</strong>!<br></div><div class="battle-history"><small>It's super effective!</small><br></div><div class="battle-history"><small>(Coilrig lost 42% of its health!)</small><br></div><div class="spacer battle-history"><br></div><div class="battle-history"><small>Coilrig restored a little HP using its Leftovers!</small><br></div><div class="battle-history"><small>The opposing Steelix restored a little HP using its Leftovers!</small><br></div><div class="spacer battle-history"><br></div><h2 class="battle-history">Turn 19</h2><div class="spacer battle-history"><br></div><div class="battle-history">Hematemesis withdrew Steelix!<br></div><div class="battle-history">Hematemesis sent out <strong>Carnivenom</strong>!<br></div><div class="spacer battle-history"><br></div><div class="battle-history">Coilrig used <strong>Coil</strong>!<br></div><div class="battle-history"><small>Coilrig's Attack rose!</small><br></div><div class="battle-history"><small>Coilrig's Defense rose!</small><br></div><div class="battle-history"><small>Coilrig's accuracy rose!</small><br></div><div class="spacer battle-history"><br></div><div class="battle-history"><small>Coilrig restored a little HP using its Leftovers!</small><br></div><div class="spacer battle-history"><br></div><h2 class="battle-history">Turn 20</h2><div class="spacer battle-history"><br></div><div class="battle-history">The opposing Carnivenom used <strong>Leech Seed</strong>!<br></div><div class="battle-history"><small>Coilrig was seeded!</small><br></div><div class="spacer battle-history"><br></div><div class="battle-history">Coilrig used <strong>Rock Slide</strong>!<br></div><div class="battle-history"><small>(The opposing Carnivenom lost 40% of its health!)</small><br></div><div class="spacer battle-history"><br></div><div class="battle-history"><small>Coilrig restored a little HP using its Leftovers!</small><br></div><div class="battle-history"><small>Coilrig's health is sapped by Leech Seed!</small><br></div><div class="spacer battle-history"><br></div><h2 class="battle-history">Turn 21</h2><div class="spacer battle-history"><br></div><div class="battle-history">Coilrig, come back!<br></div><div class="battle-history">Go! <strong>Altaria</strong>!<br></div><div class="spacer battle-history"><br></div><div class="battle-history">The opposing Carnivenom used <strong>Synthesis</strong>!<br></div><div class="battle-history"><small>The opposing Carnivenom had its HP restored.</small><br></div><div class="spacer battle-history"><br></div><h2 class="battle-history">Turn 22</h2><div class="spacer battle-history"><br></div><div class="battle-history">Hematemesis withdrew Carnivenom!<br></div><div class="battle-history">Hematemesis sent out <strong>Umbreon</strong>!<br></div><div class="spacer battle-history"><br></div><div class="battle-history">Altaria used <strong>Dual Wingbeat</strong>!<br></div><div class="battle-history"><small>The opposing Umbreon avoided the attack!</small><br></div><div class="spacer battle-history"><br></div><h2 class="battle-history">Turn 23</h2><div class="chat message-error">SimpyShrimp has 270 seconds left.</div><div class="chat message-error">SimpyShrimp has 240 seconds left.</div><div class="spacer battle-history"><br></div><div class="battle-history">Hematemesis withdrew Umbreon!<br></div><div class="battle-history">Hematemesis sent out <strong>Gardevoir</strong>!<br></div><div class="battle-history">[The opposing Gardevoir's Trace]<br>[The opposing Gardevoir's Natural Cure]<br><small>The opposing Gardevoir traced Altaria's Natural Cure!</small><br></div><div class="spacer battle-history"><br></div><div class="battle-history">Altaria used <strong>Roost</strong>!<br></div><div class="battle-history"><small>Altaria had its HP restored.</small><br></div><div class="battle-history"><small>(Altaria loses Flying type this turn.)</small><br></div><div class="spacer battle-history"><br></div><h2 class="battle-history">Turn 24</h2><div class="spacer battle-history"><br></div><div class="battle-history">Altaria, come back!<br></div><div class="battle-history">Go! <strong>Balleringue</strong>!<br></div><div class="spacer battle-history"><br></div><div class="battle-history">The opposing Gardevoir used <strong>Mystical Fire</strong>!<br></div><div class="battle-history"><small>It's super effective!</small><br></div><div class="battle-history"><small>(Balleringue lost 60% of its health!)</small><br></div><div class="spacer battle-history"><br></div><div class="battle-history">Balleringue fainted!<br></div><div class="chat message-error">SimpyShrimp has 240 seconds left.</div><div class="chat message-error">SimpyShrimp has 210 seconds left.</div><div class="spacer battle-history"><br></div><div class="battle-history">Go! <strong>Hocuspocus</strong>!<br></div><div class="spacer battle-history"><br></div><h2 class="battle-history">Turn 25</h2><div class="spacer battle-history"><br></div><div class="battle-history">Hematemesis withdrew Gardevoir!<br></div><div class="battle-history">Hematemesis sent out <strong>Hoobarn</strong>!<br></div><div class="spacer battle-history"><br></div><div class="battle-history">Hocuspocus used <strong>Shadow Ball</strong>!<br></div><div class="battle-history"><small>It doesn't affect the opposing Hoobarn...</small><br></div><div class="spacer battle-history"><br></div><div class="battle-history"><small>The opposing Hoobarn was hurt by its burn!</small><br></div><div class="spacer battle-history"><br></div><h2 class="battle-history">Turn 26</h2><div class="chat message-error">SimpyShrimp has 210 seconds left.</div><div class="chat message-error">SimpyShrimp has 180 seconds left.</div><div class="chat"><small> H2OPulse and  KeroseneZanchu joined</small></div><div class="spacer battle-history"><br></div><div class="battle-history">The opposing Hoobarn used <strong>Psycho Shift</strong>!<br></div><div class="battle-history"><small>Hocuspocus was burned!</small><br></div><div class="battle-history"><small>The opposing Hoobarn's burn was healed!</small><br></div><div class="spacer battle-history"><br></div><div class="battle-history">Hocuspocus used <strong>Ice Punch</strong>!<br></div><div class="battle-history"><small>It's super effective!</small><br></div><div class="battle-history"><small>(The opposing Hoobarn lost 16% of its health!)</small><br></div><div class="spacer battle-history"><br></div><div class="battle-history"><small>Hocuspocus was hurt by its burn!</small><br></div><div class="battle-history"><small>The opposing Hoobarn was burned!</small><br></div><div class="spacer battle-history"><br></div><h2 class="battle-history">Turn 27</h2><div class="spacer battle-history"><br></div><div class="battle-history">Hocuspocus, come back!<br></div><div class="battle-history">Go! <strong>Altaria</strong>!<br></div><div class="spacer battle-history"><br></div><div class="battle-history">The opposing Hoobarn used <strong>Hurricane</strong>!<br></div><div class="battle-history"><small>(Altaria lost 29% of its health!)</small><br></div><div class="battle-history"><small>Altaria became confused!</small><br></div><div class="spacer battle-history"><br></div><div class="battle-history"><small>The opposing Hoobarn was hurt by its burn!</small><br></div><div class="spacer battle-history"><br></div><h2 class="battle-history">Turn 28</h2><div class="spacer battle-history"><br></div><div class="battle-history">Altaria, come back!<br></div><div class="battle-history">Go! Malamar (<strong>Malamar-Variant</strong>)!<br></div><div class="spacer battle-history"><br></div><div class="battle-history">Hematemesis withdrew Hoobarn!<br></div><div class="battle-history">Hematemesis sent out <strong>Umbreon</strong>!<br></div><div class="spacer battle-history"><br></div><div class="battle-history"><small>Malamar restored a little HP using its Leftovers!</small><br></div><div class="battle-history"><small>Malamar was hurt by poison!</small><br></div><div class="spacer battle-history"><br></div><h2 class="battle-history">Turn 29</h2><div class="chat chatmessage-simpyshrimp"><strong style="color:#ae6819"><small>☆</small><span class="username" data-name="SimpyShrimp">SimpyShrimp</span>:</strong> <em>hoobarn</em></div><div class="chat chatmessage-simpyshrimp"><strong style="color:#ae6819"><small>☆</small><span class="username" data-name="SimpyShrimp">SimpyShrimp</span>:</strong> <em>is </em></div><div class="chat chatmessage-simpyshrimp"><strong style="color:#ae6819"><small>☆</small><span class="username" data-name="SimpyShrimp">SimpyShrimp</span>:</strong> <em>weird</em></div><div class="chat chatmessage-simpyshrimp"><strong style="color:#ae6819"><small>☆</small><span class="username" data-name="SimpyShrimp">SimpyShrimp</span>:</strong> <em>gg</em></div><div class="chat chatmessage-hematemesis"><strong style="color:#9412d5"><small>☆</small><span class="username" data-name="Hematemesis">Hematemesis</span>:</strong> <em>Meanie &gt;:(</em></div><div class="spacer battle-history"><br></div><div class="battle-history">Malamar, come back!<br></div><div class="battle-history">Go! <strong>Hocuspocus</strong>!<br></div><div class="spacer battle-history"><br></div><div class="battle-history">The opposing Umbreon used <strong>Wish</strong>!<br></div><div class="spacer battle-history"><br></div><div class="battle-history"><small>Hocuspocus was hurt by its burn!</small><br></div><div class="spacer battle-history"><br></div><h2 class="battle-history">Turn 30</h2><div class="chat chatmessage-hematemesis"><strong style="color:#9412d5"><small>☆</small><span class="username" data-name="Hematemesis">Hematemesis</span>:</strong> <em>ggs, although idt it's actually over yet</em></div><div class="spacer battle-history"><br></div><div class="battle-history">Hematemesis withdrew Umbreon!<br></div><div class="battle-history">Hematemesis sent out <strong>Steelix</strong>!<br></div><div class="spacer battle-history"><br></div><div class="battle-history">Hocuspocus used <strong>Drain Punch</strong>!<br></div><div class="battle-history"><small>It's super effective!</small><br></div><div class="battle-history"><small>(The opposing Steelix lost 14% of its health!)</small><br></div><div class="battle-history"><small>The opposing Steelix had its energy drained!</small><br></div><div class="spacer battle-history"><br></div><div class="battle-history"><small>Umbreon's wish came true!</small><br></div><div class="battle-history"><small>The opposing Steelix restored a little HP using its Leftovers!</small><br></div><div class="battle-history"><small>Hocuspocus was hurt by its burn!</small><br></div><div class="spacer battle-history"><br></div><h2 class="battle-history">Turn 31</h2><div class="chat chatmessage-simpyshrimp"><strong style="color:#ae6819"><small>☆</small><span class="username" data-name="SimpyShrimp">SimpyShrimp</span>:</strong> <em>no way to beat you</em></div><div class="chat chatmessage-simpyshrimp"><strong style="color:#ae6819"><small>☆</small><span class="username" data-name="SimpyShrimp">SimpyShrimp</span>:</strong> <em>statused</em></div><div class="chat chatmessage-simpyshrimp"><strong style="color:#ae6819"><small>☆</small><span class="username" data-name="SimpyShrimp">SimpyShrimp</span>:</strong> <em>anybody down for vgc?</em></div><div class="spacer battle-history"><br></div><div class="battle-history">Hocuspocus used <strong>Drain Punch</strong>!<br></div><div class="battle-history"><small>It's super effective!</small><br></div><div class="battle-history"><small>(The opposing Steelix lost 13% of its health!)</small><br></div><div class="battle-history"><small>The opposing Steelix had its energy drained!</small><br></div><div class="spacer battle-history"><br></div><div class="battle-history">The opposing Steelix used <strong>Heavy Slam</strong>!<br></div><div class="battle-history"><small>(Hocuspocus lost 100% of its health!)</small><br></div><div class="spacer battle-history"><br></div><div class="battle-history">Hocuspocus fainted!<br></div><div class="spacer battle-history"><br></div><div class="battle-history"><small>The opposing Steelix restored a little HP using its Leftovers!</small><br></div><div class="chat message-error">SimpyShrimp has 150 seconds left.</div><div class="chat message-error">SimpyShrimp has 120 seconds left.</div><div class="spacer battle-history"><br></div><div class="battle-history">Go! <strong>Coilrig</strong>!<br></div><div class="spacer battle-history"><br></div><h2 class="battle-history">Turn 32</h2><div class="spacer battle-history"><br></div><div class="battle-history">Coilrig used <strong>Coil</strong>!<br></div><div class="battle-history"><small>Coilrig's Attack rose!</small><br></div><div class="battle-history"><small>Coilrig's Defense rose!</small><br></div><div class="battle-history"><small>Coilrig's accuracy rose!</small><br></div><div class="spacer battle-history"><br></div><div class="battle-history">The opposing Steelix used <strong>Earthquake</strong>!<br></div><div class="battle-history"><small>It's super effective!</small><br></div><div class="battle-history"><small>(Coilrig lost 48% of its health!)</small><br></div><div class="spacer battle-history"><br></div><div class="battle-history"><small>Coilrig restored a little HP using its Leftovers!</small><br></div><div class="battle-history"><small>The opposing Steelix restored a little HP using its Leftovers!</small><br></div><div class="spacer battle-history"><br></div><h2 class="battle-history">Turn 33</h2><div class="spacer battle-history"><br></div><div class="battle-history">Coilrig used <strong>Earthquake</strong>!<br></div><div class="battle-history"><small>It's super effective!</small><br></div><div class="battle-history"><small>(The opposing Steelix lost 53% of its health!)</small><br></div><div class="spacer battle-history"><br></div><div class="battle-history">The opposing Steelix used <strong>Earthquake</strong>!<br></div><div class="battle-history"><small>It's super effective!</small><br></div><div class="battle-history"><small>(Coilrig lost 24% of its health!)</small><br></div><div class="spacer battle-history"><br></div><div class="battle-history">Coilrig fainted!<br></div><div class="spacer battle-history"><br></div><div class="battle-history"><small>The opposing Steelix restored a little HP using its Leftovers!</small><br></div><div class="spacer battle-history"><br></div><div class="battle-history">Go! Malamar (<strong>Malamar-Variant</strong>)!<br></div><div class="spacer battle-history"><br></div><h2 class="battle-history">Turn 34</h2><div class="spacer battle-history"><br></div><div class="battle-history">Malamar used <strong>Taunt</strong>!<br></div><div class="battle-history"><small>The opposing Steelix fell for the taunt!</small><br></div><div class="spacer battle-history"><br></div><div class="battle-history">The opposing Steelix used <strong>Body Press</strong>!<br></div><div class="battle-history"><small>It's super effective!</small><br></div><div class="battle-history"><small>(Malamar lost 64% of its health!)</small><br></div><div class="spacer battle-history"><br></div><div class="battle-history"><small>Malamar restored a little HP using its Leftovers!</small><br></div><div class="battle-history"><small>The opposing Steelix restored a little HP using its Leftovers!</small><br></div><div class="battle-history"><small>Malamar was hurt by poison!</small><br></div><div class="spacer battle-history"><br></div><h2 class="battle-history">Turn 35</h2><div class="chat message-error">SimpyShrimp has 150 seconds left.</div><div class="chat message-error">SimpyShrimp has 120 seconds left.</div><div class="chat message-error">SimpyShrimp has 90 seconds left.</div><div class="spacer battle-history"><br></div><div class="battle-history">Malamar used <strong>Knock Off</strong>!<br></div><div class="battle-history"><small>(The opposing Steelix lost 26% of its health!)</small><br></div><div class="battle-history"><small>Malamar knocked off the opposing Steelix's Leftovers!</small><br></div><div class="spacer battle-history"><br></div><div class="battle-history">The opposing Steelix used <strong>Heavy Slam</strong>!<br></div><div class="battle-history"><small>It's not very effective...</small><br></div><div class="battle-history"><small>(Malamar lost 27% of its health!)</small><br></div><div class="spacer battle-history"><br></div><div class="battle-history"><small>Malamar restored a little HP using its Leftovers!</small><br></div><div class="battle-history"><small>Malamar was hurt by poison!</small><br></div><div class="spacer battle-history"><br></div><div class="battle-history">Malamar fainted!<br></div><div class="spacer battle-history"><br></div><div class="battle-history">Go! <strong>Altaria</strong>!<br></div><div class="spacer battle-history"><br></div><h2 class="battle-history">Turn 36</h2><div class="spacer battle-history"><br></div><div class="battle-history">Altaria used <strong>Earthquake</strong>!<br></div><div class="battle-history"><small>It's super effective!</small><br></div><div class="battle-history"><small>(The opposing Steelix lost 19% of its health!)</small><br></div><div class="spacer battle-history"><br></div><div class="battle-history">The opposing Steelix used <strong>Heavy Slam</strong>!<br></div><div class="battle-history"><small>(Altaria lost 39% of its health!)</small><br></div><div class="spacer battle-history"><br></div><div class="battle-history"><small>The opposing Steelix shook off the taunt!</small><br></div><div class="spacer battle-history"><br></div><h2 class="battle-history">Turn 37</h2><div class="spacer battle-history"><br></div><div class="battle-history">Hematemesis withdrew Steelix!<br></div><div class="battle-history">Hematemesis sent out <strong>Carnivenom</strong>!<br></div><div class="spacer battle-history"><br></div><div class="battle-history">Altaria used <strong>Earthquake</strong>!<br></div><div class="battle-history">[The opposing Carnivenom's Levitate]<br><small>It doesn't affect the opposing Carnivenom...</small><br></div><div class="spacer battle-history"><br></div><h2 class="battle-history">Turn 38</h2><div class="spacer battle-history"><br></div><div class="battle-history">Altaria used <strong>Dual Wingbeat</strong>!<br></div><div class="battle-history"><small>It's super effective!</small><br></div><div class="battle-history"><small>(The opposing Carnivenom lost 21% of its health!)</small><br></div><div class="battle-history"><small>It's super effective!</small><br></div><div class="battle-history"><small>(The opposing Carnivenom lost 22% of its health!)</small><br></div><div class="battle-history"><small>The Pokémon was hit 2 times!</small><br></div><div class="spacer battle-history"><br></div><div class="battle-history">The opposing Carnivenom used <strong>Leech Seed</strong>!<br></div><div class="battle-history"><small>Altaria was seeded!</small><br></div><div class="spacer battle-history"><br></div><div class="battle-history"><small>Altaria's health is sapped by Leech Seed!</small><br></div><div class="spacer battle-history"><br></div><h2 class="battle-history">Turn 39</h2><div class="spacer battle-history"><br></div><div class="battle-history"><small>SimpyShrimp forfeited.</small><br></div><div class="spacer battle-history"><br></div><div class="battle-history"><strong>Hematemesis</strong> won the battle!<br></div><div class="chat"><small>☆SimpyShrimp left</small></div><div class="chat chatmessage-hematemesis"><strong style="color:#9412d5"><small>☆</small><span class="username" data-name="Hematemesis">Hematemesis</span>:</strong> <em>ggs</em></div><div class="chat"><small>☆Hematemesis left</small></div></div><div class="inner-preempt message-log"></div></div></div>
</div>
<script>
let daily = Math.floor(Date.now()/1000/60/60/24);document.write('<script src="https://dragonheaven.herokuapp.com/js/replay-embed.js?version'+daily+'"></'+'script>');
</script>
