<!DOCTYPE html>
<meta charset="utf-8" />
<!-- version 1 -->
<title>[Gen 8] Evolution Project replay: Violettes vs. god of joe</title>
<style>
html,body {font-family:Verdana, sans-serif;font-size:10pt;margin:0;padding:0;}body{padding:12px 0;} .battle-log {font-family:Verdana, sans-serif;font-size:10pt;} .battle-log-inline {border:1px solid #AAAAAA;background:#EEF2F5;color:black;max-width:640px;margin:0 auto 80px;padding-bottom:5px;} .battle-log .inner {padding:4px 8px 0px 8px;} .battle-log .inner-preempt {padding:0 8px 4px 8px;} .battle-log .inner-after {margin-top:0.5em;} .battle-log h2 {margin:0.5em -8px;padding:4px 8px;border:1px solid #AAAAAA;background:#E0E7EA;border-left:0;border-right:0;font-family:Verdana, sans-serif;font-size:13pt;} .battle-log .chat {vertical-align:middle;padding:3px 0 3px 0;font-size:8pt;} .battle-log .chat strong {color:#40576A;} .battle-log .chat em {padding:1px 4px 1px 3px;color:#000000;font-style:normal;} .chat.mine {background:rgba(0,0,0,0.05);margin-left:-8px;margin-right:-8px;padding-left:8px;padding-right:8px;} .spoiler {color:#BBBBBB;background:#BBBBBB;padding:0px 3px;} .spoiler:hover, .spoiler:active, .spoiler-shown {color:#000000;background:#E2E2E2;padding:0px 3px;} .spoiler a {color:#BBBBBB;} .spoiler:hover a, .spoiler:active a, .spoiler-shown a {color:#2288CC;} .chat code, .chat .spoiler:hover code, .chat .spoiler:active code, .chat .spoiler-shown code {border:1px solid #C0C0C0;background:#EEEEEE;color:black;padding:0 2px;} .chat .spoiler code {border:1px solid #CCCCCC;background:#CCCCCC;color:#CCCCCC;} .battle-log .rated {padding:3px 4px;} .battle-log .rated strong {color:white;background:#89A;padding:1px 4px;border-radius:4px;} .spacer {margin-top:0.5em;} .message-announce {background:#6688AA;color:white;padding:1px 4px 2px;} .message-announce a, .broadcast-green a, .broadcast-blue a, .broadcast-red a {color:#DDEEFF;} .broadcast-green {background-color:#559955;color:white;padding:2px 4px;} .broadcast-blue {background-color:#6688AA;color:white;padding:2px 4px;} .infobox {border:1px solid #6688AA;padding:2px 4px;} .infobox-limited {max-height:200px;overflow:auto;overflow-x:hidden;} .broadcast-red {background-color:#AA5544;color:white;padding:2px 4px;} .message-learn-canlearn {font-weight:bold;color:#228822;text-decoration:underline;} .message-learn-cannotlearn {font-weight:bold;color:#CC2222;text-decoration:underline;} .message-effect-weak {font-weight:bold;color:#CC2222;} .message-effect-resist {font-weight:bold;color:#6688AA;} .message-effect-immune {font-weight:bold;color:#666666;} .message-learn-list {margin-top:0;margin-bottom:0;} .message-throttle-notice, .message-error {color:#992222;} .message-overflow, .chat small.message-overflow {font-size:0pt;} .message-overflow::before {font-size:9pt;content:'...';} .subtle {color:#3A4A66;}
</style>
<div class="wrapper replay-wrapper" style="max-width:1180px;margin:0 auto">
<input type="hidden" name="replayid" value="dragonheaven-gen8evolutionproject-54" />
<div class="battle"></div><div class="battle-log"></div><div class="replay-controls"></div><div class="replay-controls-2"></div>
<h1 style="font-weight:normal;text-align:center"><strong>[Gen 8] Evolution Project</strong><br /><a href="http://pokemonshowdown.com/users/violettes" class="subtle" target="_blank">Violettes</a> vs. <a href="http://pokemonshowdown.com/users/godofjoe" class="subtle" target="_blank">god of joe</a></h1>
<script type="text/plain" class="battle-log-data">|j|☆Violettes
|j|☆god of joe
|t:|1658359196
|player|p1|Violettes|furisodegirl-pink|
|player|p2|god of joe|caitlin|
|teamsize|p1|6
|teamsize|p2|6
|gametype|singles
|gen|8
|tier|[Gen 8] Evolution Project
|clearpoke
|poke|p1|Endurow, F|
|poke|p1|Bafflack, M|
|poke|p1|Ludicolo-Ultra, F|
|poke|p1|Excadrill-Hisui, M|
|poke|p1|Bronzong|
|poke|p1|Sylveon, M|
|poke|p2|Skiversnow, F|
|poke|p2|Sandslash-Alola, M|
|poke|p2|Falinks-Terracotta, F|
|poke|p2|Rotom-Wash|
|poke|p2|Nown, F|
|poke|p2|Dusglow, F|
|rule|HP Percentage Mod: HP is shown in percentages
|rule|Endless Battle Clause: Forcing endless battles is banned
|rule|OHKO Clause: OHKO moves are banned
|rule|Evasion Moves Clause: Evasion moves are banned
|rule|Species Clause: Limit one of each Pokémon
|rule|Dynamax Clause: You cannot dynamax
|rule|Sleep Clause Mod: Limit one foe put to sleep
|rule|Z-Move Clause: Type-based Z-Moves are banned
|teampreview
|j|~inkbug1

|
|t:|1658359226
|start
|switch|p1a: Skyward|Endurow, F|100\/100
|switch|p2a: Nown|Nown, F|100\/100
|-start|p1a: Skyward|typechange|Flying|[silent]
|raw|<ul class="utilichart"><li class="result"><span class="col pokemonnamecol" style="white-space: nowrap">Endurow<\/span> <span class="col typecol"><img src="https:\/\/dragonheaven.herokuapp.com\/sprites\/types\/Flying.png" alt="Flying" height="14" width="32"><\/span> <span style="float: left ; min-height: 26px"><span class="col abilitycol">Stamina \/ Sniper<\/span><span class="col abilitycol"><\/span><\/span><\/li><li style="clear: both"><\/li><\/ul>
|raw|<ul class="utilichart"><li class="result"><span style="float: left ; min-height: 26px"><span class="col statcol"><em>HP<\/em><br>82<\/span> <span class="col statcol"><em>Atk<\/em><br>110<\/span> <span class="col statcol"><em>Def<\/em><br>65<\/span> <span class="col statcol"><em>SpA<\/em><br>61<\/span> <span class="col statcol"><em>SpD<\/em><br>61<\/span> <span class="col statcol"><em>Spe<\/em><br>118<\/span> <\/span><\/li><li style="clear: both"><\/li><\/ul>
|-hint|Endurow was created by Violet!
|-start|p2a: Nown|typechange|Psychic|[silent]
|raw|<ul class="utilichart"><li class="result"><span class="col pokemonnamecol" style="white-space: nowrap">Nown<\/span> <span class="col typecol"><img src="https:\/\/dragonheaven.herokuapp.com\/sprites\/types\/Psychic.png" alt="Psychic" height="14" width="32"><\/span> <span style="float: left ; min-height: 26px"><span class="col abilitycol">Protean<\/span><span class="col abilitycol"><\/span><\/span><\/li><li style="clear: both"><\/li><\/ul>
|raw|<ul class="utilichart"><li class="result"><span style="float: left ; min-height: 26px"><span class="col statcol"><em>HP<\/em><br>108<\/span> <span class="col statcol"><em>Atk<\/em><br>91<\/span> <span class="col statcol"><em>Def<\/em><br>28<\/span> <span class="col statcol"><em>SpA<\/em><br>132<\/span> <span class="col statcol"><em>SpD<\/em><br>23<\/span> <span class="col statcol"><em>Spe<\/em><br>98<\/span> <\/span><\/li><li style="clear: both"><\/li><\/ul>
|-hint|Nown was created by abismal!
|turn|1
|
|t:|1658359268
|switch|p2a: Rotom|Rotom-Wash|100\/100
|move|p1a: Skyward|Brave Bird|p2a: Rotom
|-resisted|p2a: Rotom
|-damage|p2a: Rotom|73\/100
|-damage|p1a: Skyward|91\/100|[from] Recoil
|
|-heal|p2a: Rotom|79\/100|[from] item: Leftovers
|upkeep
|turn|2
|
|t:|1658359282
|switch|p1a: Trans rights!|Sylveon, M|100\/100
|move|p2a: Rotom|Volt Switch|p1a: Trans rights!
|-damage|p1a: Trans rights!|87\/100
|
|t:|1658359295
|switch|p2a: Skiversnow|Skiversnow, F|100\/100|[from]move: Volt Switch
|-start|p2a: Skiversnow|typechange|Grass\/Ice|[silent]
|raw|<ul class="utilichart"><li class="result"><span class="col pokemonnamecol" style="white-space: nowrap">Skiversnow<\/span> <span class="col typecol"><img src="https:\/\/dragonheaven.herokuapp.com\/sprites\/types\/Grass.png" alt="Grass" height="14" width="32"><img src="https:\/\/dragonheaven.herokuapp.com\/sprites\/types\/Ice.png" alt="Ice" height="14" width="32"><\/span> <span style="float: left ; min-height: 26px"><span class="col abilitycol">Snow Warning \/ Pressure<\/span><span class="col abilitycol"><\/span><\/span><\/li><li style="clear: both"><\/li><\/ul>
|raw|<ul class="utilichart"><li class="result"><span style="float: left ; min-height: 26px"><span class="col statcol"><em>HP<\/em><br>90<\/span> <span class="col statcol"><em>Atk<\/em><br>92<\/span> <span class="col statcol"><em>Def<\/em><br>55<\/span> <span class="col statcol"><em>SpA<\/em><br>92<\/span> <span class="col statcol"><em>SpD<\/em><br>65<\/span> <span class="col statcol"><em>Spe<\/em><br>100<\/span> <\/span><\/li><li style="clear: both"><\/li><\/ul>
|-hint|Skiversnow was created by ausma!
|-weather|Hail|[from] ability: Snow Warning|[of] p2a: Skiversnow
|
|-weather|Hail|[upkeep]
|-damage|p1a: Trans rights!|80\/100|[from] Hail
|-heal|p1a: Trans rights!|87\/100|[from] item: Leftovers
|upkeep
|turn|3
|
|t:|1658359316
|move|p2a: Skiversnow|U-turn|p1a: Trans rights!
|-resisted|p1a: Trans rights!
|-damage|p1a: Trans rights!|77\/100
|
|t:|1658359321
|switch|p2a: Sandslash|Sandslash-Alola, M|100\/100|[from]move: U-turn
|move|p1a: Trans rights!|Wish|p1a: Trans rights!
|
|-weather|Hail|[upkeep]
|-damage|p1a: Trans rights!|71\/100|[from] Hail
|-heal|p1a: Trans rights!|77\/100|[from] item: Leftovers
|upkeep
|turn|4
|
|t:|1658359347
|move|p2a: Sandslash|Swords Dance|p2a: Sandslash
|-boost|p2a: Sandslash|atk|2
|move|p1a: Trans rights!|Hyper Voice|p2a: Sandslash
|-resisted|p2a: Sandslash
|-damage|p2a: Sandslash|68\/100
|
|-weather|Hail|[upkeep]
|-damage|p1a: Trans rights!|71\/100|[from] Hail
|-heal|p1a: Trans rights!|100\/100|[from] move: Wish|[wisher] Trans rights!
|-heal|p2a: Sandslash|74\/100|[from] item: Leftovers
|upkeep
|turn|5
|
|t:|1658359360
|move|p1a: Trans rights!|Protect|p1a: Trans rights!
|-singleturn|p1a: Trans rights!|Protect
|move|p2a: Sandslash|Triple Axel|p1a: Trans rights!
|-activate|p1a: Trans rights!|move: Protect
|
|-weather|Hail|[upkeep]
|-damage|p1a: Trans rights!|94\/100|[from] Hail
|-heal|p2a: Sandslash|80\/100|[from] item: Leftovers
|-heal|p1a: Trans rights!|100\/100|[from] item: Leftovers
|upkeep
|turn|6
|
|t:|1658359368
|switch|p1a: Echoes|Bronzong|100\/100
|move|p2a: Sandslash|Triple Axel|p1a: Echoes
|-resisted|p1a: Echoes
|-damage|p1a: Echoes|93\/100
|-resisted|p1a: Echoes
|-damage|p1a: Echoes|80\/100
|-resisted|p1a: Echoes
|-crit|p1a: Echoes
|-damage|p1a: Echoes|50\/100
|-hitcount|p1a: Echoes|3
|
|-weather|none
|-heal|p2a: Sandslash|86\/100|[from] item: Leftovers
|-heal|p1a: Echoes|56\/100|[from] item: Leftovers
|upkeep
|turn|7
|
|t:|1658359380
|switch|p2a: Rotom|Rotom-Wash|79\/100
|move|p1a: Echoes|Flash Cannon|p2a: Rotom
|-resisted|p2a: Rotom
|-damage|p2a: Rotom|73\/100
|
|-heal|p2a: Rotom|79\/100|[from] item: Leftovers
|-heal|p1a: Echoes|62\/100|[from] item: Leftovers
|upkeep
|turn|8
|
|t:|1658359386
|move|p2a: Rotom|Volt Switch|p1a: Echoes
|-damage|p1a: Echoes|41\/100
|
|t:|1658359391
|switch|p2a: Dusglow|Dusglow, F|100\/100|[from]move: Volt Switch
|-start|p2a: Dusglow|typechange|Ghost\/Fairy|[silent]
|raw|<ul class="utilichart"><li class="result"><span class="col pokemonnamecol" style="white-space: nowrap">Dusglow<\/span> <span class="col typecol"><img src="https:\/\/dragonheaven.herokuapp.com\/sprites\/types\/Ghost.png" alt="Ghost" height="14" width="32"><img src="https:\/\/dragonheaven.herokuapp.com\/sprites\/types\/Fairy.png" alt="Fairy" height="14" width="32"><\/span> <span style="float: left ; min-height: 26px"><span class="col abilitycol">Pressure \/ Wandering Spirit<\/span><span class="col abilitycol"><\/span><\/span><\/li><li style="clear: both"><\/li><\/ul>
|raw|<ul class="utilichart"><li class="result"><span style="float: left ; min-height: 26px"><span class="col statcol"><em>HP<\/em><br>45<\/span> <span class="col statcol"><em>Atk<\/em><br>85<\/span> <span class="col statcol"><em>Def<\/em><br>105<\/span> <span class="col statcol"><em>SpA<\/em><br>115<\/span> <span class="col statcol"><em>SpD<\/em><br>105<\/span> <span class="col statcol"><em>Spe<\/em><br>70<\/span> <\/span><\/li><li style="clear: both"><\/li><\/ul>
|-hint|Dusglow was created by Violet!
|move|p1a: Echoes|Toxic|p2a: Dusglow
|-status|p2a: Dusglow|tox
|
|-heal|p1a: Echoes|48\/100|[from] item: Leftovers
|-damage|p2a: Dusglow|94\/100 tox|[from] psn
|upkeep
|turn|9
|
|t:|1658359410
|move|p2a: Dusglow|Shadow Ball|p1a: Echoes
|-supereffective|p1a: Echoes
|-damage|p1a: Echoes|0 fnt
|faint|p1a: Echoes
|
|-heal|p2a: Dusglow|100\/100 tox|[from] item: Leftovers
|-damage|p2a: Dusglow|88\/100 tox|[from] psn
|upkeep
|
|t:|1658359436
|switch|p1a: The Funny|Bafflack, M|100\/100
|-start|p1a: The Funny|typechange|Water|[silent]
|raw|<ul class="utilichart"><li class="result"><span class="col pokemonnamecol" style="white-space: nowrap">Bafflack<\/span> <span class="col typecol"><img src="https:\/\/dragonheaven.herokuapp.com\/sprites\/types\/Water.png" alt="Water" height="14" width="32"><\/span> <span style="float: left ; min-height: 26px"><span class="col abilitycol">Psychic Surge \/ Cloud Nine \/ Pure Power<\/span><span class="col abilitycol"><\/span><\/span><\/li><li style="clear: both"><\/li><\/ul>
|raw|<ul class="utilichart"><li class="result"><span style="float: left ; min-height: 26px"><span class="col statcol"><em>HP<\/em><br>80<\/span> <span class="col statcol"><em>Atk<\/em><br>69<\/span> <span class="col statcol"><em>Def<\/em><br>18<\/span> <span class="col statcol"><em>SpA<\/em><br>135<\/span> <span class="col statcol"><em>SpD<\/em><br>110<\/span> <span class="col statcol"><em>Spe<\/em><br>105<\/span> <\/span><\/li><li style="clear: both"><\/li><\/ul>
|-hint|Bafflack was created by KeroseneZanchu!
|turn|10
|
|t:|1658359452
|switch|p2a: Skiversnow|Skiversnow, F|100\/100
|-start|p2a: Skiversnow|typechange|Grass\/Ice|[silent]
|-weather|Hail|[from] ability: Snow Warning|[of] p2a: Skiversnow
|move|p1a: The Funny|Flip Turn|p2a: Skiversnow
|-resisted|p2a: Skiversnow
|-damage|p2a: Skiversnow|51\/100
|
|t:|1658359461
|switch|p1a: Kupua|Ludicolo-Ultra, F|100\/100|[from]move: Flip Turn
|-start|p1a: Kupua|typechange|Fire\/Grass|[silent]
|raw|<ul class="utilichart"><li class="result"><span class="col pokemonnamecol" style="white-space: nowrap">Ludicolo-Ultra<\/span> <span class="col typecol"><img src="https:\/\/dragonheaven.herokuapp.com\/sprites\/types\/Fire.png" alt="Fire" height="14" width="32"><img src="https:\/\/dragonheaven.herokuapp.com\/sprites\/types\/Grass.png" alt="Grass" height="14" width="32"><\/span> <span style="float: left ; min-height: 26px"><span class="col abilitycol">Lava Flow \/ Vital Spirit \/ Beast Boost<\/span><span class="col abilitycol"><\/span><\/span><\/li><li style="clear: both"><\/li><\/ul>
|raw|<ul class="utilichart"><li class="result"><span style="float: left ; min-height: 26px"><span class="col statcol"><em>HP<\/em><br>79<\/span> <span class="col statcol"><em>Atk<\/em><br>71<\/span> <span class="col statcol"><em>Def<\/em><br>53<\/span> <span class="col statcol"><em>SpA<\/em><br>107<\/span> <span class="col statcol"><em>SpD<\/em><br>97<\/span> <span class="col statcol"><em>Spe<\/em><br>73<\/span> <\/span><\/li><li style="clear: both"><\/li><\/ul>
|-hint|Ludicolo-Ultra was created by Violet!
|-start|p1a: Kupua|typechange|Fire\/Grass|[silent]
|
|-weather|Hail|[upkeep]
|-damage|p1a: Kupua|94\/100|[from] Hail
|upkeep
|turn|11
|j|+H2OPulse
|
|t:|1658359490
|move|p2a: Skiversnow|Blizzard|p1a: Kupua
|-damage|p1a: Kupua|54\/100
|move|p1a: Kupua|Fiery Dance|p2a: Skiversnow
|-supereffective|p2a: Skiversnow
|-damage|p2a: Skiversnow|0 fnt
|faint|p2a: Skiversnow
|-ability|p1a: Kupua|Beast Boost|boost
|-boost|p1a: Kupua|spa|1
|
|-weather|Hail|[upkeep]
|-damage|p1a: Kupua|48\/100|[from] Hail
|upkeep
|j|+abismal
|
|t:|1658359504
|switch|p2a: Nown|Nown, F|100\/100
|-start|p2a: Nown|typechange|Psychic|[silent]
|turn|12
|
|t:|1658359511
|move|p2a: Nown|Hidden Power|p1a: Kupua
|-start|p2a: Nown|typechange|Ground|[from] ability: Protean
|-crit|p1a: Kupua
|-damage|p1a: Kupua|0 fnt
|-damage|p2a: Nown|91\/100|[from] item: Life Orb
|faint|p1a: Kupua
|
|-weather|Hail|[upkeep]
|-damage|p2a: Nown|85\/100|[from] Hail
|upkeep
|
|t:|1658359531
|switch|p1a: Tremor Terror|Excadrill-Hisui, M|100\/100
|-start|p1a: Tremor Terror|typechange|Ground\/Normal|[silent]
|raw|<ul class="utilichart"><li class="result"><span class="col pokemonnamecol" style="white-space: nowrap">Excadrill-Hisui<\/span> <span class="col typecol"><img src="https:\/\/dragonheaven.herokuapp.com\/sprites\/types\/Ground.png" alt="Ground" height="14" width="32"><img src="https:\/\/dragonheaven.herokuapp.com\/sprites\/types\/Normal.png" alt="Normal" height="14" width="32"><\/span> <span style="float: left ; min-height: 26px"><span class="col abilitycol">Centrifuge \/ Sand Force \/ Technician<\/span><span class="col abilitycol"><\/span><\/span><\/li><li style="clear: both"><\/li><\/ul>
|raw|<ul class="utilichart"><li class="result"><span style="float: left ; min-height: 26px"><span class="col statcol"><em>HP<\/em><br>110<\/span> <span class="col statcol"><em>Atk<\/em><br>135<\/span> <span class="col statcol"><em>Def<\/em><br>60<\/span> <span class="col statcol"><em>SpA<\/em><br>50<\/span> <span class="col statcol"><em>SpD<\/em><br>65<\/span> <span class="col statcol"><em>Spe<\/em><br>88<\/span> <\/span><\/li><li style="clear: both"><\/li><\/ul>
|-hint|Excadrill-Hisui was created by ausma!
|turn|13
|
|t:|1658359539
|move|p2a: Nown|Weather Ball|p1a: Tremor Terror
|-start|p2a: Nown|typechange|Ice|[from] ability: Protean
|-supereffective|p1a: Tremor Terror
|-damage|p1a: Tremor Terror|0 fnt
|-damage|p2a: Nown|75\/100|[from] item: Life Orb
|faint|p1a: Tremor Terror
|
|-weather|Hail|[upkeep]
|upkeep
|
|t:|1658359549
|switch|p1a: Trans rights!|Sylveon, M|100\/100
|turn|14
|c|+abismal|special mamoswine
|
|t:|1658359554
|move|p2a: Nown|Guard Split|p1a: Trans rights!
|-start|p2a: Nown|typechange|Psychic|[from] ability: Protean
|-activate|p2a: Nown|move: Guard Split|[of] p1a: Trans rights!
|move|p1a: Trans rights!|Wish|p1a: Trans rights!
|
|-weather|none
|upkeep
|turn|15
|
|t:|1658359571
|move|p2a: Nown|Nature Power|p1a: Trans rights!
|-start|p2a: Nown|typechange|Normal|[from] ability: Protean
|move|p2a: Nown|Tri Attack|p1a: Trans rights!|[from]move: Nature Power
|-damage|p1a: Trans rights!|53\/100
|-status|p1a: Trans rights!|frz
|-damage|p2a: Nown|65\/100|[from] item: Life Orb
|cant|p1a: Trans rights!|frz
|
|-heal|p1a: Trans rights!|100\/100 frz|[from] move: Wish|[wisher] Trans rights!
|upkeep
|turn|16
|
|t:|1658359583
|move|p2a: Nown|Nature Power|p1a: Trans rights!
|move|p2a: Nown|Tri Attack|p1a: Trans rights!|[from]move: Nature Power
|-damage|p1a: Trans rights!|46\/100 frz
|-damage|p2a: Nown|55\/100|[from] item: Life Orb
|-curestatus|p1a: Trans rights!|frz|[msg]
|move|p1a: Trans rights!|Wish|p1a: Trans rights!
|
|-heal|p1a: Trans rights!|52\/100|[from] item: Leftovers
|upkeep
|turn|17
|
|t:|1658359606
|move|p1a: Trans rights!|Protect|p1a: Trans rights!
|-singleturn|p1a: Trans rights!|Protect
|move|p2a: Nown|Nature Power|p1a: Trans rights!
|move|p2a: Nown|Tri Attack|p1a: Trans rights!|[from]move: Nature Power
|-activate|p1a: Trans rights!|move: Protect
|
|-heal|p1a: Trans rights!|100\/100|[from] move: Wish|[wisher] Trans rights!
|upkeep
|turn|18
|
|t:|1658359613
|move|p2a: Nown|Nature Power|p1a: Trans rights!
|move|p2a: Nown|Tri Attack|p1a: Trans rights!|[from]move: Nature Power
|-damage|p1a: Trans rights!|53\/100
|-damage|p2a: Nown|45\/100|[from] item: Life Orb
|move|p1a: Trans rights!|Wish|p1a: Trans rights!
|
|-heal|p1a: Trans rights!|59\/100|[from] item: Leftovers
|upkeep
|turn|19
|
|t:|1658359627
|move|p2a: Nown|Guard Split|p1a: Trans rights!
|-start|p2a: Nown|typechange|Psychic|[from] ability: Protean
|-activate|p2a: Nown|move: Guard Split|[of] p1a: Trans rights!
|move|p1a: Trans rights!|Hyper Voice|p2a: Nown
|-damage|p2a: Nown|4\/100
|
|-heal|p1a: Trans rights!|100\/100|[from] move: Wish|[wisher] Trans rights!
|upkeep
|turn|20
|
|t:|1658359641
|move|p2a: Nown|Nature Power|p1a: Trans rights!
|-start|p2a: Nown|typechange|Normal|[from] ability: Protean
|move|p2a: Nown|Tri Attack|p1a: Trans rights!|[from]move: Nature Power
|-damage|p1a: Trans rights!|53\/100
|-damage|p2a: Nown|0 fnt|[from] item: Life Orb
|faint|p2a: Nown
|move|p1a: Trans rights!|Wish|p1a: Trans rights!
|
|-heal|p1a: Trans rights!|59\/100|[from] item: Leftovers
|upkeep
|
|t:|1658359650
|switch|p2a: Sandslash|Sandslash-Alola, M|86\/100
|turn|21
|
|t:|1658359675
|switch|p1a: Skyward|Endurow, F|91\/100
|-start|p1a: Skyward|typechange|Flying|[silent]
|move|p2a: Sandslash|Swords Dance|p2a: Sandslash
|-boost|p2a: Sandslash|atk|2
|
|-heal|p1a: Skyward|100\/100|[from] move: Wish|[wisher] Trans rights!
|-heal|p2a: Sandslash|92\/100|[from] item: Leftovers
|upkeep
|turn|22
|
|t:|1658359718
|move|p1a: Skyward|Drill Run|p2a: Sandslash
|-supereffective|p2a: Sandslash
|-damage|p2a: Sandslash|44\/100
|move|p2a: Sandslash|Rapid Spin|p1a: Skyward
|-damage|p1a: Skyward|49\/100
|-boost|p2a: Sandslash|spe|1
|-ability|p1a: Skyward|Stamina|boost
|-boost|p1a: Skyward|def|1
|
|-heal|p2a: Sandslash|50\/100|[from] item: Leftovers
|upkeep
|turn|23
|
|t:|1658359749
|move|p1a: Skyward|Roost|p1a: Skyward
|-heal|p1a: Skyward|99\/100
|-singleturn|p1a: Skyward|move: Roost
|move|p2a: Sandslash|Triple Axel|p1a: Skyward
|-damage|p1a: Skyward|79\/100
|-ability|p1a: Skyward|Stamina|boost
|-boost|p1a: Skyward|def|1
|-damage|p1a: Skyward|50\/100
|-ability|p1a: Skyward|Stamina|boost
|-boost|p1a: Skyward|def|1
|-damage|p1a: Skyward|13\/100
|-ability|p1a: Skyward|Stamina|boost
|-boost|p1a: Skyward|def|1
|-hitcount|p1a: Skyward|3
|
|-heal|p2a: Sandslash|57\/100|[from] item: Leftovers
|upkeep
|turn|24
|
|t:|1658359767
|move|p1a: Skyward|Roost|p1a: Skyward
|-heal|p1a: Skyward|63\/100
|-singleturn|p1a: Skyward|move: Roost
|move|p2a: Sandslash|Swords Dance|p2a: Sandslash
|-boost|p2a: Sandslash|atk|2
|
|-heal|p2a: Sandslash|63\/100|[from] item: Leftovers
|upkeep
|turn|25
|
|t:|1658359778
|move|p1a: Skyward|Drill Run|p2a: Sandslash
|-supereffective|p2a: Sandslash
|-damage|p2a: Sandslash|12\/100
|move|p2a: Sandslash|Triple Axel|p1a: Skyward
|-supereffective|p1a: Skyward
|-damage|p1a: Skyward|31\/100
|-ability|p1a: Skyward|Stamina|boost
|-boost|p1a: Skyward|def|1
|-supereffective|p1a: Skyward
|-crit|p1a: Skyward
|-damage|p1a: Skyward|0 fnt
|-hitcount|p1a: Skyward|2
|faint|p1a: Skyward
|
|-heal|p2a: Sandslash|18\/100|[from] item: Leftovers
|upkeep
|
|t:|1658359785
|switch|p1a: The Funny|Bafflack, M|100\/100
|-start|p1a: The Funny|typechange|Water|[silent]
|turn|26
|
|t:|1658359789
|move|p2a: Sandslash|Earthquake|p1a: The Funny
|-damage|p1a: The Funny|0 fnt
|faint|p1a: The Funny
|
|-heal|p2a: Sandslash|24\/100|[from] item: Leftovers
|upkeep
|
|t:|1658359792
|switch|p1a: Trans rights!|Sylveon, M|59\/100
|turn|27
|
|t:|1658359796
|move|p2a: Sandslash|Earthquake|p1a: Trans rights!
|-damage|p1a: Trans rights!|0 fnt
|faint|p1a: Trans rights!
|
|win|god of joe</script>
</div>
<div class="battle-log battle-log-inline"><div class="inner"><div class="battle-options"><div style="padding-top: 3px; padding-right: 3px; text-align: right"><button class="icon button" name="openBattleOptions" title="Options">Battle Options</button></div></div><div class="inner message-log"><div class="chat"><small>☆Violettes and ☆god of joe joined</small></div><div class=""><small>Format:</small> <br><strong>[Gen 8] Evolution Project</strong></div><div class=""><small><em>HP Percentage Mod:</em> HP is shown in percentages</small></div><div class=""><small><em>Endless Battle Clause:</em> Forcing endless battles is banned</small></div><div class=""><small><em>OHKO Clause:</em> OHKO moves are banned</small></div><div class=""><small><em>Evasion Moves Clause:</em> Evasion moves are banned</small></div><div class=""><small><em>Species Clause:</em> Limit one of each Pokémon</small></div><div class=""><small><em>Dynamax Clause:</em> You cannot dynamax</small></div><div class=""><small><em>Sleep Clause Mod:</em> Limit one foe put to sleep</small></div><div class=""><small><em>Z-Move Clause:</em> Type-based Z-Moves are banned</small></div><div class="chat battle-history"><strong>Violettes's team:</strong> <em style="color:#445566;display:block;">Endurow / Bafflack / Ludicolo-Ultra / Excadrill-Hisui / Bronzong / Sylveon</em></div><div class="chat battle-history"><strong>god of joe's team:</strong> <em style="color:#445566;display:block;">Skiversnow / Sandslash-Alola / Falinks-Terracotta / Rotom-Wash / Nown / Dusglow</em></div><div class="chat"><small>~inkbug1 joined</small></div><div class="spacer battle-history"><br></div><div class="battle-history">Battle started between Violettes and god of joe!<br></div><div class="spacer battle-history"><br></div><div class="battle-history">Go! Skyward (<strong>Endurow</strong>)!<br></div><div class="spacer battle-history"><br></div><div class="battle-history">god of joe sent out <strong>Nown</strong>!<br></div><div class="chat"><ul class="utilichart"><li class="result"><span class="col pokemonnamecol" style="white-space: nowrap">Endurow</span> <span class="col typecol"><img src="https://dragonheaven.herokuapp.com/sprites/types/Flying.png" alt="Flying" height="14" width="32"></span> <span style="float: left ; min-height: 26px"><span class="col abilitycol">Stamina / Sniper</span><span class="col abilitycol"></span></span></li><li style="clear: both"></li></ul></div><div class="chat"><ul class="utilichart"><li class="result"><span style="float: left ; min-height: 26px"><span class="col statcol"><em>HP</em><br>82</span> <span class="col statcol"><em>Atk</em><br>110</span> <span class="col statcol"><em>Def</em><br>65</span> <span class="col statcol"><em>SpA</em><br>61</span> <span class="col statcol"><em>SpD</em><br>61</span> <span class="col statcol"><em>Spe</em><br>118</span> </span></li><li style="clear: both"></li></ul></div><div class="battle-history"><small>(Endurow was created by Violet!)</small><br></div><div class="chat"><ul class="utilichart"><li class="result"><span class="col pokemonnamecol" style="white-space: nowrap">Nown</span> <span class="col typecol"><img src="https://dragonheaven.herokuapp.com/sprites/types/Psychic.png" alt="Psychic" height="14" width="32"></span> <span style="float: left ; min-height: 26px"><span class="col abilitycol">Protean</span><span class="col abilitycol"></span></span></li><li style="clear: both"></li></ul></div><div class="chat"><ul class="utilichart"><li class="result"><span style="float: left ; min-height: 26px"><span class="col statcol"><em>HP</em><br>108</span> <span class="col statcol"><em>Atk</em><br>91</span> <span class="col statcol"><em>Def</em><br>28</span> <span class="col statcol"><em>SpA</em><br>132</span> <span class="col statcol"><em>SpD</em><br>23</span> <span class="col statcol"><em>Spe</em><br>98</span> </span></li><li style="clear: both"></li></ul></div><div class="battle-history"><small>(Nown was created by abismal!)</small><br></div><div class="spacer battle-history"><br></div><h2 class="battle-history">Turn 1</h2><div class="spacer battle-history"><br></div><div class="battle-history">god of joe withdrew Nown!<br></div><div class="battle-history">god of joe sent out Rotom (<strong>Rotom-Wash</strong>)!<br></div><div class="spacer battle-history"><br></div><div class="battle-history">Skyward used <strong>Brave Bird</strong>!<br></div><div class="battle-history"><small>It's not very effective...</small><br></div><div class="battle-history"><small>(The opposing Rotom lost 27% of its health!)</small><br></div><div class="battle-history"><small>Skyward was damaged by the recoil!</small><br></div><div class="spacer battle-history"><br></div><div class="battle-history"><small>The opposing Rotom restored a little HP using its Leftovers!</small><br></div><div class="spacer battle-history"><br></div><h2 class="battle-history">Turn 2</h2><div class="spacer battle-history"><br></div><div class="battle-history">Skyward, come back!<br></div><div class="battle-history">Go! Trans rights! (<strong>Sylveon</strong>)!<br></div><div class="spacer battle-history"><br></div><div class="battle-history">The opposing Rotom used <strong>Volt Switch</strong>!<br></div><div class="battle-history"><small>(Trans rights! lost 13% of its health!)</small><br></div><div class="spacer battle-history"><br></div><div class="battle-history">The opposing Rotom went back to god of joe!<br></div><div class="battle-history">god of joe sent out <strong>Skiversnow</strong>!<br></div><div class="chat"><ul class="utilichart"><li class="result"><span class="col pokemonnamecol" style="white-space: nowrap">Skiversnow</span> <span class="col typecol"><img src="https://dragonheaven.herokuapp.com/sprites/types/Grass.png" alt="Grass" height="14" width="32"><img src="https://dragonheaven.herokuapp.com/sprites/types/Ice.png" alt="Ice" height="14" width="32"></span> <span style="float: left ; min-height: 26px"><span class="col abilitycol">Snow Warning / Pressure</span><span class="col abilitycol"></span></span></li><li style="clear: both"></li></ul></div><div class="chat"><ul class="utilichart"><li class="result"><span style="float: left ; min-height: 26px"><span class="col statcol"><em>HP</em><br>90</span> <span class="col statcol"><em>Atk</em><br>92</span> <span class="col statcol"><em>Def</em><br>55</span> <span class="col statcol"><em>SpA</em><br>92</span> <span class="col statcol"><em>SpD</em><br>65</span> <span class="col statcol"><em>Spe</em><br>100</span> </span></li><li style="clear: both"></li></ul></div><div class="battle-history"><small>(Skiversnow was created by ausma!)</small><br></div><div class="battle-history">[The opposing Skiversnow's Snow Warning]<br><small>It started to hail!</small><br></div><div class="spacer battle-history"><br></div><div class="battle-history"><small>(The hail is crashing down.)</small><br></div><div class="battle-history"><small>Trans rights! is buffeted by the hail!</small><br></div><div class="battle-history"><small>Trans rights! restored a little HP using its Leftovers!</small><br></div><div class="spacer battle-history"><br></div><h2 class="battle-history">Turn 3</h2><div class="spacer battle-history"><br></div><div class="battle-history">The opposing Skiversnow used <strong>U-turn</strong>!<br></div><div class="battle-history"><small>It's not very effective...</small><br></div><div class="battle-history"><small>(Trans rights! lost 10% of its health!)</small><br></div><div class="spacer battle-history"><br></div><div class="battle-history">The opposing Skiversnow went back to god of joe!<br></div><div class="battle-history">god of joe sent out Sandslash (<strong>Sandslash-Alola</strong>)!<br></div><div class="spacer battle-history"><br></div><div class="battle-history">Trans rights! used <strong>Wish</strong>!<br></div><div class="spacer battle-history"><br></div><div class="battle-history"><small>(The hail is crashing down.)</small><br></div><div class="battle-history"><small>Trans rights! is buffeted by the hail!</small><br></div><div class="battle-history"><small>Trans rights! restored a little HP using its Leftovers!</small><br></div><div class="spacer battle-history"><br></div><h2 class="battle-history">Turn 4</h2><div class="spacer battle-history"><br></div><div class="battle-history">The opposing Sandslash used <strong>Swords Dance</strong>!<br></div><div class="battle-history"><small>The opposing Sandslash's Attack rose sharply!</small><br></div><div class="spacer battle-history"><br></div><div class="battle-history">Trans rights! used <strong>Hyper Voice</strong>!<br></div><div class="battle-history"><small>It's not very effective...</small><br></div><div class="battle-history"><small>(The opposing Sandslash lost 32% of its health!)</small><br></div><div class="spacer battle-history"><br></div><div class="battle-history"><small>(The hail is crashing down.)</small><br></div><div class="battle-history"><small>Trans rights! is buffeted by the hail!</small><br></div><div class="battle-history"><small>Trans rights!'s wish came true!</small><br></div><div class="battle-history"><small>The opposing Sandslash restored a little HP using its Leftovers!</small><br></div><div class="spacer battle-history"><br></div><h2 class="battle-history">Turn 5</h2><div class="spacer battle-history"><br></div><div class="battle-history">Trans rights! used <strong>Protect</strong>!<br></div><div class="battle-history"><small>Trans rights! protected itself!</small><br></div><div class="spacer battle-history"><br></div><div class="battle-history">The opposing Sandslash used <strong>Triple Axel</strong>!<br></div><div class="battle-history"><small>Trans rights! protected itself!</small><br></div><div class="spacer battle-history"><br></div><div class="battle-history"><small>(The hail is crashing down.)</small><br></div><div class="battle-history"><small>Trans rights! is buffeted by the hail!</small><br></div><div class="battle-history"><small>The opposing Sandslash restored a little HP using its Leftovers!</small><br></div><div class="battle-history"><small>Trans rights! restored a little HP using its Leftovers!</small><br></div><div class="spacer battle-history"><br></div><h2 class="battle-history">Turn 6</h2><div class="spacer battle-history"><br></div><div class="battle-history">Trans rights!, come back!<br></div><div class="battle-history">Go! Echoes (<strong>Bronzong</strong>)!<br></div><div class="spacer battle-history"><br></div><div class="battle-history">The opposing Sandslash used <strong>Triple Axel</strong>!<br></div><div class="battle-history"><small>It's not very effective...</small><br></div><div class="battle-history"><small>(Echoes lost 7% of its health!)</small><br></div><div class="battle-history"><small>It's not very effective...</small><br></div><div class="battle-history"><small>(Echoes lost 13% of its health!)</small><br></div><div class="battle-history"><small>It's not very effective...</small><br></div><div class="battle-history"><small>A critical hit!</small><br></div><div class="battle-history"><small>(Echoes lost 30% of its health!)</small><br></div><div class="battle-history"><small>The Pokémon was hit 3 times!</small><br></div><div class="spacer battle-history"><br></div><div class="battle-history"><small>The hail stopped.</small><br></div><div class="battle-history"><small>The opposing Sandslash restored a little HP using its Leftovers!</small><br></div><div class="battle-history"><small>Echoes restored a little HP using its Leftovers!</small><br></div><div class="spacer battle-history"><br></div><h2 class="battle-history">Turn 7</h2><div class="spacer battle-history"><br></div><div class="battle-history">god of joe withdrew Sandslash!<br></div><div class="battle-history">god of joe sent out Rotom (<strong>Rotom-Wash</strong>)!<br></div><div class="spacer battle-history"><br></div><div class="battle-history">Echoes used <strong>Flash Cannon</strong>!<br></div><div class="battle-history"><small>It's not very effective...</small><br></div><div class="battle-history"><small>(The opposing Rotom lost 6% of its health!)</small><br></div><div class="spacer battle-history"><br></div><div class="battle-history"><small>The opposing Rotom restored a little HP using its Leftovers!</small><br></div><div class="battle-history"><small>Echoes restored a little HP using its Leftovers!</small><br></div><div class="spacer battle-history"><br></div><h2 class="battle-history">Turn 8</h2><div class="spacer battle-history"><br></div><div class="battle-history">The opposing Rotom used <strong>Volt Switch</strong>!<br></div><div class="battle-history"><small>(Echoes lost 21% of its health!)</small><br></div><div class="spacer battle-history"><br></div><div class="battle-history">The opposing Rotom went back to god of joe!<br></div><div class="battle-history">god of joe sent out <strong>Dusglow</strong>!<br></div><div class="chat"><ul class="utilichart"><li class="result"><span class="col pokemonnamecol" style="white-space: nowrap">Dusglow</span> <span class="col typecol"><img src="https://dragonheaven.herokuapp.com/sprites/types/Ghost.png" alt="Ghost" height="14" width="32"><img src="https://dragonheaven.herokuapp.com/sprites/types/Fairy.png" alt="Fairy" height="14" width="32"></span> <span style="float: left ; min-height: 26px"><span class="col abilitycol">Pressure / Wandering Spirit</span><span class="col abilitycol"></span></span></li><li style="clear: both"></li></ul></div><div class="chat"><ul class="utilichart"><li class="result"><span style="float: left ; min-height: 26px"><span class="col statcol"><em>HP</em><br>45</span> <span class="col statcol"><em>Atk</em><br>85</span> <span class="col statcol"><em>Def</em><br>105</span> <span class="col statcol"><em>SpA</em><br>115</span> <span class="col statcol"><em>SpD</em><br>105</span> <span class="col statcol"><em>Spe</em><br>70</span> </span></li><li style="clear: both"></li></ul></div><div class="battle-history"><small>(Dusglow was created by Violet!)</small><br></div><div class="spacer battle-history"><br></div><div class="battle-history">Echoes used <strong>Toxic</strong>!<br></div><div class="battle-history"><small>The opposing Dusglow was badly poisoned!</small><br></div><div class="spacer battle-history"><br></div><div class="battle-history"><small>Echoes restored a little HP using its Leftovers!</small><br></div><div class="battle-history"><small>The opposing Dusglow was hurt by poison!</small><br></div><div class="spacer battle-history"><br></div><h2 class="battle-history">Turn 9</h2><div class="spacer battle-history"><br></div><div class="battle-history">The opposing Dusglow used <strong>Shadow Ball</strong>!<br></div><div class="battle-history"><small>It's super effective!</small><br></div><div class="battle-history"><small>(Echoes lost 48% of its health!)</small><br></div><div class="spacer battle-history"><br></div><div class="battle-history">Echoes fainted!<br></div><div class="spacer battle-history"><br></div><div class="battle-history"><small>The opposing Dusglow restored a little HP using its Leftovers!</small><br></div><div class="battle-history"><small>The opposing Dusglow was hurt by poison!</small><br></div><div class="spacer battle-history"><br></div><div class="battle-history">Go! The Funny (<strong>Bafflack</strong>)!<br></div><div class="chat"><ul class="utilichart"><li class="result"><span class="col pokemonnamecol" style="white-space: nowrap">Bafflack</span> <span class="col typecol"><img src="https://dragonheaven.herokuapp.com/sprites/types/Water.png" alt="Water" height="14" width="32"></span> <span style="float: left ; min-height: 26px"><span class="col abilitycol">Psychic Surge / Cloud Nine / Pure Power</span><span class="col abilitycol"></span></span></li><li style="clear: both"></li></ul></div><div class="chat"><ul class="utilichart"><li class="result"><span style="float: left ; min-height: 26px"><span class="col statcol"><em>HP</em><br>80</span> <span class="col statcol"><em>Atk</em><br>69</span> <span class="col statcol"><em>Def</em><br>18</span> <span class="col statcol"><em>SpA</em><br>135</span> <span class="col statcol"><em>SpD</em><br>110</span> <span class="col statcol"><em>Spe</em><br>105</span> </span></li><li style="clear: both"></li></ul></div><div class="battle-history"><small>(Bafflack was created by KeroseneZanchu!)</small><br></div><div class="spacer battle-history"><br></div><h2 class="battle-history">Turn 10</h2><div class="spacer battle-history"><br></div><div class="battle-history">god of joe withdrew Dusglow!<br></div><div class="battle-history">god of joe sent out <strong>Skiversnow</strong>!<br></div><div class="battle-history">[The opposing Skiversnow's Snow Warning]<br><small>It started to hail!</small><br></div><div class="spacer battle-history"><br></div><div class="battle-history">The Funny used <strong>Flip Turn</strong>!<br></div><div class="battle-history"><small>It's not very effective...</small><br></div><div class="battle-history"><small>(The opposing Skiversnow lost 49% of its health!)</small><br></div><div class="spacer battle-history"><br></div><div class="battle-history">The Funny, come back!<br></div><div class="battle-history">Go! Kupua (<strong>Ludicolo-Ultra</strong>)!<br></div><div class="chat"><ul class="utilichart"><li class="result"><span class="col pokemonnamecol" style="white-space: nowrap">Ludicolo-Ultra</span> <span class="col typecol"><img src="https://dragonheaven.herokuapp.com/sprites/types/Fire.png" alt="Fire" height="14" width="32"><img src="https://dragonheaven.herokuapp.com/sprites/types/Grass.png" alt="Grass" height="14" width="32"></span> <span style="float: left ; min-height: 26px"><span class="col abilitycol">Lava Flow / Vital Spirit / Beast Boost</span><span class="col abilitycol"></span></span></li><li style="clear: both"></li></ul></div><div class="chat"><ul class="utilichart"><li class="result"><span style="float: left ; min-height: 26px"><span class="col statcol"><em>HP</em><br>79</span> <span class="col statcol"><em>Atk</em><br>71</span> <span class="col statcol"><em>Def</em><br>53</span> <span class="col statcol"><em>SpA</em><br>107</span> <span class="col statcol"><em>SpD</em><br>97</span> <span class="col statcol"><em>Spe</em><br>73</span> </span></li><li style="clear: both"></li></ul></div><div class="battle-history"><small>(Ludicolo-Ultra was created by Violet!)</small><br></div><div class="spacer battle-history"><br></div><div class="battle-history"><small>(The hail is crashing down.)</small><br></div><div class="battle-history"><small>Kupua is buffeted by the hail!</small><br></div><div class="spacer battle-history"><br></div><h2 class="battle-history">Turn 11</h2><div class="chat"><small>+H2OPulse joined</small></div><div class="spacer battle-history"><br></div><div class="battle-history">The opposing Skiversnow used <strong>Blizzard</strong>!<br></div><div class="battle-history"><small>(Kupua lost 40% of its health!)</small><br></div><div class="spacer battle-history"><br></div><div class="battle-history">Kupua used <strong>Fiery Dance</strong>!<br></div><div class="battle-history"><small>It's super effective!</small><br></div><div class="battle-history"><small>(The opposing Skiversnow lost 51% of its health!)</small><br></div><div class="spacer battle-history"><br></div><div class="battle-history">The opposing Skiversnow fainted!<br></div><div class="battle-history">[Kupua's Beast Boost]<br></div><div class="battle-history"><small>Kupua's Sp. Atk rose!</small><br></div><div class="spacer battle-history"><br></div><div class="battle-history"><small>(The hail is crashing down.)</small><br></div><div class="battle-history"><small>Kupua is buffeted by the hail!</small><br></div><div class="chat"><small>+abismal joined</small></div><div class="spacer battle-history"><br></div><div class="battle-history">god of joe sent out <strong>Nown</strong>!<br></div><div class="spacer battle-history"><br></div><h2 class="battle-history">Turn 12</h2><div class="spacer battle-history"><br></div><div class="battle-history">The opposing Nown used <strong>Hidden Power</strong>!<br></div><div class="spacer battle-history"><br></div><div class="battle-history">[The opposing Nown's Protean]<br><small>The opposing Nown's type changed to Ground!</small><br></div><div class="battle-history"><small>A critical hit!</small><br></div><div class="battle-history"><small>(Kupua lost 48% of its health!)</small><br></div><div class="battle-history"><small>The opposing Nown lost some of its HP!</small><br></div><div class="spacer battle-history"><br></div><div class="battle-history">Kupua fainted!<br></div><div class="spacer battle-history"><br></div><div class="battle-history"><small>(The hail is crashing down.)</small><br></div><div class="battle-history"><small>The opposing Nown is buffeted by the hail!</small><br></div><div class="spacer battle-history"><br></div><div class="battle-history">Go! Tremor Terror (<strong>Excadrill-Hisui</strong>)!<br></div><div class="chat"><ul class="utilichart"><li class="result"><span class="col pokemonnamecol" style="white-space: nowrap">Excadrill-Hisui</span> <span class="col typecol"><img src="https://dragonheaven.herokuapp.com/sprites/types/Ground.png" alt="Ground" height="14" width="32"><img src="https://dragonheaven.herokuapp.com/sprites/types/Normal.png" alt="Normal" height="14" width="32"></span> <span style="float: left ; min-height: 26px"><span class="col abilitycol">Centrifuge / Sand Force / Technician</span><span class="col abilitycol"></span></span></li><li style="clear: both"></li></ul></div><div class="chat"><ul class="utilichart"><li class="result"><span style="float: left ; min-height: 26px"><span class="col statcol"><em>HP</em><br>110</span> <span class="col statcol"><em>Atk</em><br>135</span> <span class="col statcol"><em>Def</em><br>60</span> <span class="col statcol"><em>SpA</em><br>50</span> <span class="col statcol"><em>SpD</em><br>65</span> <span class="col statcol"><em>Spe</em><br>88</span> </span></li><li style="clear: both"></li></ul></div><div class="battle-history"><small>(Excadrill-Hisui was created by ausma!)</small><br></div><div class="spacer battle-history"><br></div><h2 class="battle-history">Turn 13</h2><div class="spacer battle-history"><br></div><div class="battle-history">The opposing Nown used <strong>Weather Ball</strong>!<br></div><div class="spacer battle-history"><br></div><div class="battle-history">[The opposing Nown's Protean]<br><small>The opposing Nown's type changed to Ice!</small><br></div><div class="battle-history"><small>It's super effective!</small><br></div><div class="battle-history"><small>(Tremor Terror lost 100% of its health!)</small><br></div><div class="battle-history"><small>The opposing Nown lost some of its HP!</small><br></div><div class="spacer battle-history"><br></div><div class="battle-history">Tremor Terror fainted!<br></div><div class="spacer battle-history"><br></div><div class="battle-history"><small>(The hail is crashing down.)</small><br></div><div class="spacer battle-history"><br></div><div class="battle-history">Go! Trans rights! (<strong>Sylveon</strong>)!<br></div><div class="spacer battle-history"><br></div><h2 class="battle-history">Turn 14</h2><div class="chat chatmessage-abismal"><strong style="color:#68a730"><small>+</small><span class="username" data-name="abismal">abismal</span>:</strong> <em>special mamoswine</em></div><div class="spacer battle-history"><br></div><div class="battle-history">The opposing Nown used <strong>Guard Split</strong>!<br></div><div class="spacer battle-history"><br></div><div class="battle-history">[The opposing Nown's Protean]<br><small>The opposing Nown's type changed to Psychic!</small><br></div><div class="battle-history"><small>The opposing Nown shared its guard with the target!</small><br></div><div class="spacer battle-history"><br></div><div class="battle-history">Trans rights! used <strong>Wish</strong>!<br></div><div class="spacer battle-history"><br></div><div class="battle-history"><small>The hail stopped.</small><br></div><div class="spacer battle-history"><br></div><h2 class="battle-history">Turn 15</h2><div class="spacer battle-history"><br></div><div class="battle-history">The opposing Nown used <strong>Nature Power</strong>!<br></div><div class="spacer battle-history"><br></div><div class="battle-history">[The opposing Nown's Protean]<br><small>The opposing Nown's type changed to Normal!</small><br></div><div class="battle-history">Nature Power turned into Tri Attack!<br></div><div class="battle-history"><small>(Trans rights! lost 47% of its health!)</small><br></div><div class="battle-history"><small>Trans rights! was frozen solid!</small><br></div><div class="battle-history"><small>The opposing Nown lost some of its HP!</small><br></div><div class="spacer battle-history"><br></div><div class="battle-history">Trans rights! is frozen solid!<br></div><div class="spacer battle-history"><br></div><div class="battle-history"><small>Trans rights!'s wish came true!</small><br></div><div class="spacer battle-history"><br></div><h2 class="battle-history">Turn 16</h2><div class="spacer battle-history"><br></div><div class="battle-history">The opposing Nown used <strong>Nature Power</strong>!<br></div><div class="spacer battle-history"><br></div><div class="battle-history">Nature Power turned into Tri Attack!<br></div><div class="battle-history"><small>(Trans rights! lost 54% of its health!)</small><br></div><div class="battle-history"><small>The opposing Nown lost some of its HP!</small><br></div><div class="battle-history"><small>Trans rights! thawed out!</small><br></div><div class="spacer battle-history"><br></div><div class="battle-history">Trans rights! used <strong>Wish</strong>!<br></div><div class="spacer battle-history"><br></div><div class="battle-history"><small>Trans rights! restored a little HP using its Leftovers!</small><br></div><div class="spacer battle-history"><br></div><h2 class="battle-history">Turn 17</h2><div class="spacer battle-history"><br></div><div class="battle-history">Trans rights! used <strong>Protect</strong>!<br></div><div class="battle-history"><small>Trans rights! protected itself!</small><br></div><div class="spacer battle-history"><br></div><div class="battle-history">The opposing Nown used <strong>Nature Power</strong>!<br></div><div class="spacer battle-history"><br></div><div class="battle-history">Nature Power turned into Tri Attack!<br></div><div class="battle-history"><small>Trans rights! protected itself!</small><br></div><div class="spacer battle-history"><br></div><div class="battle-history"><small>Trans rights!'s wish came true!</small><br></div><div class="spacer battle-history"><br></div><h2 class="battle-history">Turn 18</h2><div class="spacer battle-history"><br></div><div class="battle-history">The opposing Nown used <strong>Nature Power</strong>!<br></div><div class="spacer battle-history"><br></div><div class="battle-history">Nature Power turned into Tri Attack!<br></div><div class="battle-history"><small>(Trans rights! lost 47% of its health!)</small><br></div><div class="battle-history"><small>The opposing Nown lost some of its HP!</small><br></div><div class="spacer battle-history"><br></div><div class="battle-history">Trans rights! used <strong>Wish</strong>!<br></div><div class="spacer battle-history"><br></div><div class="battle-history"><small>Trans rights! restored a little HP using its Leftovers!</small><br></div><div class="spacer battle-history"><br></div><h2 class="battle-history">Turn 19</h2><div class="spacer battle-history"><br></div><div class="battle-history">The opposing Nown used <strong>Guard Split</strong>!<br></div><div class="spacer battle-history"><br></div><div class="battle-history">[The opposing Nown's Protean]<br><small>The opposing Nown's type changed to Psychic!</small><br></div><div class="battle-history"><small>The opposing Nown shared its guard with the target!</small><br></div><div class="spacer battle-history"><br></div><div class="battle-history">Trans rights! used <strong>Hyper Voice</strong>!<br></div><div class="battle-history"><small>(The opposing Nown lost 41% of its health!)</small><br></div><div class="spacer battle-history"><br></div><div class="battle-history"><small>Trans rights!'s wish came true!</small><br></div><div class="spacer battle-history"><br></div><h2 class="battle-history">Turn 20</h2><div class="spacer battle-history"><br></div><div class="battle-history">The opposing Nown used <strong>Nature Power</strong>!<br></div><div class="spacer battle-history"><br></div><div class="battle-history">[The opposing Nown's Protean]<br><small>The opposing Nown's type changed to Normal!</small><br></div><div class="battle-history">Nature Power turned into Tri Attack!<br></div><div class="battle-history"><small>(Trans rights! lost 47% of its health!)</small><br></div><div class="battle-history"><small>The opposing Nown lost some of its HP!</small><br></div><div class="spacer battle-history"><br></div><div class="battle-history">The opposing Nown fainted!<br></div><div class="battle-history">Trans rights! used <strong>Wish</strong>!<br></div><div class="spacer battle-history"><br></div><div class="battle-history"><small>Trans rights! restored a little HP using its Leftovers!</small><br></div><div class="spacer battle-history"><br></div><div class="battle-history">god of joe sent out Sandslash (<strong>Sandslash-Alola</strong>)!<br></div><div class="spacer battle-history"><br></div><h2 class="battle-history">Turn 21</h2><div class="spacer battle-history"><br></div><div class="battle-history">Trans rights!, come back!<br></div><div class="battle-history">Go! Skyward (<strong>Endurow</strong>)!<br></div><div class="spacer battle-history"><br></div><div class="battle-history">The opposing Sandslash used <strong>Swords Dance</strong>!<br></div><div class="battle-history"><small>The opposing Sandslash's Attack rose sharply!</small><br></div><div class="spacer battle-history"><br></div><div class="battle-history"><small>Trans rights!'s wish came true!</small><br></div><div class="battle-history"><small>The opposing Sandslash restored a little HP using its Leftovers!</small><br></div><div class="spacer battle-history"><br></div><h2 class="battle-history">Turn 22</h2><div class="spacer battle-history"><br></div><div class="battle-history">Skyward used <strong>Drill Run</strong>!<br></div><div class="battle-history"><small>It's super effective!</small><br></div><div class="battle-history"><small>(The opposing Sandslash lost 48% of its health!)</small><br></div><div class="spacer battle-history"><br></div><div class="battle-history">The opposing Sandslash used <strong>Rapid Spin</strong>!<br></div><div class="battle-history"><small>(Skyward lost 51% of its health!)</small><br></div><div class="battle-history"><small>The opposing Sandslash's Speed rose!</small><br></div><div class="battle-history">[Skyward's Stamina]<br></div><div class="battle-history"><small>Skyward's Defense rose!</small><br></div><div class="spacer battle-history"><br></div><div class="battle-history"><small>The opposing Sandslash restored a little HP using its Leftovers!</small><br></div><div class="spacer battle-history"><br></div><h2 class="battle-history">Turn 23</h2><div class="spacer battle-history"><br></div><div class="battle-history">Skyward used <strong>Roost</strong>!<br></div><div class="battle-history"><small>Skyward had its HP restored.</small><br></div><div class="battle-history"><small>(Skyward loses Flying type this turn.)</small><br></div><div class="spacer battle-history"><br></div><div class="battle-history">The opposing Sandslash used <strong>Triple Axel</strong>!<br></div><div class="battle-history"><small>(Skyward lost 20% of its health!)</small><br></div><div class="battle-history">[Skyward's Stamina]<br></div><div class="battle-history"><small>Skyward's Defense rose!</small><br></div><div class="battle-history"><small>(Skyward lost 29% of its health!)</small><br></div><div class="battle-history">[Skyward's Stamina]<br></div><div class="battle-history"><small>Skyward's Defense rose!</small><br></div><div class="battle-history"><small>(Skyward lost 37% of its health!)</small><br></div><div class="battle-history">[Skyward's Stamina]<br></div><div class="battle-history"><small>Skyward's Defense rose!</small><br></div><div class="battle-history"><small>The Pokémon was hit 3 times!</small><br></div><div class="spacer battle-history"><br></div><div class="battle-history"><small>The opposing Sandslash restored a little HP using its Leftovers!</small><br></div><div class="spacer battle-history"><br></div><h2 class="battle-history">Turn 24</h2><div class="spacer battle-history"><br></div><div class="battle-history">Skyward used <strong>Roost</strong>!<br></div><div class="battle-history"><small>Skyward had its HP restored.</small><br></div><div class="battle-history"><small>(Skyward loses Flying type this turn.)</small><br></div><div class="spacer battle-history"><br></div><div class="battle-history">The opposing Sandslash used <strong>Swords Dance</strong>!<br></div><div class="battle-history"><small>The opposing Sandslash's Attack rose sharply!</small><br></div><div class="spacer battle-history"><br></div><div class="battle-history"><small>The opposing Sandslash restored a little HP using its Leftovers!</small><br></div><div class="spacer battle-history"><br></div><h2 class="battle-history">Turn 25</h2><div class="spacer battle-history"><br></div><div class="battle-history">Skyward used <strong>Drill Run</strong>!<br></div><div class="battle-history"><small>It's super effective!</small><br></div><div class="battle-history"><small>(The opposing Sandslash lost 51% of its health!)</small><br></div><div class="spacer battle-history"><br></div><div class="battle-history">The opposing Sandslash used <strong>Triple Axel</strong>!<br></div><div class="battle-history"><small>It's super effective!</small><br></div><div class="battle-history"><small>(Skyward lost 32% of its health!)</small><br></div><div class="battle-history">[Skyward's Stamina]<br></div><div class="battle-history"><small>Skyward's Defense rose!</small><br></div><div class="battle-history"><small>It's super effective!</small><br></div><div class="battle-history"><small>A critical hit!</small><br></div><div class="battle-history"><small>(Skyward lost 31% of its health!)</small><br></div><div class="battle-history"><small>The Pokémon was hit 2 times!</small><br></div><div class="spacer battle-history"><br></div><div class="battle-history">Skyward fainted!<br></div><div class="spacer battle-history"><br></div><div class="battle-history"><small>The opposing Sandslash restored a little HP using its Leftovers!</small><br></div><div class="spacer battle-history"><br></div><div class="battle-history">Go! The Funny (<strong>Bafflack</strong>)!<br></div><div class="spacer battle-history"><br></div><h2 class="battle-history">Turn 26</h2><div class="spacer battle-history"><br></div><div class="battle-history">The opposing Sandslash used <strong>Earthquake</strong>!<br></div><div class="battle-history"><small>(The Funny lost 100% of its health!)</small><br></div><div class="spacer battle-history"><br></div><div class="battle-history">The Funny fainted!<br></div><div class="spacer battle-history"><br></div><div class="battle-history"><small>The opposing Sandslash restored a little HP using its Leftovers!</small><br></div><div class="spacer battle-history"><br></div><div class="battle-history">Go! Trans rights! (<strong>Sylveon</strong>)!<br></div><div class="spacer battle-history"><br></div><h2 class="battle-history">Turn 27</h2><div class="spacer battle-history"><br></div><div class="battle-history">The opposing Sandslash used <strong>Earthquake</strong>!<br></div><div class="battle-history"><small>(Trans rights! lost 59% of its health!)</small><br></div><div class="spacer battle-history"><br></div><div class="battle-history">Trans rights! fainted!<br></div><div class="spacer battle-history"><br></div><div class="battle-history"><strong>god of joe</strong> won the battle!<br></div></div><div class="inner-preempt message-log"></div></div></div>
</div>
<script>
let daily = Math.floor(Date.now()/1000/60/60/24);document.write('<script src="https://dragonheaven.herokuapp.com/js/replay-embed.js?version'+daily+'"></'+'script>');
</script>
