<!DOCTYPE html>
<meta charset="utf-8" />
<!-- version 1 -->
<title>[Gen 8] Evolution Project replay: H2OPulse vs. tkmof~11209</title>
<style>
html,body {font-family:Verdana, sans-serif;font-size:10pt;margin:0;padding:0;}body{padding:12px 0;} .battle-log {font-family:Verdana, sans-serif;font-size:10pt;} .battle-log-inline {border:1px solid #AAAAAA;background:#EEF2F5;color:black;max-width:640px;margin:0 auto 80px;padding-bottom:5px;} .battle-log .inner {padding:4px 8px 0px 8px;} .battle-log .inner-preempt {padding:0 8px 4px 8px;} .battle-log .inner-after {margin-top:0.5em;} .battle-log h2 {margin:0.5em -8px;padding:4px 8px;border:1px solid #AAAAAA;background:#E0E7EA;border-left:0;border-right:0;font-family:Verdana, sans-serif;font-size:13pt;} .battle-log .chat {vertical-align:middle;padding:3px 0 3px 0;font-size:8pt;} .battle-log .chat strong {color:#40576A;} .battle-log .chat em {padding:1px 4px 1px 3px;color:#000000;font-style:normal;} .chat.mine {background:rgba(0,0,0,0.05);margin-left:-8px;margin-right:-8px;padding-left:8px;padding-right:8px;} .spoiler {color:#BBBBBB;background:#BBBBBB;padding:0px 3px;} .spoiler:hover, .spoiler:active, .spoiler-shown {color:#000000;background:#E2E2E2;padding:0px 3px;} .spoiler a {color:#BBBBBB;} .spoiler:hover a, .spoiler:active a, .spoiler-shown a {color:#2288CC;} .chat code, .chat .spoiler:hover code, .chat .spoiler:active code, .chat .spoiler-shown code {border:1px solid #C0C0C0;background:#EEEEEE;color:black;padding:0 2px;} .chat .spoiler code {border:1px solid #CCCCCC;background:#CCCCCC;color:#CCCCCC;} .battle-log .rated {padding:3px 4px;} .battle-log .rated strong {color:white;background:#89A;padding:1px 4px;border-radius:4px;} .spacer {margin-top:0.5em;} .message-announce {background:#6688AA;color:white;padding:1px 4px 2px;} .message-announce a, .broadcast-green a, .broadcast-blue a, .broadcast-red a {color:#DDEEFF;} .broadcast-green {background-color:#559955;color:white;padding:2px 4px;} .broadcast-blue {background-color:#6688AA;color:white;padding:2px 4px;} .infobox {border:1px solid #6688AA;padding:2px 4px;} .infobox-limited {max-height:200px;overflow:auto;overflow-x:hidden;} .broadcast-red {background-color:#AA5544;color:white;padding:2px 4px;} .message-learn-canlearn {font-weight:bold;color:#228822;text-decoration:underline;} .message-learn-cannotlearn {font-weight:bold;color:#CC2222;text-decoration:underline;} .message-effect-weak {font-weight:bold;color:#CC2222;} .message-effect-resist {font-weight:bold;color:#6688AA;} .message-effect-immune {font-weight:bold;color:#666666;} .message-learn-list {margin-top:0;margin-bottom:0;} .message-throttle-notice, .message-error {color:#992222;} .message-overflow, .chat small.message-overflow {font-size:0pt;} .message-overflow::before {font-size:9pt;content:'...';} .subtle {color:#3A4A66;}
</style>
<div class="wrapper replay-wrapper" style="max-width:1180px;margin:0 auto">
<input type="hidden" name="replayid" value="dragonheaven-gen8evolutionproject-275" />
<div class="battle"></div><div class="battle-log"></div><div class="replay-controls"></div><div class="replay-controls-2"></div>
<h1 style="font-weight:normal;text-align:center"><strong>[Gen 8] Evolution Project</strong><br /><a href="http://pokemonshowdown.com/users/h2opulse" class="subtle" target="_blank">H2OPulse</a> vs. <a href="http://pokemonshowdown.com/users/tkmof11209" class="subtle" target="_blank">tkmof~11209</a></h1>
<script type="text/plain" class="battle-log-data">|j|☆H2OPulse
|j|☆tkmof~11209
|t:|1641625158
|player|p1|H2OPulse|aetherfoundation|
|player|p2|tkmof~11209|266|
|teamsize|p1|6
|teamsize|p2|6
|gametype|singles
|gen|8
|tier|[Gen 8] Evolution Project
|clearpoke
|poke|p1|Mienshao-Yaoguai, M|
|poke|p1|Rubulwark, M|
|poke|p1|Balleringue, F|
|poke|p1|Carnivenom, F|
|poke|p1|Sylveon, M|
|poke|p1|Gourmant, F|
|poke|p2|Whiscazu, M|
|poke|p2|Coilrig, F|
|poke|p2|Gigalith-Kalos, F|
|poke|p2|Carnivenom, F|
|poke|p2|Falinks-Terracotta, F|
|poke|p2|Plaguicate, F|
|rule|HP Percentage Mod: HP is shown in percentages
|rule|Endless Battle Clause: Forcing endless battles is banned
|rule|OHKO Clause: OHKO moves are banned
|rule|Evasion Moves Clause: Evasion moves are banned
|rule|Species Clause: Limit one of each Pokémon
|rule|Dynamax Clause: You cannot dynamax
|rule|Sleep Clause Mod: Limit one foe put to sleep
|rule|Z-Move Clause: Type-based Z-Moves are banned
|teampreview
|j|~inkbug1

|c|☆tkmof~11209|forgot to mute sounds fk
|c|☆H2OPulse|Aaa hi!! Good luck and have fun O:
|c|☆H2OPulse|Kdshfjhf fai r
|c|☆tkmof~11209|now my eardrums is broken
|
|t:|1641625192
|start
|switch|p1a: Carnation|Balleringue, F|100\/100
|switch|p2a: Tasty|Carnivenom, F|100\/100
|-start|p2a: Tasty|typechange|Grass\/Poison|[silent]
|raw|<ul class="utilichart"><li class="result"><span class="col pokemonnamecol" style="white-space: nowrap">Carnivenom<\/span> <span class="col typecol"><img src="https:\/\/play.pokemonshowdown.com\/sprites\/types\/Grass.png" alt="Grass" height="14" width="32"><img src="https:\/\/play.pokemonshowdown.com\/sprites\/types\/Poison.png" alt="Poison" height="14" width="32"><\/span> <span style="float: left ; min-height: 26px"><span class="col abilitycol">Levitate<\/span><span class="col abilitycol"><\/span><\/span><\/li><li style="clear: both"><\/li><\/ul>
|raw|<ul class="utilichart"><li class="result"><span style="float: left ; min-height: 26px"><span class="col statcol"><em>HP<\/em><br>94<\/span> <span class="col statcol"><em>Atk<\/em><br>105<\/span> <span class="col statcol"><em>Def<\/em><br>82<\/span> <span class="col statcol"><em>SpA<\/em><br>100<\/span> <span class="col statcol"><em>SpD<\/em><br>102<\/span> <span class="col statcol"><em>Spe<\/em><br>51<\/span> <\/span><\/li><li style="clear: both"><\/li><\/ul>
|-hint|Carnivenom was created by inkbug!
|-start|p1a: Carnation|typechange|Bug\/Steel|[silent]
|raw|<ul class="utilichart"><li class="result"><span class="col pokemonnamecol" style="white-space: nowrap">Balleringue<\/span> <span class="col typecol"><img src="https:\/\/play.pokemonshowdown.com\/sprites\/types\/Bug.png" alt="Bug" height="14" width="32"><img src="https:\/\/play.pokemonshowdown.com\/sprites\/types\/Steel.png" alt="Steel" height="14" width="32"><\/span> <span style="float: left ; min-height: 26px"><span class="col abilitycol">Anticipation \/ Triage \/ Overcoat<\/span><span class="col abilitycol"><\/span><\/span><\/li><li style="clear: both"><\/li><\/ul>
|raw|<ul class="utilichart"><li class="result"><span style="float: left ; min-height: 26px"><span class="col statcol"><em>HP<\/em><br>80<\/span> <span class="col statcol"><em>Atk<\/em><br>109<\/span> <span class="col statcol"><em>Def<\/em><br>105<\/span> <span class="col statcol"><em>SpA<\/em><br>69<\/span> <span class="col statcol"><em>SpD<\/em><br>105<\/span> <span class="col statcol"><em>Spe<\/em><br>29<\/span> <\/span><\/li><li style="clear: both"><\/li><\/ul>
|-hint|Balleringue was created by Magmajudis!
|turn|1
|
|t:|1641625208
|switch|p2a: Power|Whiscazu, M|100\/100
|-start|p2a: Power|typechange|Water\/Ground|[silent]
|raw|<ul class="utilichart"><li class="result"><span class="col pokemonnamecol" style="white-space: nowrap">Whiscazu<\/span> <span class="col typecol"><img src="https:\/\/play.pokemonshowdown.com\/sprites\/types\/Water.png" alt="Water" height="14" width="32"><img src="https:\/\/play.pokemonshowdown.com\/sprites\/types\/Ground.png" alt="Ground" height="14" width="32"><\/span> <span style="float: left ; min-height: 26px"><span class="col abilitycol">Oblivious \/ Cheek Pouch \/ Hydration<\/span><span class="col abilitycol"><\/span><\/span><\/li><li style="clear: both"><\/li><\/ul>
|raw|<ul class="utilichart"><li class="result"><span style="float: left ; min-height: 26px"><span class="col statcol"><em>HP<\/em><br>110<\/span> <span class="col statcol"><em>Atk<\/em><br>78<\/span> <span class="col statcol"><em>Def<\/em><br>78<\/span> <span class="col statcol"><em>SpA<\/em><br>116<\/span> <span class="col statcol"><em>SpD<\/em><br>81<\/span> <span class="col statcol"><em>Spe<\/em><br>70<\/span> <\/span><\/li><li style="clear: both"><\/li><\/ul>
|-hint|Whiscazu was created by ausma!
|move|p1a: Carnation|Leech Life|p2a: Power
|-damage|p2a: Power|52\/100
|-damage|p1a: Carnation|91\/100|[from] item: Life Orb
|
|-heal|p2a: Power|58\/100|[from] item: Leftovers
|upkeep
|turn|2
|j| ausma
|c|~inkbug1|TASTY..............
|c|☆tkmof~11209|:P
|c| ausma|slurped
|
|t:|1641625229
|switch|p2a: EEEEEEEE|Coilrig, F|100\/100
|-start|p2a: EEEEEEEE|typechange|Ground\/Poison|[silent]
|raw|<ul class="utilichart"><li class="result"><span class="col pokemonnamecol" style="white-space: nowrap">Coilrig<\/span> <span class="col typecol"><img src="https:\/\/play.pokemonshowdown.com\/sprites\/types\/Ground.png" alt="Ground" height="14" width="32"><img src="https:\/\/play.pokemonshowdown.com\/sprites\/types\/Poison.png" alt="Poison" height="14" width="32"><\/span> <span style="float: left ; min-height: 26px"><span class="col abilitycol">Sand Spit \/ Shed Skin \/ Liquid Ooze<\/span><span class="col abilitycol"><\/span><\/span><\/li><li style="clear: both"><\/li><\/ul>
|raw|<ul class="utilichart"><li class="result"><span style="float: left ; min-height: 26px"><span class="col statcol"><em>HP<\/em><br>77<\/span> <span class="col statcol"><em>Atk<\/em><br>107<\/span> <span class="col statcol"><em>Def<\/em><br>130<\/span> <span class="col statcol"><em>SpA<\/em><br>105<\/span> <span class="col statcol"><em>SpD<\/em><br>75<\/span> <span class="col statcol"><em>Spe<\/em><br>41<\/span> <\/span><\/li><li style="clear: both"><\/li><\/ul>
|-hint|Coilrig was created by Hematite!
|move|p1a: Carnation|Gyro Ball|p2a: EEEEEEEE
|-damage|p2a: EEEEEEEE|81\/100
|-damage|p1a: Carnation|74\/100|[from] item: Rocky Helmet|[of] p2a: EEEEEEEE
|-damage|p1a: Carnation|64\/100|[from] item: Life Orb
|
|upkeep
|turn|3
|c|☆H2OPulse|Ow
|c|☆H2OPulse|Fair
|c| ausma|fr though whiscazu took that like a champ
|c| ausma|is that def invested
|
|t:|1641625242
|switch|p1a: Drosera|Carnivenom, F|100\/100
|-start|p1a: Drosera|typechange|Grass\/Poison|[silent]
|raw|<ul class="utilichart"><li class="result"><span class="col pokemonnamecol" style="white-space: nowrap">Carnivenom<\/span> <span class="col typecol"><img src="https:\/\/play.pokemonshowdown.com\/sprites\/types\/Grass.png" alt="Grass" height="14" width="32"><img src="https:\/\/play.pokemonshowdown.com\/sprites\/types\/Poison.png" alt="Poison" height="14" width="32"><\/span> <span style="float: left ; min-height: 26px"><span class="col abilitycol">Levitate<\/span><span class="col abilitycol"><\/span><\/span><\/li><li style="clear: both"><\/li><\/ul>
|raw|<ul class="utilichart"><li class="result"><span style="float: left ; min-height: 26px"><span class="col statcol"><em>HP<\/em><br>94<\/span> <span class="col statcol"><em>Atk<\/em><br>105<\/span> <span class="col statcol"><em>Def<\/em><br>82<\/span> <span class="col statcol"><em>SpA<\/em><br>100<\/span> <span class="col statcol"><em>SpD<\/em><br>102<\/span> <span class="col statcol"><em>Spe<\/em><br>51<\/span> <\/span><\/li><li style="clear: both"><\/li><\/ul>
|-hint|Carnivenom was created by inkbug!
|move|p2a: EEEEEEEE|Glare|p1a: Drosera
|-status|p1a: Drosera|par
|
|upkeep
|turn|4
|c|☆H2OPulse|Also fair
|c|☆tkmof~11209|max hp
|
|t:|1641625262
|move|p2a: EEEEEEEE|Earthquake|p1a: Drosera
|-immune|p1a: Drosera|[from] ability: Levitate
|move|p1a: Drosera|Sleep Powder|p2a: EEEEEEEE|[miss]
|-miss|p1a: Drosera|p2a: EEEEEEEE
|
|upkeep
|turn|5
|c|☆tkmof~11209|my brain
|c|☆H2OPulse|P f
|c|☆tkmof~11209|is dead
|c|☆tkmof~11209|:replaces brain:
|c|☆H2OPulse|__I just noticed your Carnivenom is named "Tasty"__
|
|t:|1641625294
|switch|p2a: Tasty|Carnivenom, F|100\/100
|-start|p2a: Tasty|typechange|Grass\/Poison|[silent]
|move|p1a: Drosera|Coil|p1a: Drosera
|-boost|p1a: Drosera|atk|1
|-boost|p1a: Drosera|def|1
|-boost|p1a: Drosera|accuracy|1
|
|upkeep
|turn|6
|c|☆tkmof~11209|ye
|c|☆H2OPulse|love her.
|
|t:|1641625302
|move|p2a: Tasty|Coil|p2a: Tasty
|-boost|p2a: Tasty|atk|1
|-boost|p2a: Tasty|def|1
|-boost|p2a: Tasty|accuracy|1
|cant|p1a: Drosera|par
|
|upkeep
|turn|7
|c|☆tkmof~11209|ink make the mouth beeg
|c|☆H2OPulse|fair this is going to get out of hand very very quickly
|c|~inkbug1|hol on 
|c|☆tkmof~11209|so i name this tasty
|
|t:|1641625320
|switch|p1a: Yeast|Gourmant, F|100\/100
|-start|p1a: Yeast|typechange|Fire\/Dark|[silent]
|raw|<ul class="utilichart"><li class="result"><span class="col pokemonnamecol" style="white-space: nowrap">Gourmant<\/span> <span class="col typecol"><img src="https:\/\/play.pokemonshowdown.com\/sprites\/types\/Fire.png" alt="Fire" height="14" width="32"><img src="https:\/\/play.pokemonshowdown.com\/sprites\/types\/Dark.png" alt="Dark" height="14" width="32"><\/span> <span style="float: left ; min-height: 26px"><span class="col abilitycol">Gluttony \/ Flash Fire \/ White Smoke<\/span><span class="col abilitycol"><\/span><\/span><\/li><li style="clear: both"><\/li><\/ul>
|raw|<ul class="utilichart"><li class="result"><span style="float: left ; min-height: 26px"><span class="col statcol"><em>HP<\/em><br>85<\/span> <span class="col statcol"><em>Atk<\/em><br>137<\/span> <span class="col statcol"><em>Def<\/em><br>66<\/span> <span class="col statcol"><em>SpA<\/em><br>105<\/span> <span class="col statcol"><em>SpD<\/em><br>66<\/span> <span class="col statcol"><em>Spe<\/em><br>75<\/span> <\/span><\/li><li style="clear: both"><\/li><\/ul>
|-hint|Gourmant was created by quagsi!
|move|p2a: Tasty|Coil|p2a: Tasty
|-boost|p2a: Tasty|atk|1
|-boost|p2a: Tasty|def|1
|-boost|p2a: Tasty|accuracy|1
|
|upkeep
|turn|8
|c|☆tkmof~11209|nvm
|
|t:|1641625328
|switch|p2a: Photosynthesis|Gigalith-Kalos, F|100\/100
|-start|p2a: Photosynthesis|typechange|Rock\/Electric|[silent]
|raw|<ul class="utilichart"><li class="result"><span class="col pokemonnamecol" style="white-space: nowrap">Gigalith-Kalos<\/span> <span class="col typecol"><img src="https:\/\/play.pokemonshowdown.com\/sprites\/types\/Rock.png" alt="Rock" height="14" width="32"><img src="https:\/\/play.pokemonshowdown.com\/sprites\/types\/Electric.png" alt="Electric" height="14" width="32"><\/span> <span style="float: left ; min-height: 26px"><span class="col abilitycol">Sturdy \/ Drought \/ Solar Power<\/span><span class="col abilitycol"><\/span><\/span><\/li><li style="clear: both"><\/li><\/ul>
|raw|<ul class="utilichart"><li class="result"><span style="float: left ; min-height: 26px"><span class="col statcol"><em>HP<\/em><br>85<\/span> <span class="col statcol"><em>Atk<\/em><br>60<\/span> <span class="col statcol"><em>Def<\/em><br>130<\/span> <span class="col statcol"><em>SpA<\/em><br>135<\/span> <span class="col statcol"><em>SpD<\/em><br>80<\/span> <span class="col statcol"><em>Spe<\/em><br>25<\/span> <\/span><\/li><li style="clear: both"><\/li><\/ul>
|-hint|Gigalith-Kalos was created by Violet!
|-weather|SunnyDay|[from] ability: Drought|[of] p2a: Photosynthesis
|-item|p2a: Photosynthesis|Air Balloon
|move|p1a: Yeast|Fire Lash|p2a: Photosynthesis
|-resisted|p2a: Photosynthesis
|-damage|p2a: Photosynthesis|73\/100
|-unboost|p2a: Photosynthesis|def|1
|-enditem|p2a: Photosynthesis|Air Balloon
|
|-weather|SunnyDay|[upkeep]
|upkeep
|turn|9
|c| ausma|oh wait 
|c| ausma|sylveon checks this
|c| ausma|banger
|c| ausma|thats just occurred to me
|c|☆H2OPulse|D...does he
|c|☆H2OPulse|Huh
|
|t:|1641625367
|switch|p1a: Anthos|Sylveon, M|100\/100
|move|p2a: Photosynthesis|Power Gem|p1a: Anthos
|-damage|p1a: Anthos|69\/100
|
|-weather|SunnyDay|[upkeep]
|-heal|p1a: Anthos|75\/100|[from] item: Leftovers
|upkeep
|turn|10
|c|☆H2OPulse|YES
|c|☆H2OPulse|GOOD CALL
|c|☆H2OPulse|OKAY
|c|~inkbug1|https:\/\/cdn.discordapp.com\/attachments\/917245366674522172\/918955079346847784\/evos_carnivine_2.png
|c|☆H2OPulse|CARNIVENOM
|c|~inkbug1|since you doubted me
|c|☆H2OPulse|I love them ;u;
|
|t:|1641625402
|switch|p2a: Tasty|Carnivenom, F|100\/100
|-start|p2a: Tasty|typechange|Grass\/Poison|[silent]
|move|p1a: Anthos|Mystical Fire|p2a: Tasty
|-supereffective|p2a: Tasty
|-damage|p2a: Tasty|50\/100
|-unboost|p2a: Tasty|spa|1
|
|-weather|SunnyDay|[upkeep]
|-heal|p1a: Anthos|81\/100|[from] item: Leftovers
|-heal|p2a: Tasty|57\/100|[from] item: Black Sludge
|upkeep
|turn|11
|c|~inkbug1|oh wow that did damage
|c|~inkbug1|oh sun
|c|~inkbug1|ok
|c|☆tkmof~11209|dumbest player in the planet
|
|t:|1641625419
|move|p1a: Anthos|Wish|p1a: Anthos
|move|p2a: Tasty|Poison Jab|p1a: Anthos
|-supereffective|p1a: Anthos
|-damage|p1a: Anthos|14\/100
|
|-weather|SunnyDay|[upkeep]
|-heal|p1a: Anthos|20\/100|[from] item: Leftovers
|-heal|p2a: Tasty|63\/100|[from] item: Black Sludge
|upkeep
|turn|12
|c|☆H2OPulse|is me for staying in on that :)
|
|t:|1641625433
|switch|p1a: Carnation|Balleringue, F|64\/100
|-start|p1a: Carnation|typechange|Bug\/Steel|[silent]
|move|p2a: Tasty|Coil|p2a: Tasty
|-boost|p2a: Tasty|atk|1
|-boost|p2a: Tasty|def|1
|-boost|p2a: Tasty|accuracy|1
|
|-weather|none
|-heal|p1a: Carnation|100\/100|[from] move: Wish|[wisher] Anthos
|-heal|p2a: Tasty|69\/100|[from] item: Black Sludge
|upkeep
|turn|13
|
|t:|1641625441
|move|p1a: Carnation|Leech Life|p2a: Tasty
|-damage|p2a: Tasty|33\/100
|-damage|p1a: Carnation|91\/100|[from] item: Life Orb
|move|p2a: Tasty|Knock Off|p1a: Carnation
|-damage|p1a: Carnation|44\/100
|-enditem|p1a: Carnation|Life Orb|[from] move: Knock Off|[of] p2a: Tasty
|
|-heal|p2a: Tasty|39\/100|[from] item: Black Sludge
|upkeep
|turn|14
|c|☆tkmof~11209|kek
|c|☆H2OPulse|ow
|c|☆tkmof~11209|ow that leech did damage
|
|t:|1641625463
|switch|p2a: EEEEEEEE|Coilrig, F|81\/100
|-start|p2a: EEEEEEEE|typechange|Ground\/Poison|[silent]
|move|p1a: Carnation|Leech Life|p2a: EEEEEEEE
|-resisted|p2a: EEEEEEEE
|-damage|p2a: EEEEEEEE|69\/100
|-heal|p1a: Carnation|50\/100|[from] drain|[of] p2a: EEEEEEEE
|-damage|p1a: Carnation|34\/100|[from] item: Rocky Helmet|[of] p2a: EEEEEEEE
|
|upkeep
|turn|15
|c|☆tkmof~11209|69%
|c|☆H2OPulse|double-ow
|c|☆tkmof~11209|nice.
|j| Gateofdelirium
|c|~inkbug1|shed skin huh
|
|t:|1641625486
|switch|p1a: Drosera|Carnivenom, F|100\/100 par
|-start|p1a: Drosera|typechange|Grass\/Poison|[silent]
|move|p2a: EEEEEEEE|Stealth Rock|p1a: Drosera
|-sidestart|p1: H2OPulse|move: Stealth Rock
|
|upkeep
|turn|16
|
|t:|1641625495
|switch|p2a: Photosynthesis|Gigalith-Kalos, F|73\/100
|-start|p2a: Photosynthesis|typechange|Rock\/Electric|[silent]
|-weather|SunnyDay|[from] ability: Drought|[of] p2a: Photosynthesis
|move|p1a: Drosera|Coil|p1a: Drosera
|-boost|p1a: Drosera|atk|1
|-boost|p1a: Drosera|def|1
|-boost|p1a: Drosera|accuracy|1
|
|-weather|SunnyDay|[upkeep]
|upkeep
|turn|17
|
|t:|1641625498
|move|p2a: Photosynthesis|Weather Ball|p1a: Drosera
|-supereffective|p1a: Drosera
|-damage|p1a: Drosera|26\/100 par
|move|p1a: Drosera|Power Whip|p2a: Photosynthesis
|-supereffective|p2a: Photosynthesis
|-damage|p2a: Photosynthesis|0 fnt
|faint|p2a: Photosynthesis
|
|-weather|SunnyDay|[upkeep]
|-heal|p1a: Drosera|32\/100 par|[from] item: Black Sludge
|upkeep
|c|☆H2OPulse|CONTINUED OW
|c|☆tkmof~11209|that doesn't work fk
|
|t:|1641625512
|switch|p2a: Black Death|Plaguicate, F|100\/100
|-start|p2a: Black Death|typechange|Normal\/Poison|[silent]
|raw|<ul class="utilichart"><li class="result"><span class="col pokemonnamecol" style="white-space: nowrap">Plaguicate<\/span> <span class="col typecol"><img src="https:\/\/play.pokemonshowdown.com\/sprites\/types\/Normal.png" alt="Normal" height="14" width="32"><img src="https:\/\/play.pokemonshowdown.com\/sprites\/types\/Poison.png" alt="Poison" height="14" width="32"><\/span> <span style="float: left ; min-height: 26px"><span class="col abilitycol">Poison Touch \/ Guts \/ Hustle<\/span><span class="col abilitycol"><\/span><\/span><\/li><li style="clear: both"><\/li><\/ul>
|raw|<ul class="utilichart"><li class="result"><span style="float: left ; min-height: 26px"><span class="col statcol"><em>HP<\/em><br>75<\/span> <span class="col statcol"><em>Atk<\/em><br>91<\/span> <span class="col statcol"><em>Def<\/em><br>80<\/span> <span class="col statcol"><em>SpA<\/em><br>65<\/span> <span class="col statcol"><em>SpD<\/em><br>90<\/span> <span class="col statcol"><em>Spe<\/em><br>97<\/span> <\/span><\/li><li style="clear: both"><\/li><\/ul>
|-hint|Plaguicate was created by ausma!
|turn|18
|
|t:|1641625521
|move|p2a: Black Death|Plaque Fang||[still]
|-anim|p2a: Black Death|Poison Fang|p1a: Drosera
|-damage|p1a: Drosera|8\/100 par
|move|p1a: Drosera|Sleep Powder|p2a: Black Death
|-status|p2a: Black Death|slp|[from] move: Sleep Powder
|
|-weather|SunnyDay|[upkeep]
|-heal|p1a: Drosera|14\/100 par|[from] item: Black Sludge
|upkeep
|turn|19
|c|☆tkmof~11209|might as well
|c|~inkbug1|im horrified by how much that did for several reasons
|c|☆tkmof~11209|fkkk
|
|t:|1641625537
|switch|p2a: Tasty|Carnivenom, F|39\/100
|-start|p2a: Tasty|typechange|Grass\/Poison|[silent]
|move|p1a: Drosera|Power Whip|p2a: Tasty
|-resisted|p2a: Tasty
|-damage|p2a: Tasty|22\/100
|
|-weather|SunnyDay|[upkeep]
|-heal|p2a: Tasty|28\/100|[from] item: Black Sludge
|-heal|p1a: Drosera|20\/100 par|[from] item: Black Sludge
|upkeep
|turn|20
|c|~inkbug1|i rlly need to make that things spd worse it had no right to live that
|
|t:|1641625554
|move|p2a: Tasty|Knock Off|p1a: Drosera
|-damage|p1a: Drosera|0 fnt
|-enditem|p1a: Drosera|Black Sludge|[from] move: Knock Off|[of] p2a: Tasty
|faint|p1a: Drosera
|
|-weather|none
|-heal|p2a: Tasty|34\/100|[from] item: Black Sludge
|upkeep
|c|☆H2OPulse|okay fair
|
|t:|1641625567
|switch|p1a: Yeast|Gourmant, F|100\/100
|-start|p1a: Yeast|typechange|Fire\/Dark|[silent]
|turn|21
|c|☆tkmof~11209|carnivine only have a base 72 sp.def kek
|
|t:|1641625585
|switch|p2a: *Sniped*|Falinks-Terracotta, F|100\/100
|-start|p2a: *Sniped*|typechange|Fighting\/Rock|[silent]
|raw|<ul class="utilichart"><li class="result"><span class="col pokemonnamecol" style="white-space: nowrap">Falinks-Terracotta<\/span> <span class="col typecol"><img src="https:\/\/play.pokemonshowdown.com\/sprites\/types\/Fighting.png" alt="Fighting" height="14" width="32"><img src="https:\/\/play.pokemonshowdown.com\/sprites\/types\/Rock.png" alt="Rock" height="14" width="32"><\/span> <span style="float: left ; min-height: 26px"><span class="col abilitycol">Solid Rock \/ Skill Link \/ Defiant<\/span><span class="col abilitycol"><\/span><\/span><\/li><li style="clear: both"><\/li><\/ul>
|raw|<ul class="utilichart"><li class="result"><span style="float: left ; min-height: 26px"><span class="col statcol"><em>HP<\/em><br>65<\/span> <span class="col statcol"><em>Atk<\/em><br>100<\/span> <span class="col statcol"><em>Def<\/em><br>100<\/span> <span class="col statcol"><em>SpA<\/em><br>60<\/span> <span class="col statcol"><em>SpD<\/em><br>60<\/span> <span class="col statcol"><em>Spe<\/em><br>85<\/span> <\/span><\/li><li style="clear: both"><\/li><\/ul>
|-hint|Falinks-Terracotta was created by Hematite!
|move|p1a: Yeast|Knock Off|p2a: *Sniped*
|-resisted|p2a: *Sniped*
|-damage|p2a: *Sniped*|67\/100
|-enditem|p2a: *Sniped*|Life Orb|[from] move: Knock Off|[of] p1a: Yeast
|
|upkeep
|turn|22
|c|☆tkmof~11209|hey it's ur creation
|c|~inkbug1|this isnt carnivine tho it has different stats?
|c|☆H2OPulse|<3
|c|☆tkmof~11209|i-i
|c|☆H2OPulse|Um, I mean fear in context but
|c| ausma|carnivenom has 94\/82\/102 bulk tkmof
|c|☆tkmof~11209|looks more like victreebel ngl
|c| ausma|wha
|c|☆tkmof~11209|oh wait venusaur
|c|☆H2OPulse|That is a strange take
|c|☆H2OPulse|Oh do you mean statwise
|c| ausma|im sorry i dont follow
|c|☆tkmof~11209|yeah 
|c|☆tkmof~11209|i mean stats
|c| ausma|o
|c|☆H2OPulse|RIght okay
|
|t:|1641625654
|switch|p1a: Rampion|Rubulwark, M|100\/100
|-damage|p1a: Rampion|88\/100|[from] Stealth Rock
|-start|p1a: Rampion|typechange|Dragon\/Rock|[silent]
|raw|<ul class="utilichart"><li class="result"><span class="col pokemonnamecol" style="white-space: nowrap">Rubulwark<\/span> <span class="col typecol"><img src="https:\/\/play.pokemonshowdown.com\/sprites\/types\/Dragon.png" alt="Dragon" height="14" width="32"><img src="https:\/\/play.pokemonshowdown.com\/sprites\/types\/Rock.png" alt="Rock" height="14" width="32"><\/span> <span style="float: left ; min-height: 26px"><span class="col abilitycol">Weak Armor \/ Sheer Force \/ Mold Breaker<\/span><span class="col abilitycol"><\/span><\/span><\/li><li style="clear: both"><\/li><\/ul>
|raw|<ul class="utilichart"><li class="result"><span style="float: left ; min-height: 26px"><span class="col statcol"><em>HP<\/em><br>87<\/span> <span class="col statcol"><em>Atk<\/em><br>160<\/span> <span class="col statcol"><em>Def<\/em><br>90<\/span> <span class="col statcol"><em>SpA<\/em><br>60<\/span> <span class="col statcol"><em>SpD<\/em><br>90<\/span> <span class="col statcol"><em>Spe<\/em><br>38<\/span> <\/span><\/li><li style="clear: both"><\/li><\/ul>
|-hint|Rubulwark was created by Hematite!
|move|p2a: *Sniped*|No Retreat|p2a: *Sniped*
|-boost|p2a: *Sniped*|atk|1
|-boost|p2a: *Sniped*|def|1
|-boost|p2a: *Sniped*|spa|1
|-boost|p2a: *Sniped*|spd|1
|-boost|p2a: *Sniped*|spe|1
|-start|p2a: *Sniped*|move: No Retreat
|
|upkeep
|turn|23
|c|☆H2OPulse|Oops okay
|c|☆H2OPulse|Was hoping to take a
|c|☆H2OPulse|never mind
|c|☆tkmof~11209|also ur creation
|c|☆tkmof~11209|kek
|c|~inkbug1|it was designed as kkind of a vileplume sidegrade tht uses coil instead of swords dance
|c|☆tkmof~11209|ok fair
|
|t:|1641625697
|move|p2a: *Sniped*|Drain Punch|p1a: Rampion
|-supereffective|p1a: Rampion
|-damage|p1a: Rampion|0 fnt
|-heal|p2a: *Sniped*|100\/100|[from] drain|[of] p1a: Rampion
|-damage|p2a: *Sniped*|84\/100|[from] item: Rocky Helmet|[of] p1a: Rampion
|faint|p1a: Rampion
|
|upkeep
|c|☆H2OPulse|fair
|c|☆H2OPulse|I am about to get swept aren't I
|c|☆tkmof~11209|wow 
|
|t:|1641625713
|switch|p1a: Monkshood|Mienshao-Yaoguai, M|100\/100
|-start|p1a: Monkshood|typechange|Fighting\/Ghost|[silent]
|raw|<ul class="utilichart"><li class="result"><span class="col pokemonnamecol" style="white-space: nowrap">Mienshao-Yaoguai<\/span> <span class="col typecol"><img src="https:\/\/play.pokemonshowdown.com\/sprites\/types\/Fighting.png" alt="Fighting" height="14" width="32"><img src="https:\/\/play.pokemonshowdown.com\/sprites\/types\/Ghost.png" alt="Ghost" height="14" width="32"><\/span> <span style="float: left ; min-height: 26px"><span class="col abilitycol">Inner Focus \/ Prankster \/ Berserk<\/span><span class="col abilitycol"><\/span><\/span><\/li><li style="clear: both"><\/li><\/ul>
|raw|<ul class="utilichart"><li class="result"><span style="float: left ; min-height: 26px"><span class="col statcol"><em>HP<\/em><br>65<\/span> <span class="col statcol"><em>Atk<\/em><br>125<\/span> <span class="col statcol"><em>Def<\/em><br>60<\/span> <span class="col statcol"><em>SpA<\/em><br>105<\/span> <span class="col statcol"><em>SpD<\/em><br>60<\/span> <span class="col statcol"><em>Spe<\/em><br>95<\/span> <\/span><\/li><li style="clear: both"><\/li><\/ul>
|-hint|Mienshao-Yaoguai was created by Hematite!
|-damage|p1a: Monkshood|95\/100|[from] Stealth Rock
|turn|24
|c| ausma|depends on the coverage
|c|~inkbug1|do it do it do it do it
|c|☆tkmof~11209|wait no why didn't i have 
|c|☆H2OPulse|I think I handle this
|c|☆tkmof~11209|i have fighting rock
|c|☆tkmof~11209|fudge
|
|t:|1641625736
|move|p1a: Monkshood|Reflect|p1a: Monkshood
|-sidestart|p1: H2OPulse|Reflect
|move|p2a: *Sniped*|Rock Blast|p1a: Monkshood
|-resisted|p1a: Monkshood
|-damage|p1a: Monkshood|88\/100
|-resisted|p1a: Monkshood
|-damage|p1a: Monkshood|80\/100
|-resisted|p1a: Monkshood
|-damage|p1a: Monkshood|71\/100
|-resisted|p1a: Monkshood
|-damage|p1a: Monkshood|64\/100
|-resisted|p1a: Monkshood
|-damage|p1a: Monkshood|57\/100
|-hitcount|p1a: Monkshood|5
|
|upkeep
|turn|25
|c|☆H2OPulse|Well
|c|☆H2OPulse|Ow
|c|☆H2OPulse|but
|
|t:|1641625746
|move|p2a: *Sniped*|Rock Blast|p1a: Monkshood
|-resisted|p1a: Monkshood
|-damage|p1a: Monkshood|48\/100
|-resisted|p1a: Monkshood
|-damage|p1a: Monkshood|41\/100
|-resisted|p1a: Monkshood
|-damage|p1a: Monkshood|33\/100
|-resisted|p1a: Monkshood
|-damage|p1a: Monkshood|25\/100
|-resisted|p1a: Monkshood
|-damage|p1a: Monkshood|17\/100
|-hitcount|p1a: Monkshood|5
|move|p1a: Monkshood|Close Combat|p2a: *Sniped*
|-supereffective|p2a: *Sniped*
|-damage|p2a: *Sniped*|3\/100
|-unboost|p1a: Monkshood|def|1
|-unboost|p1a: Monkshood|spd|1
|
|upkeep
|turn|26
|c|☆H2OPulse|Oh are you __Skill Link__
|c|~inkbug1|oh no ground? 
|c|☆tkmof~11209|that did nothing
|c|☆tkmof~11209|sadhe
|c| ausma|that still did a LOT as a resisted hit
|c|☆tkmof~11209|owo
|c| ausma|behind reflect
|c| ausma|do it
|c|☆tkmof~11209|watch it miss
|c|☆H2OPulse|YEAH THAT'S WITH A REFLECT
|c|~inkbug1|do it
|c| ausma|do it hema do it 
|
|t:|1641625771
|move|p1a: Monkshood|Me First|p2a: *Sniped*
|move|p1a: Monkshood|Rock Blast|p2a: *Sniped*|[from]move: Me First|[miss]
|-miss|p1a: Monkshood|p2a: *Sniped*
|move|p2a: *Sniped*|Rock Blast|p1a: Monkshood
|-resisted|p1a: Monkshood
|-damage|p1a: Monkshood|5\/100
|-resisted|p1a: Monkshood
|-damage|p1a: Monkshood|0 fnt
|-hitcount|p1a: Monkshood|2
|faint|p1a: Monkshood
|
|upkeep
|c| ausma|YEAHHHH
|c| ausma|nOFGRNW;'KLEJG
|c|☆H2OPulse|PF
|c|~inkbug1|NOOOO
|c|☆tkmof~11209|LOL
|c| ausma|this game is bad
|c|☆tkmof~11209|kek
|c|☆H2OPulse|but yeah I was thinking you'd be Defiant that's part of why I was afraid of using Fire Lash
|c|☆H2OPulse|this is so funny I'm
|c|☆H2OPulse|okay with this
|
|t:|1641625797
|switch|p1a: Yeast|Gourmant, F|100\/100
|-start|p1a: Yeast|typechange|Fire\/Dark|[silent]
|turn|27
|c|☆H2OPulse|anyway. please help me Yeast--
|c| ausma|this is like the tobey crying meme
|c|~inkbug1|its ok its a rite of passage for any given mon to beat the shit out of the person who made it in this mod already 
|c| ausma|losing but losing to your own creation
|c|☆H2OPulse|^
|c| ausma|which makes it satisfying.
|c|☆H2OPulse|on both counts
|
|t:|1641625832
|move|p1a: Yeast|Sucker Punch|p2a: *Sniped*
|-resisted|p2a: *Sniped*
|-damage|p2a: *Sniped*|0 fnt
|faint|p2a: *Sniped*
|
|upkeep
|c|~inkbug1|u should have seen my first match ever tht was vs a carnivine it was so sad
|
|t:|1641625841
|switch|p2a: EEEEEEEE|Coilrig, F|69\/100
|-start|p2a: EEEEEEEE|typechange|Ground\/Poison|[silent]
|turn|28
|c|☆H2OPulse|I don't think anyone but me has used Rubulwark yet though which is wild
|c|☆H2OPulse|Someone has to beat me up with it
|c|~inkbug1|carnivenom* 
|c|☆tkmof~11209|i think E wins right
|c| ausma|idt i was put down by my own creations yet
|
|t:|1641625861
|move|p1a: Yeast|Knock Off|p2a: EEEEEEEE
|-damage|p2a: EEEEEEEE|35\/100
|-damage|p1a: Yeast|84\/100|[from] item: Rocky Helmet|[of] p2a: EEEEEEEE
|-enditem|p2a: EEEEEEEE|Rocky Helmet|[from] move: Knock Off|[of] p1a: Yeast
|move|p2a: EEEEEEEE|Earthquake|p1a: Yeast
|-supereffective|p1a: Yeast
|-damage|p1a: Yeast|31\/100
|
|upkeep
|turn|29
|c| ausma|though i feel like im about to eat my own words w\/ whiscazu
|c|☆tkmof~11209|:the only people that uses ausma's creations:
|
|t:|1641625877
|move|p1a: Yeast|Fire Lash|p2a: EEEEEEEE
|-damage|p2a: EEEEEEEE|9\/100
|-unboost|p2a: EEEEEEEE|def|1
|move|p2a: EEEEEEEE|Earthquake|p1a: Yeast
|-supereffective|p1a: Yeast
|-damage|p1a: Yeast|0 fnt
|faint|p1a: Yeast
|
|upkeep
|c|☆tkmof~11209|ow
|c| ausma|thanks 
|
|t:|1641625890
|switch|p1a: Carnation|Balleringue, F|34\/100
|-start|p1a: Carnation|typechange|Bug\/Steel|[silent]
|-damage|p1a: Carnation|22\/100|[from] Stealth Rock
|turn|30
|
|t:|1641625895
|move|p1a: Carnation|Leech Life|p2a: EEEEEEEE
|-resisted|p2a: EEEEEEEE
|-damage|p2a: EEEEEEEE|0 fnt
|-heal|p1a: Carnation|26\/100|[from] drain|[of] p2a: EEEEEEEE
|faint|p2a: EEEEEEEE
|
|upkeep
|
|t:|1641625902
|switch|p2a: Power|Whiscazu, M|58\/100
|-start|p2a: Power|typechange|Water\/Ground|[silent]
|turn|31
|c|☆H2OPulse|okay Carnation sweep please--
|
|t:|1641625906
|move|p1a: Carnation|Leech Life|p2a: Power
|-damage|p2a: Power|15\/100
|-heal|p1a: Carnation|51\/100|[from] drain|[of] p2a: Power
|move|p2a: Power|Scald|p1a: Carnation
|-damage|p1a: Carnation|16\/100
|
|-heal|p2a: Power|21\/100|[from] item: Leftovers
|-sideend|p1: H2OPulse|Reflect
|upkeep
|turn|32
|
|t:|1641625915
|move|p1a: Carnation|Leech Life|p2a: Power
|-damage|p2a: Power|0 fnt
|-heal|p1a: Carnation|28\/100|[from] drain|[of] p2a: Power
|faint|p2a: Power
|
|upkeep
|
|t:|1641625920
|switch|p2a: Tasty|Carnivenom, F|34\/100
|-start|p2a: Tasty|typechange|Grass\/Poison|[silent]
|turn|33
|c|~inkbug1|i was gonna put plaguicate on this one but i already had
|c|~inkbug1|two poisons 
|c|~inkbug1|and i didnt think i could 
|c|~inkbug1|i might change my mind still
|
|t:|1641625930
|move|p1a: Carnation|Leech Life|p2a: Tasty
|-damage|p2a: Tasty|0 fnt
|-heal|p1a: Carnation|46\/100|[from] drain|[of] p2a: Tasty
|faint|p2a: Tasty
|
|upkeep
|
|t:|1641625932
|switch|p2a: Black Death|Plaguicate, F|100\/100 slp
|-start|p2a: Black Death|typechange|Normal\/Poison|[silent]
|turn|34
|c|☆tkmof~11209|ok if this dude wake up in time i can win
|
|t:|1641625952
|cant|p2a: Black Death|slp
|move|p1a: Carnation|Gyro Ball|p2a: Black Death
|-damage|p2a: Black Death|0 fnt
|faint|p2a: Black Death
|
|win|H2OPulse
|c|☆tkmof~11209|actually no
|c|☆H2OPulse|She can't wake up first turn unfortunately :')
|c|☆H2OPulse|W h e w
|c|☆H2OPulse|Good game :'D
|c|☆tkmof~11209|gg
|l|☆tkmof~11209
|j|☆tkmof~11209
|player|p2|tkmof~11209|266
|c|☆tkmof~11209|falinks was terrifying kek
|c|☆tkmof~11209|~~also me first is weird~~</script>
</div>
<div class="battle-log battle-log-inline"><div class="inner"><div class="battle-options"><div style="padding-top: 3px; padding-right: 3px; text-align: right"><button class="icon button" name="openBattleOptions" title="Options">Battle Options</button></div></div><div class="inner message-log"><div class="chat"><small>☆H2OPulse and ☆tkmof~11209 joined</small></div><div class=""><small>Format:</small> <br><strong>[Gen 8] Evolution Project</strong></div><div class=""><small><em>HP Percentage Mod:</em> HP is shown in percentages</small></div><div class=""><small><em>Endless Battle Clause:</em> Forcing endless battles is banned</small></div><div class=""><small><em>OHKO Clause:</em> OHKO moves are banned</small></div><div class=""><small><em>Evasion Moves Clause:</em> Evasion moves are banned</small></div><div class=""><small><em>Species Clause:</em> Limit one of each Pokémon</small></div><div class=""><small><em>Dynamax Clause:</em> You cannot dynamax</small></div><div class=""><small><em>Sleep Clause Mod:</em> Limit one foe put to sleep</small></div><div class=""><small><em>Z-Move Clause:</em> Type-based Z-Moves are banned</small></div><div class="chat battle-history"><strong>H2OPulse's team:</strong> <em style="color:#445566;display:block;">Mienshao-Yaoguai / Rubulwark / Balleringue / Carnivenom / Sylveon / Gourmant</em></div><div class="chat battle-history"><strong>tkmof~11209's team:</strong> <em style="color:#445566;display:block;">Whiscazu / Coilrig / Gigalith-Kalos / Carnivenom / Falinks-Terracotta / Plaguicate</em></div><div class="chat"><small>~inkbug1 joined</small></div><div class="chat chatmessage-tkmof11209"><strong style="color:#969b38"><small>☆</small><span class="username" data-name="tkmof~11209">tkmof~11209</span>:</strong> <em>forgot to mute sounds fk</em></div><div class="chat chatmessage-h2opulse"><strong style="color:#6e8c2b"><small>☆</small><span class="username" data-name="H2OPulse">H2OPulse</span>:</strong> <em>Aaa hi!! Good luck and have fun O:</em></div><div class="chat chatmessage-h2opulse"><strong style="color:#6e8c2b"><small>☆</small><span class="username" data-name="H2OPulse">H2OPulse</span>:</strong> <em>Kdshfjhf fai r</em></div><div class="chat chatmessage-tkmof11209"><strong style="color:#969b38"><small>☆</small><span class="username" data-name="tkmof~11209">tkmof~11209</span>:</strong> <em>now my eardrums is broken</em></div><div class="spacer battle-history"><br></div><div class="battle-history">Battle started between H2OPulse and tkmof~11209!<br></div><div class="spacer battle-history"><br></div><div class="battle-history">Go! Carnation (<strong>Balleringue</strong>)!<br></div><div class="spacer battle-history"><br></div><div class="battle-history">tkmof~11209 sent out Tasty (<strong>Carnivenom</strong>)!<br></div><div class="chat"><ul class="utilichart"><li class="result"><span class="col pokemonnamecol" style="white-space: nowrap">Carnivenom</span> <span class="col typecol"><img src="https://play.pokemonshowdown.com/sprites/types/Grass.png" alt="Grass" height="14" width="32"><img src="https://play.pokemonshowdown.com/sprites/types/Poison.png" alt="Poison" height="14" width="32"></span> <span style="float: left ; min-height: 26px"><span class="col abilitycol">Levitate</span><span class="col abilitycol"></span></span></li><li style="clear: both"></li></ul></div><div class="chat"><ul class="utilichart"><li class="result"><span style="float: left ; min-height: 26px"><span class="col statcol"><em>HP</em><br>94</span> <span class="col statcol"><em>Atk</em><br>105</span> <span class="col statcol"><em>Def</em><br>82</span> <span class="col statcol"><em>SpA</em><br>100</span> <span class="col statcol"><em>SpD</em><br>102</span> <span class="col statcol"><em>Spe</em><br>51</span> </span></li><li style="clear: both"></li></ul></div><div class="battle-history"><small>(Carnivenom was created by inkbug!)</small><br></div><div class="chat"><ul class="utilichart"><li class="result"><span class="col pokemonnamecol" style="white-space: nowrap">Balleringue</span> <span class="col typecol"><img src="https://play.pokemonshowdown.com/sprites/types/Bug.png" alt="Bug" height="14" width="32"><img src="https://play.pokemonshowdown.com/sprites/types/Steel.png" alt="Steel" height="14" width="32"></span> <span style="float: left ; min-height: 26px"><span class="col abilitycol">Anticipation / Triage / Overcoat</span><span class="col abilitycol"></span></span></li><li style="clear: both"></li></ul></div><div class="chat"><ul class="utilichart"><li class="result"><span style="float: left ; min-height: 26px"><span class="col statcol"><em>HP</em><br>80</span> <span class="col statcol"><em>Atk</em><br>109</span> <span class="col statcol"><em>Def</em><br>105</span> <span class="col statcol"><em>SpA</em><br>69</span> <span class="col statcol"><em>SpD</em><br>105</span> <span class="col statcol"><em>Spe</em><br>29</span> </span></li><li style="clear: both"></li></ul></div><div class="battle-history"><small>(Balleringue was created by Magmajudis!)</small><br></div><div class="spacer battle-history"><br></div><h2 class="battle-history">Turn 1</h2><div class="spacer battle-history"><br></div><div class="battle-history">tkmof~11209 withdrew Tasty!<br></div><div class="battle-history">tkmof~11209 sent out Power (<strong>Whiscazu</strong>)!<br></div><div class="chat"><ul class="utilichart"><li class="result"><span class="col pokemonnamecol" style="white-space: nowrap">Whiscazu</span> <span class="col typecol"><img src="https://play.pokemonshowdown.com/sprites/types/Water.png" alt="Water" height="14" width="32"><img src="https://play.pokemonshowdown.com/sprites/types/Ground.png" alt="Ground" height="14" width="32"></span> <span style="float: left ; min-height: 26px"><span class="col abilitycol">Oblivious / Cheek Pouch / Hydration</span><span class="col abilitycol"></span></span></li><li style="clear: both"></li></ul></div><div class="chat"><ul class="utilichart"><li class="result"><span style="float: left ; min-height: 26px"><span class="col statcol"><em>HP</em><br>110</span> <span class="col statcol"><em>Atk</em><br>78</span> <span class="col statcol"><em>Def</em><br>78</span> <span class="col statcol"><em>SpA</em><br>116</span> <span class="col statcol"><em>SpD</em><br>81</span> <span class="col statcol"><em>Spe</em><br>70</span> </span></li><li style="clear: both"></li></ul></div><div class="battle-history"><small>(Whiscazu was created by ausma!)</small><br></div><div class="spacer battle-history"><br></div><div class="battle-history">Carnation used <strong>Leech Life</strong>!<br></div><div class="battle-history"><small>(The opposing Power lost 48% of its health!)</small><br></div><div class="battle-history"><small>Carnation lost some of its HP!</small><br></div><div class="spacer battle-history"><br></div><div class="battle-history"><small>The opposing Power restored a little HP using its Leftovers!</small><br></div><div class="spacer battle-history"><br></div><h2 class="battle-history">Turn 2</h2><div class="chat"><small> ausma joined</small></div><div class="chat chatmessage-inkbug1 mine"><strong style="color:#e46e0f"><small>~</small><span class="username" data-name="inkbug1">inkbug1</span>:</strong> <em>TASTY..............</em></div><div class="chat chatmessage-tkmof11209"><strong style="color:#969b38"><small>☆</small><span class="username" data-name="tkmof~11209">tkmof~11209</span>:</strong> <em>:P</em></div><div class="chat chatmessage-ausma"><strong style="color:#774de1"><small> </small><span class="username" data-name="ausma">ausma</span>:</strong> <em>slurped</em></div><div class="spacer battle-history"><br></div><div class="battle-history">tkmof~11209 withdrew Power!<br></div><div class="battle-history">tkmof~11209 sent out EEEEEEEE (<strong>Coilrig</strong>)!<br></div><div class="chat"><ul class="utilichart"><li class="result"><span class="col pokemonnamecol" style="white-space: nowrap">Coilrig</span> <span class="col typecol"><img src="https://play.pokemonshowdown.com/sprites/types/Ground.png" alt="Ground" height="14" width="32"><img src="https://play.pokemonshowdown.com/sprites/types/Poison.png" alt="Poison" height="14" width="32"></span> <span style="float: left ; min-height: 26px"><span class="col abilitycol">Sand Spit / Shed Skin / Liquid Ooze</span><span class="col abilitycol"></span></span></li><li style="clear: both"></li></ul></div><div class="chat"><ul class="utilichart"><li class="result"><span style="float: left ; min-height: 26px"><span class="col statcol"><em>HP</em><br>77</span> <span class="col statcol"><em>Atk</em><br>107</span> <span class="col statcol"><em>Def</em><br>130</span> <span class="col statcol"><em>SpA</em><br>105</span> <span class="col statcol"><em>SpD</em><br>75</span> <span class="col statcol"><em>Spe</em><br>41</span> </span></li><li style="clear: both"></li></ul></div><div class="battle-history"><small>(Coilrig was created by Hematite!)</small><br></div><div class="spacer battle-history"><br></div><div class="battle-history">Carnation used <strong>Gyro Ball</strong>!<br></div><div class="battle-history"><small>(The opposing EEEEEEEE lost 19% of its health!)</small><br></div><div class="battle-history"><small>Carnation was hurt by the Rocky Helmet!</small><br></div><div class="battle-history"><small>Carnation lost some of its HP!</small><br></div><div class="spacer battle-history"><br></div><h2 class="battle-history">Turn 3</h2><div class="chat chatmessage-h2opulse"><strong style="color:#6e8c2b"><small>☆</small><span class="username" data-name="H2OPulse">H2OPulse</span>:</strong> <em>Ow</em></div><div class="chat chatmessage-h2opulse"><strong style="color:#6e8c2b"><small>☆</small><span class="username" data-name="H2OPulse">H2OPulse</span>:</strong> <em>Fair</em></div><div class="chat chatmessage-ausma"><strong style="color:#774de1"><small> </small><span class="username" data-name="ausma">ausma</span>:</strong> <em>fr though whiscazu took that like a champ</em></div><div class="chat chatmessage-ausma"><strong style="color:#774de1"><small> </small><span class="username" data-name="ausma">ausma</span>:</strong> <em>is that def invested</em></div><div class="spacer battle-history"><br></div><div class="battle-history">Carnation, come back!<br></div><div class="battle-history">Go! Drosera (<strong>Carnivenom</strong>)!<br></div><div class="chat"><ul class="utilichart"><li class="result"><span class="col pokemonnamecol" style="white-space: nowrap">Carnivenom</span> <span class="col typecol"><img src="https://play.pokemonshowdown.com/sprites/types/Grass.png" alt="Grass" height="14" width="32"><img src="https://play.pokemonshowdown.com/sprites/types/Poison.png" alt="Poison" height="14" width="32"></span> <span style="float: left ; min-height: 26px"><span class="col abilitycol">Levitate</span><span class="col abilitycol"></span></span></li><li style="clear: both"></li></ul></div><div class="chat"><ul class="utilichart"><li class="result"><span style="float: left ; min-height: 26px"><span class="col statcol"><em>HP</em><br>94</span> <span class="col statcol"><em>Atk</em><br>105</span> <span class="col statcol"><em>Def</em><br>82</span> <span class="col statcol"><em>SpA</em><br>100</span> <span class="col statcol"><em>SpD</em><br>102</span> <span class="col statcol"><em>Spe</em><br>51</span> </span></li><li style="clear: both"></li></ul></div><div class="battle-history"><small>(Carnivenom was created by inkbug!)</small><br></div><div class="spacer battle-history"><br></div><div class="battle-history">The opposing EEEEEEEE used <strong>Glare</strong>!<br></div><div class="battle-history"><small>Drosera is paralyzed! It may be unable to move!</small><br></div><div class="spacer battle-history"><br></div><h2 class="battle-history">Turn 4</h2><div class="chat chatmessage-h2opulse"><strong style="color:#6e8c2b"><small>☆</small><span class="username" data-name="H2OPulse">H2OPulse</span>:</strong> <em>Also fair</em></div><div class="chat chatmessage-tkmof11209"><strong style="color:#969b38"><small>☆</small><span class="username" data-name="tkmof~11209">tkmof~11209</span>:</strong> <em>max hp</em></div><div class="spacer battle-history"><br></div><div class="battle-history">The opposing EEEEEEEE used <strong>Earthquake</strong>!<br></div><div class="battle-history">[Drosera's Levitate]<br><small>It doesn't affect Drosera...</small><br></div><div class="spacer battle-history"><br></div><div class="battle-history">Drosera used <strong>Sleep Powder</strong>!<br></div><div class="battle-history"><small>The opposing EEEEEEEE avoided the attack!</small><br></div><div class="spacer battle-history"><br></div><h2 class="battle-history">Turn 5</h2><div class="chat chatmessage-tkmof11209"><strong style="color:#969b38"><small>☆</small><span class="username" data-name="tkmof~11209">tkmof~11209</span>:</strong> <em>my brain</em></div><div class="chat chatmessage-h2opulse"><strong style="color:#6e8c2b"><small>☆</small><span class="username" data-name="H2OPulse">H2OPulse</span>:</strong> <em>P f</em></div><div class="chat chatmessage-tkmof11209"><strong style="color:#969b38"><small>☆</small><span class="username" data-name="tkmof~11209">tkmof~11209</span>:</strong> <em>is dead</em></div><div class="chat chatmessage-tkmof11209"><strong style="color:#969b38"><small>☆</small><span class="username" data-name="tkmof~11209">tkmof~11209</span>:</strong> <em>:replaces brain:</em></div><div class="chat chatmessage-h2opulse"><strong style="color:#6e8c2b"><small>☆</small><span class="username" data-name="H2OPulse">H2OPulse</span>:</strong> <em><i>I just noticed your Carnivenom is named "Tasty"</i></em></div><div class="spacer battle-history"><br></div><div class="battle-history">tkmof~11209 withdrew EEEEEEEE!<br></div><div class="battle-history">tkmof~11209 sent out Tasty (<strong>Carnivenom</strong>)!<br></div><div class="spacer battle-history"><br></div><div class="battle-history">Drosera used <strong>Coil</strong>!<br></div><div class="battle-history"><small>Drosera's Attack rose!</small><br></div><div class="battle-history"><small>Drosera's Defense rose!</small><br></div><div class="battle-history"><small>Drosera's accuracy rose!</small><br></div><div class="spacer battle-history"><br></div><h2 class="battle-history">Turn 6</h2><div class="chat chatmessage-tkmof11209"><strong style="color:#969b38"><small>☆</small><span class="username" data-name="tkmof~11209">tkmof~11209</span>:</strong> <em>ye</em></div><div class="chat chatmessage-h2opulse"><strong style="color:#6e8c2b"><small>☆</small><span class="username" data-name="H2OPulse">H2OPulse</span>:</strong> <em>love her.</em></div><div class="spacer battle-history"><br></div><div class="battle-history">The opposing Tasty used <strong>Coil</strong>!<br></div><div class="battle-history"><small>The opposing Tasty's Attack rose!</small><br></div><div class="battle-history"><small>The opposing Tasty's Defense rose!</small><br></div><div class="battle-history"><small>The opposing Tasty's accuracy rose!</small><br></div><div class="spacer battle-history"><br></div><div class="battle-history">Drosera is paralyzed! It can't move!<br></div><div class="spacer battle-history"><br></div><h2 class="battle-history">Turn 7</h2><div class="chat chatmessage-tkmof11209"><strong style="color:#969b38"><small>☆</small><span class="username" data-name="tkmof~11209">tkmof~11209</span>:</strong> <em>ink make the mouth beeg</em></div><div class="chat chatmessage-h2opulse"><strong style="color:#6e8c2b"><small>☆</small><span class="username" data-name="H2OPulse">H2OPulse</span>:</strong> <em>fair this is going to get out of hand very very quickly</em></div><div class="chat chatmessage-inkbug1 mine"><strong style="color:#e46e0f"><small>~</small><span class="username" data-name="inkbug1">inkbug1</span>:</strong> <em>hol on </em></div><div class="chat chatmessage-tkmof11209"><strong style="color:#969b38"><small>☆</small><span class="username" data-name="tkmof~11209">tkmof~11209</span>:</strong> <em>so i name this tasty</em></div><div class="spacer battle-history"><br></div><div class="battle-history">Drosera, come back!<br></div><div class="battle-history">Go! Yeast (<strong>Gourmant</strong>)!<br></div><div class="chat"><ul class="utilichart"><li class="result"><span class="col pokemonnamecol" style="white-space: nowrap">Gourmant</span> <span class="col typecol"><img src="https://play.pokemonshowdown.com/sprites/types/Fire.png" alt="Fire" height="14" width="32"><img src="https://play.pokemonshowdown.com/sprites/types/Dark.png" alt="Dark" height="14" width="32"></span> <span style="float: left ; min-height: 26px"><span class="col abilitycol">Gluttony / Flash Fire / White Smoke</span><span class="col abilitycol"></span></span></li><li style="clear: both"></li></ul></div><div class="chat"><ul class="utilichart"><li class="result"><span style="float: left ; min-height: 26px"><span class="col statcol"><em>HP</em><br>85</span> <span class="col statcol"><em>Atk</em><br>137</span> <span class="col statcol"><em>Def</em><br>66</span> <span class="col statcol"><em>SpA</em><br>105</span> <span class="col statcol"><em>SpD</em><br>66</span> <span class="col statcol"><em>Spe</em><br>75</span> </span></li><li style="clear: both"></li></ul></div><div class="battle-history"><small>(Gourmant was created by quagsi!)</small><br></div><div class="spacer battle-history"><br></div><div class="battle-history">The opposing Tasty used <strong>Coil</strong>!<br></div><div class="battle-history"><small>The opposing Tasty's Attack rose!</small><br></div><div class="battle-history"><small>The opposing Tasty's Defense rose!</small><br></div><div class="battle-history"><small>The opposing Tasty's accuracy rose!</small><br></div><div class="spacer battle-history"><br></div><h2 class="battle-history">Turn 8</h2><div class="chat chatmessage-tkmof11209"><strong style="color:#969b38"><small>☆</small><span class="username" data-name="tkmof~11209">tkmof~11209</span>:</strong> <em>nvm</em></div><div class="spacer battle-history"><br></div><div class="battle-history">tkmof~11209 withdrew Tasty!<br></div><div class="battle-history">tkmof~11209 sent out Photosynthesis (<strong>Gigalith-Kalos</strong>)!<br></div><div class="chat"><ul class="utilichart"><li class="result"><span class="col pokemonnamecol" style="white-space: nowrap">Gigalith-Kalos</span> <span class="col typecol"><img src="https://play.pokemonshowdown.com/sprites/types/Rock.png" alt="Rock" height="14" width="32"><img src="https://play.pokemonshowdown.com/sprites/types/Electric.png" alt="Electric" height="14" width="32"></span> <span style="float: left ; min-height: 26px"><span class="col abilitycol">Sturdy / Drought / Solar Power</span><span class="col abilitycol"></span></span></li><li style="clear: both"></li></ul></div><div class="chat"><ul class="utilichart"><li class="result"><span style="float: left ; min-height: 26px"><span class="col statcol"><em>HP</em><br>85</span> <span class="col statcol"><em>Atk</em><br>60</span> <span class="col statcol"><em>Def</em><br>130</span> <span class="col statcol"><em>SpA</em><br>135</span> <span class="col statcol"><em>SpD</em><br>80</span> <span class="col statcol"><em>Spe</em><br>25</span> </span></li><li style="clear: both"></li></ul></div><div class="battle-history"><small>(Gigalith-Kalos was created by Violet!)</small><br></div><div class="battle-history">[The opposing Photosynthesis's Drought]<br><small>The sunlight turned harsh!</small><br></div><div class="battle-history"><small>The opposing Photosynthesis floats in the air with its Air Balloon!</small><br></div><div class="spacer battle-history"><br></div><div class="battle-history">Yeast used <strong>Fire Lash</strong>!<br></div><div class="battle-history"><small>It's not very effective...</small><br></div><div class="battle-history"><small>(The opposing Photosynthesis lost 27% of its health!)</small><br></div><div class="battle-history"><small>The opposing Photosynthesis's Defense fell!</small><br></div><div class="battle-history"><small>The opposing Photosynthesis's Air Balloon popped!</small><br></div><div class="spacer battle-history"><br></div><div class="battle-history"><small>(The sunlight is strong.)</small><br></div><div class="spacer battle-history"><br></div><h2 class="battle-history">Turn 9</h2><div class="chat chatmessage-ausma"><strong style="color:#774de1"><small> </small><span class="username" data-name="ausma">ausma</span>:</strong> <em>oh wait </em></div><div class="chat chatmessage-ausma"><strong style="color:#774de1"><small> </small><span class="username" data-name="ausma">ausma</span>:</strong> <em>sylveon checks this</em></div><div class="chat chatmessage-ausma"><strong style="color:#774de1"><small> </small><span class="username" data-name="ausma">ausma</span>:</strong> <em>banger</em></div><div class="chat chatmessage-ausma"><strong style="color:#774de1"><small> </small><span class="username" data-name="ausma">ausma</span>:</strong> <em>thats just occurred to me</em></div><div class="chat chatmessage-h2opulse"><strong style="color:#6e8c2b"><small>☆</small><span class="username" data-name="H2OPulse">H2OPulse</span>:</strong> <em>D...does he</em></div><div class="chat chatmessage-h2opulse"><strong style="color:#6e8c2b"><small>☆</small><span class="username" data-name="H2OPulse">H2OPulse</span>:</strong> <em>Huh</em></div><div class="spacer battle-history"><br></div><div class="battle-history">Yeast, come back!<br></div><div class="battle-history">Go! Anthos (<strong>Sylveon</strong>)!<br></div><div class="spacer battle-history"><br></div><div class="battle-history">The opposing Photosynthesis used <strong>Power Gem</strong>!<br></div><div class="battle-history"><small>(Anthos lost 31% of its health!)</small><br></div><div class="spacer battle-history"><br></div><div class="battle-history"><small>(The sunlight is strong.)</small><br></div><div class="battle-history"><small>Anthos restored a little HP using its Leftovers!</small><br></div><div class="spacer battle-history"><br></div><h2 class="battle-history">Turn 10</h2><div class="chat chatmessage-h2opulse"><strong style="color:#6e8c2b"><small>☆</small><span class="username" data-name="H2OPulse">H2OPulse</span>:</strong> <em>YES</em></div><div class="chat chatmessage-h2opulse"><strong style="color:#6e8c2b"><small>☆</small><span class="username" data-name="H2OPulse">H2OPulse</span>:</strong> <em>GOOD CALL</em></div><div class="chat chatmessage-h2opulse"><strong style="color:#6e8c2b"><small>☆</small><span class="username" data-name="H2OPulse">H2OPulse</span>:</strong> <em>OKAY</em></div><div class="chat chatmessage-inkbug1 mine"><strong style="color:#e46e0f"><small>~</small><span class="username" data-name="inkbug1">inkbug1</span>:</strong> <em><a href="https://cdn.discordapp.com/attachments/917245366674522172/918955079346847784/evos_carnivine_2.png" rel="noopener" target="_blank">https://cdn.discordapp.com/attachments/917245366674522172/918955079346847784/evos_carnivine_2.png</a></em></div><div class="chat chatmessage-h2opulse"><strong style="color:#6e8c2b"><small>☆</small><span class="username" data-name="H2OPulse">H2OPulse</span>:</strong> <em>CARNIVENOM</em></div><div class="chat chatmessage-inkbug1 mine"><strong style="color:#e46e0f"><small>~</small><span class="username" data-name="inkbug1">inkbug1</span>:</strong> <em>since you doubted me</em></div><div class="chat chatmessage-h2opulse"><strong style="color:#6e8c2b"><small>☆</small><span class="username" data-name="H2OPulse">H2OPulse</span>:</strong> <em>I love them ;u;</em></div><div class="spacer battle-history"><br></div><div class="battle-history">tkmof~11209 withdrew Photosynthesis!<br></div><div class="battle-history">tkmof~11209 sent out Tasty (<strong>Carnivenom</strong>)!<br></div><div class="spacer battle-history"><br></div><div class="battle-history">Anthos used <strong>Mystical Fire</strong>!<br></div><div class="battle-history"><small>It's super effective!</small><br></div><div class="battle-history"><small>(The opposing Tasty lost 50% of its health!)</small><br></div><div class="battle-history"><small>The opposing Tasty's Sp. Atk fell!</small><br></div><div class="spacer battle-history"><br></div><div class="battle-history"><small>(The sunlight is strong.)</small><br></div><div class="battle-history"><small>Anthos restored a little HP using its Leftovers!</small><br></div><div class="battle-history"><small>The opposing Tasty restored a little HP using its Black Sludge!</small><br></div><div class="spacer battle-history"><br></div><h2 class="battle-history">Turn 11</h2><div class="chat chatmessage-inkbug1 mine"><strong style="color:#e46e0f"><small>~</small><span class="username" data-name="inkbug1">inkbug1</span>:</strong> <em>oh wow that did damage</em></div><div class="chat chatmessage-inkbug1 mine"><strong style="color:#e46e0f"><small>~</small><span class="username" data-name="inkbug1">inkbug1</span>:</strong> <em>oh sun</em></div><div class="chat chatmessage-inkbug1 mine"><strong style="color:#e46e0f"><small>~</small><span class="username" data-name="inkbug1">inkbug1</span>:</strong> <em>ok</em></div><div class="chat chatmessage-tkmof11209"><strong style="color:#969b38"><small>☆</small><span class="username" data-name="tkmof~11209">tkmof~11209</span>:</strong> <em>dumbest player in the planet</em></div><div class="spacer battle-history"><br></div><div class="battle-history">Anthos used <strong>Wish</strong>!<br></div><div class="spacer battle-history"><br></div><div class="battle-history">The opposing Tasty used <strong>Poison Jab</strong>!<br></div><div class="battle-history"><small>It's super effective!</small><br></div><div class="battle-history"><small>(Anthos lost 67% of its health!)</small><br></div><div class="spacer battle-history"><br></div><div class="battle-history"><small>(The sunlight is strong.)</small><br></div><div class="battle-history"><small>Anthos restored a little HP using its Leftovers!</small><br></div><div class="battle-history"><small>The opposing Tasty restored a little HP using its Black Sludge!</small><br></div><div class="spacer battle-history"><br></div><h2 class="battle-history">Turn 12</h2><div class="chat chatmessage-h2opulse"><strong style="color:#6e8c2b"><small>☆</small><span class="username" data-name="H2OPulse">H2OPulse</span>:</strong> <em>is me for staying in on that :)</em></div><div class="spacer battle-history"><br></div><div class="battle-history">Anthos, come back!<br></div><div class="battle-history">Go! Carnation (<strong>Balleringue</strong>)!<br></div><div class="spacer battle-history"><br></div><div class="battle-history">The opposing Tasty used <strong>Coil</strong>!<br></div><div class="battle-history"><small>The opposing Tasty's Attack rose!</small><br></div><div class="battle-history"><small>The opposing Tasty's Defense rose!</small><br></div><div class="battle-history"><small>The opposing Tasty's accuracy rose!</small><br></div><div class="spacer battle-history"><br></div><div class="battle-history"><small>The harsh sunlight faded.</small><br></div><div class="battle-history"><small>Anthos's wish came true!</small><br></div><div class="battle-history"><small>The opposing Tasty restored a little HP using its Black Sludge!</small><br></div><div class="spacer battle-history"><br></div><h2 class="battle-history">Turn 13</h2><div class="spacer battle-history"><br></div><div class="battle-history">Carnation used <strong>Leech Life</strong>!<br></div><div class="battle-history"><small>(The opposing Tasty lost 36% of its health!)</small><br></div><div class="battle-history"><small>Carnation lost some of its HP!</small><br></div><div class="spacer battle-history"><br></div><div class="battle-history">The opposing Tasty used <strong>Knock Off</strong>!<br></div><div class="battle-history"><small>(Carnation lost 47% of its health!)</small><br></div><div class="battle-history"><small>The opposing Tasty knocked off Carnation's Life Orb!</small><br></div><div class="spacer battle-history"><br></div><div class="battle-history"><small>The opposing Tasty restored a little HP using its Black Sludge!</small><br></div><div class="spacer battle-history"><br></div><h2 class="battle-history">Turn 14</h2><div class="chat chatmessage-tkmof11209"><strong style="color:#969b38"><small>☆</small><span class="username" data-name="tkmof~11209">tkmof~11209</span>:</strong> <em>kek</em></div><div class="chat chatmessage-h2opulse"><strong style="color:#6e8c2b"><small>☆</small><span class="username" data-name="H2OPulse">H2OPulse</span>:</strong> <em>ow</em></div><div class="chat chatmessage-tkmof11209"><strong style="color:#969b38"><small>☆</small><span class="username" data-name="tkmof~11209">tkmof~11209</span>:</strong> <em>ow that leech did damage</em></div><div class="spacer battle-history"><br></div><div class="battle-history">tkmof~11209 withdrew Tasty!<br></div><div class="battle-history">tkmof~11209 sent out EEEEEEEE (<strong>Coilrig</strong>)!<br></div><div class="spacer battle-history"><br></div><div class="battle-history">Carnation used <strong>Leech Life</strong>!<br></div><div class="battle-history"><small>It's not very effective...</small><br></div><div class="battle-history"><small>(The opposing EEEEEEEE lost 12% of its health!)</small><br></div><div class="battle-history"><small>The opposing EEEEEEEE had its energy drained!</small><br></div><div class="battle-history"><small>Carnation was hurt by the Rocky Helmet!</small><br></div><div class="spacer battle-history"><br></div><h2 class="battle-history">Turn 15</h2><div class="chat chatmessage-tkmof11209"><strong style="color:#969b38"><small>☆</small><span class="username" data-name="tkmof~11209">tkmof~11209</span>:</strong> <em>69%</em></div><div class="chat chatmessage-h2opulse"><strong style="color:#6e8c2b"><small>☆</small><span class="username" data-name="H2OPulse">H2OPulse</span>:</strong> <em>double-ow</em></div><div class="chat chatmessage-tkmof11209"><strong style="color:#969b38"><small>☆</small><span class="username" data-name="tkmof~11209">tkmof~11209</span>:</strong> <em>nice.</em></div><div class="chat"><small> Gateofdelirium joined</small></div><div class="chat chatmessage-inkbug1 mine"><strong style="color:#e46e0f"><small>~</small><span class="username" data-name="inkbug1">inkbug1</span>:</strong> <em>shed skin huh</em></div><div class="spacer battle-history"><br></div><div class="battle-history">Carnation, come back!<br></div><div class="battle-history">Go! Drosera (<strong>Carnivenom</strong>)!<br></div><div class="spacer battle-history"><br></div><div class="battle-history">The opposing EEEEEEEE used <strong>Stealth Rock</strong>!<br></div><div class="battle-history"><small>Pointed stones float in the air around your team!</small><br></div><div class="spacer battle-history"><br></div><h2 class="battle-history">Turn 16</h2><div class="spacer battle-history"><br></div><div class="battle-history">tkmof~11209 withdrew EEEEEEEE!<br></div><div class="battle-history">tkmof~11209 sent out Photosynthesis (<strong>Gigalith-Kalos</strong>)!<br></div><div class="battle-history">[The opposing Photosynthesis's Drought]<br><small>The sunlight turned harsh!</small><br></div><div class="spacer battle-history"><br></div><div class="battle-history">Drosera used <strong>Coil</strong>!<br></div><div class="battle-history"><small>Drosera's Attack rose!</small><br></div><div class="battle-history"><small>Drosera's Defense rose!</small><br></div><div class="battle-history"><small>Drosera's accuracy rose!</small><br></div><div class="spacer battle-history"><br></div><div class="battle-history"><small>(The sunlight is strong.)</small><br></div><div class="spacer battle-history"><br></div><h2 class="battle-history">Turn 17</h2><div class="spacer battle-history"><br></div><div class="battle-history">The opposing Photosynthesis used <strong>Weather Ball</strong>!<br></div><div class="battle-history"><small>It's super effective!</small><br></div><div class="battle-history"><small>(Drosera lost 74% of its health!)</small><br></div><div class="spacer battle-history"><br></div><div class="battle-history">Drosera used <strong>Power Whip</strong>!<br></div><div class="battle-history"><small>It's super effective!</small><br></div><div class="battle-history"><small>(The opposing Photosynthesis lost 73% of its health!)</small><br></div><div class="spacer battle-history"><br></div><div class="battle-history">The opposing Photosynthesis fainted!<br></div><div class="spacer battle-history"><br></div><div class="battle-history"><small>(The sunlight is strong.)</small><br></div><div class="battle-history"><small>Drosera restored a little HP using its Black Sludge!</small><br></div><div class="chat chatmessage-h2opulse"><strong style="color:#6e8c2b"><small>☆</small><span class="username" data-name="H2OPulse">H2OPulse</span>:</strong> <em>CONTINUED OW</em></div><div class="chat chatmessage-tkmof11209"><strong style="color:#969b38"><small>☆</small><span class="username" data-name="tkmof~11209">tkmof~11209</span>:</strong> <em>that doesn't work fk</em></div><div class="spacer battle-history"><br></div><div class="battle-history">tkmof~11209 sent out Black Death (<strong>Plaguicate</strong>)!<br></div><div class="chat"><ul class="utilichart"><li class="result"><span class="col pokemonnamecol" style="white-space: nowrap">Plaguicate</span> <span class="col typecol"><img src="https://play.pokemonshowdown.com/sprites/types/Normal.png" alt="Normal" height="14" width="32"><img src="https://play.pokemonshowdown.com/sprites/types/Poison.png" alt="Poison" height="14" width="32"></span> <span style="float: left ; min-height: 26px"><span class="col abilitycol">Poison Touch / Guts / Hustle</span><span class="col abilitycol"></span></span></li><li style="clear: both"></li></ul></div><div class="chat"><ul class="utilichart"><li class="result"><span style="float: left ; min-height: 26px"><span class="col statcol"><em>HP</em><br>75</span> <span class="col statcol"><em>Atk</em><br>91</span> <span class="col statcol"><em>Def</em><br>80</span> <span class="col statcol"><em>SpA</em><br>65</span> <span class="col statcol"><em>SpD</em><br>90</span> <span class="col statcol"><em>Spe</em><br>97</span> </span></li><li style="clear: both"></li></ul></div><div class="battle-history"><small>(Plaguicate was created by ausma!)</small><br></div><div class="spacer battle-history"><br></div><h2 class="battle-history">Turn 18</h2><div class="spacer battle-history"><br></div><div class="battle-history">The opposing Black Death used <strong>Plaque Fang</strong>!<br></div><div class="battle-history"><small>(Drosera lost 24% of its health!)</small><br></div><div class="spacer battle-history"><br></div><div class="battle-history">Drosera used <strong>Sleep Powder</strong>!<br></div><div class="battle-history"><small>The opposing Black Death fell asleep!</small><br></div><div class="spacer battle-history"><br></div><div class="battle-history"><small>(The sunlight is strong.)</small><br></div><div class="battle-history"><small>Drosera restored a little HP using its Black Sludge!</small><br></div><div class="spacer battle-history"><br></div><h2 class="battle-history">Turn 19</h2><div class="chat chatmessage-tkmof11209"><strong style="color:#969b38"><small>☆</small><span class="username" data-name="tkmof~11209">tkmof~11209</span>:</strong> <em>might as well</em></div><div class="chat chatmessage-inkbug1 mine"><strong style="color:#e46e0f"><small>~</small><span class="username" data-name="inkbug1">inkbug1</span>:</strong> <em>im horrified by how much that did for several reasons</em></div><div class="chat chatmessage-tkmof11209"><strong style="color:#969b38"><small>☆</small><span class="username" data-name="tkmof~11209">tkmof~11209</span>:</strong> <em>fkkk</em></div><div class="spacer battle-history"><br></div><div class="battle-history">tkmof~11209 withdrew Black Death!<br></div><div class="battle-history">tkmof~11209 sent out Tasty (<strong>Carnivenom</strong>)!<br></div><div class="spacer battle-history"><br></div><div class="battle-history">Drosera used <strong>Power Whip</strong>!<br></div><div class="battle-history"><small>It's not very effective...</small><br></div><div class="battle-history"><small>(The opposing Tasty lost 17% of its health!)</small><br></div><div class="spacer battle-history"><br></div><div class="battle-history"><small>(The sunlight is strong.)</small><br></div><div class="battle-history"><small>The opposing Tasty restored a little HP using its Black Sludge!</small><br></div><div class="battle-history"><small>Drosera restored a little HP using its Black Sludge!</small><br></div><div class="spacer battle-history"><br></div><h2 class="battle-history">Turn 20</h2><div class="chat chatmessage-inkbug1 mine"><strong style="color:#e46e0f"><small>~</small><span class="username" data-name="inkbug1">inkbug1</span>:</strong> <em>i rlly need to make that things spd worse it had no right to live that</em></div><div class="spacer battle-history"><br></div><div class="battle-history">The opposing Tasty used <strong>Knock Off</strong>!<br></div><div class="battle-history"><small>(Drosera lost 20% of its health!)</small><br></div><div class="battle-history"><small>The opposing Tasty knocked off Drosera's Black Sludge!</small><br></div><div class="spacer battle-history"><br></div><div class="battle-history">Drosera fainted!<br></div><div class="spacer battle-history"><br></div><div class="battle-history"><small>The harsh sunlight faded.</small><br></div><div class="battle-history"><small>The opposing Tasty restored a little HP using its Black Sludge!</small><br></div><div class="chat chatmessage-h2opulse"><strong style="color:#6e8c2b"><small>☆</small><span class="username" data-name="H2OPulse">H2OPulse</span>:</strong> <em>okay fair</em></div><div class="spacer battle-history"><br></div><div class="battle-history">Go! Yeast (<strong>Gourmant</strong>)!<br></div><div class="spacer battle-history"><br></div><h2 class="battle-history">Turn 21</h2><div class="chat chatmessage-tkmof11209"><strong style="color:#969b38"><small>☆</small><span class="username" data-name="tkmof~11209">tkmof~11209</span>:</strong> <em>carnivine only have a base 72 sp.def kek</em></div><div class="spacer battle-history"><br></div><div class="battle-history">tkmof~11209 withdrew Tasty!<br></div><div class="battle-history">tkmof~11209 sent out *Sniped* (<strong>Falinks-Terracotta</strong>)!<br></div><div class="chat"><ul class="utilichart"><li class="result"><span class="col pokemonnamecol" style="white-space: nowrap">Falinks-Terracotta</span> <span class="col typecol"><img src="https://play.pokemonshowdown.com/sprites/types/Fighting.png" alt="Fighting" height="14" width="32"><img src="https://play.pokemonshowdown.com/sprites/types/Rock.png" alt="Rock" height="14" width="32"></span> <span style="float: left ; min-height: 26px"><span class="col abilitycol">Solid Rock / Skill Link / Defiant</span><span class="col abilitycol"></span></span></li><li style="clear: both"></li></ul></div><div class="chat"><ul class="utilichart"><li class="result"><span style="float: left ; min-height: 26px"><span class="col statcol"><em>HP</em><br>65</span> <span class="col statcol"><em>Atk</em><br>100</span> <span class="col statcol"><em>Def</em><br>100</span> <span class="col statcol"><em>SpA</em><br>60</span> <span class="col statcol"><em>SpD</em><br>60</span> <span class="col statcol"><em>Spe</em><br>85</span> </span></li><li style="clear: both"></li></ul></div><div class="battle-history"><small>(Falinks-Terracotta was created by Hematite!)</small><br></div><div class="spacer battle-history"><br></div><div class="battle-history">Yeast used <strong>Knock Off</strong>!<br></div><div class="battle-history"><small>It's not very effective...</small><br></div><div class="battle-history"><small>(The opposing *Sniped* lost 33% of its health!)</small><br></div><div class="battle-history"><small>Yeast knocked off the opposing *Sniped*'s Life Orb!</small><br></div><div class="spacer battle-history"><br></div><h2 class="battle-history">Turn 22</h2><div class="chat chatmessage-tkmof11209"><strong style="color:#969b38"><small>☆</small><span class="username" data-name="tkmof~11209">tkmof~11209</span>:</strong> <em>hey it's ur creation</em></div><div class="chat chatmessage-inkbug1 mine"><strong style="color:#e46e0f"><small>~</small><span class="username" data-name="inkbug1">inkbug1</span>:</strong> <em>this isnt carnivine tho it has different stats?</em></div><div class="chat chatmessage-h2opulse"><strong style="color:#6e8c2b"><small>☆</small><span class="username" data-name="H2OPulse">H2OPulse</span>:</strong> <em>&lt;3</em></div><div class="chat chatmessage-tkmof11209"><strong style="color:#969b38"><small>☆</small><span class="username" data-name="tkmof~11209">tkmof~11209</span>:</strong> <em>i-i</em></div><div class="chat chatmessage-h2opulse"><strong style="color:#6e8c2b"><small>☆</small><span class="username" data-name="H2OPulse">H2OPulse</span>:</strong> <em>Um, I mean fear in context but</em></div><div class="chat chatmessage-ausma"><strong style="color:#774de1"><small> </small><span class="username" data-name="ausma">ausma</span>:</strong> <em>carnivenom has 94/82/102 bulk tkmof</em></div><div class="chat chatmessage-tkmof11209"><strong style="color:#969b38"><small>☆</small><span class="username" data-name="tkmof~11209">tkmof~11209</span>:</strong> <em>looks more like victreebel ngl</em></div><div class="chat chatmessage-ausma"><strong style="color:#774de1"><small> </small><span class="username" data-name="ausma">ausma</span>:</strong> <em>wha</em></div><div class="chat chatmessage-tkmof11209"><strong style="color:#969b38"><small>☆</small><span class="username" data-name="tkmof~11209">tkmof~11209</span>:</strong> <em>oh wait venusaur</em></div><div class="chat chatmessage-h2opulse"><strong style="color:#6e8c2b"><small>☆</small><span class="username" data-name="H2OPulse">H2OPulse</span>:</strong> <em>That is a strange take</em></div><div class="chat chatmessage-h2opulse"><strong style="color:#6e8c2b"><small>☆</small><span class="username" data-name="H2OPulse">H2OPulse</span>:</strong> <em>Oh do you mean statwise</em></div><div class="chat chatmessage-ausma"><strong style="color:#774de1"><small> </small><span class="username" data-name="ausma">ausma</span>:</strong> <em>im sorry i dont follow</em></div><div class="chat chatmessage-tkmof11209"><strong style="color:#969b38"><small>☆</small><span class="username" data-name="tkmof~11209">tkmof~11209</span>:</strong> <em>yeah </em></div><div class="chat chatmessage-tkmof11209"><strong style="color:#969b38"><small>☆</small><span class="username" data-name="tkmof~11209">tkmof~11209</span>:</strong> <em>i mean stats</em></div><div class="chat chatmessage-ausma"><strong style="color:#774de1"><small> </small><span class="username" data-name="ausma">ausma</span>:</strong> <em>o</em></div><div class="chat chatmessage-h2opulse"><strong style="color:#6e8c2b"><small>☆</small><span class="username" data-name="H2OPulse">H2OPulse</span>:</strong> <em>RIght okay</em></div><div class="spacer battle-history"><br></div><div class="battle-history">Yeast, come back!<br></div><div class="battle-history">Go! Rampion (<strong>Rubulwark</strong>)!<br></div><div class="battle-history"><small>Pointed stones dug into Rampion!</small><br></div><div class="chat"><ul class="utilichart"><li class="result"><span class="col pokemonnamecol" style="white-space: nowrap">Rubulwark</span> <span class="col typecol"><img src="https://play.pokemonshowdown.com/sprites/types/Dragon.png" alt="Dragon" height="14" width="32"><img src="https://play.pokemonshowdown.com/sprites/types/Rock.png" alt="Rock" height="14" width="32"></span> <span style="float: left ; min-height: 26px"><span class="col abilitycol">Weak Armor / Sheer Force / Mold Breaker</span><span class="col abilitycol"></span></span></li><li style="clear: both"></li></ul></div><div class="chat"><ul class="utilichart"><li class="result"><span style="float: left ; min-height: 26px"><span class="col statcol"><em>HP</em><br>87</span> <span class="col statcol"><em>Atk</em><br>160</span> <span class="col statcol"><em>Def</em><br>90</span> <span class="col statcol"><em>SpA</em><br>60</span> <span class="col statcol"><em>SpD</em><br>90</span> <span class="col statcol"><em>Spe</em><br>38</span> </span></li><li style="clear: both"></li></ul></div><div class="battle-history"><small>(Rubulwark was created by Hematite!)</small><br></div><div class="spacer battle-history"><br></div><div class="battle-history">The opposing *Sniped* used <strong>No Retreat</strong>!<br></div><div class="battle-history"><small>The opposing *Sniped*'s Attack rose!</small><br></div><div class="battle-history"><small>The opposing *Sniped*'s Defense rose!</small><br></div><div class="battle-history"><small>The opposing *Sniped*'s Sp. Atk rose!</small><br></div><div class="battle-history"><small>The opposing *Sniped*'s Sp. Def rose!</small><br></div><div class="battle-history"><small>The opposing *Sniped*'s Speed rose!</small><br></div><div class="battle-history"><small>The opposing *Sniped* can no longer escape because it used No Retreat!</small><br></div><div class="spacer battle-history"><br></div><h2 class="battle-history">Turn 23</h2><div class="chat chatmessage-h2opulse"><strong style="color:#6e8c2b"><small>☆</small><span class="username" data-name="H2OPulse">H2OPulse</span>:</strong> <em>Oops okay</em></div><div class="chat chatmessage-h2opulse"><strong style="color:#6e8c2b"><small>☆</small><span class="username" data-name="H2OPulse">H2OPulse</span>:</strong> <em>Was hoping to take a</em></div><div class="chat chatmessage-h2opulse"><strong style="color:#6e8c2b"><small>☆</small><span class="username" data-name="H2OPulse">H2OPulse</span>:</strong> <em>never mind</em></div><div class="chat chatmessage-tkmof11209"><strong style="color:#969b38"><small>☆</small><span class="username" data-name="tkmof~11209">tkmof~11209</span>:</strong> <em>also ur creation</em></div><div class="chat chatmessage-tkmof11209"><strong style="color:#969b38"><small>☆</small><span class="username" data-name="tkmof~11209">tkmof~11209</span>:</strong> <em>kek</em></div><div class="chat chatmessage-inkbug1 mine"><strong style="color:#e46e0f"><small>~</small><span class="username" data-name="inkbug1">inkbug1</span>:</strong> <em>it was designed as kkind of a vileplume sidegrade tht uses coil instead of swords dance</em></div><div class="chat chatmessage-tkmof11209"><strong style="color:#969b38"><small>☆</small><span class="username" data-name="tkmof~11209">tkmof~11209</span>:</strong> <em>ok fair</em></div><div class="spacer battle-history"><br></div><div class="battle-history">The opposing *Sniped* used <strong>Drain Punch</strong>!<br></div><div class="battle-history"><small>It's super effective!</small><br></div><div class="battle-history"><small>(Rampion lost 88% of its health!)</small><br></div><div class="battle-history"><small>Rampion had its energy drained!</small><br></div><div class="battle-history"><small>The opposing *Sniped* was hurt by the Rocky Helmet!</small><br></div><div class="spacer battle-history"><br></div><div class="battle-history">Rampion fainted!<br></div><div class="chat chatmessage-h2opulse"><strong style="color:#6e8c2b"><small>☆</small><span class="username" data-name="H2OPulse">H2OPulse</span>:</strong> <em>fair</em></div><div class="chat chatmessage-h2opulse"><strong style="color:#6e8c2b"><small>☆</small><span class="username" data-name="H2OPulse">H2OPulse</span>:</strong> <em>I am about to get swept aren't I</em></div><div class="chat chatmessage-tkmof11209"><strong style="color:#969b38"><small>☆</small><span class="username" data-name="tkmof~11209">tkmof~11209</span>:</strong> <em>wow </em></div><div class="spacer battle-history"><br></div><div class="battle-history">Go! Monkshood (<strong>Mienshao-Yaoguai</strong>)!<br></div><div class="chat"><ul class="utilichart"><li class="result"><span class="col pokemonnamecol" style="white-space: nowrap">Mienshao-Yaoguai</span> <span class="col typecol"><img src="https://play.pokemonshowdown.com/sprites/types/Fighting.png" alt="Fighting" height="14" width="32"><img src="https://play.pokemonshowdown.com/sprites/types/Ghost.png" alt="Ghost" height="14" width="32"></span> <span style="float: left ; min-height: 26px"><span class="col abilitycol">Inner Focus / Prankster / Berserk</span><span class="col abilitycol"></span></span></li><li style="clear: both"></li></ul></div><div class="chat"><ul class="utilichart"><li class="result"><span style="float: left ; min-height: 26px"><span class="col statcol"><em>HP</em><br>65</span> <span class="col statcol"><em>Atk</em><br>125</span> <span class="col statcol"><em>Def</em><br>60</span> <span class="col statcol"><em>SpA</em><br>105</span> <span class="col statcol"><em>SpD</em><br>60</span> <span class="col statcol"><em>Spe</em><br>95</span> </span></li><li style="clear: both"></li></ul></div><div class="battle-history"><small>(Mienshao-Yaoguai was created by Hematite!)</small><br></div><div class="battle-history"><small>Pointed stones dug into Monkshood!</small><br></div><div class="spacer battle-history"><br></div><h2 class="battle-history">Turn 24</h2><div class="chat chatmessage-ausma"><strong style="color:#774de1"><small> </small><span class="username" data-name="ausma">ausma</span>:</strong> <em>depends on the coverage</em></div><div class="chat chatmessage-inkbug1 mine"><strong style="color:#e46e0f"><small>~</small><span class="username" data-name="inkbug1">inkbug1</span>:</strong> <em>do it do it do it do it</em></div><div class="chat chatmessage-tkmof11209"><strong style="color:#969b38"><small>☆</small><span class="username" data-name="tkmof~11209">tkmof~11209</span>:</strong> <em>wait no why didn't i have </em></div><div class="chat chatmessage-h2opulse"><strong style="color:#6e8c2b"><small>☆</small><span class="username" data-name="H2OPulse">H2OPulse</span>:</strong> <em>I think I handle this</em></div><div class="chat chatmessage-tkmof11209"><strong style="color:#969b38"><small>☆</small><span class="username" data-name="tkmof~11209">tkmof~11209</span>:</strong> <em>i have fighting rock</em></div><div class="chat chatmessage-tkmof11209"><strong style="color:#969b38"><small>☆</small><span class="username" data-name="tkmof~11209">tkmof~11209</span>:</strong> <em>fudge</em></div><div class="spacer battle-history"><br></div><div class="battle-history">Monkshood used <strong>Reflect</strong>!<br></div><div class="battle-history"><small>Reflect made your team stronger against physical moves!</small><br></div><div class="spacer battle-history"><br></div><div class="battle-history">The opposing *Sniped* used <strong>Rock Blast</strong>!<br></div><div class="battle-history"><small>It's not very effective...</small><br></div><div class="battle-history"><small>(Monkshood lost 7% of its health!)</small><br></div><div class="battle-history"><small>It's not very effective...</small><br></div><div class="battle-history"><small>(Monkshood lost 8% of its health!)</small><br></div><div class="battle-history"><small>It's not very effective...</small><br></div><div class="battle-history"><small>(Monkshood lost 9% of its health!)</small><br></div><div class="battle-history"><small>It's not very effective...</small><br></div><div class="battle-history"><small>(Monkshood lost 7% of its health!)</small><br></div><div class="battle-history"><small>It's not very effective...</small><br></div><div class="battle-history"><small>(Monkshood lost 7% of its health!)</small><br></div><div class="battle-history"><small>The Pokémon was hit 5 times!</small><br></div><div class="spacer battle-history"><br></div><h2 class="battle-history">Turn 25</h2><div class="chat chatmessage-h2opulse"><strong style="color:#6e8c2b"><small>☆</small><span class="username" data-name="H2OPulse">H2OPulse</span>:</strong> <em>Well</em></div><div class="chat chatmessage-h2opulse"><strong style="color:#6e8c2b"><small>☆</small><span class="username" data-name="H2OPulse">H2OPulse</span>:</strong> <em>Ow</em></div><div class="chat chatmessage-h2opulse"><strong style="color:#6e8c2b"><small>☆</small><span class="username" data-name="H2OPulse">H2OPulse</span>:</strong> <em>but</em></div><div class="spacer battle-history"><br></div><div class="battle-history">The opposing *Sniped* used <strong>Rock Blast</strong>!<br></div><div class="battle-history"><small>It's not very effective...</small><br></div><div class="battle-history"><small>(Monkshood lost 9% of its health!)</small><br></div><div class="battle-history"><small>It's not very effective...</small><br></div><div class="battle-history"><small>(Monkshood lost 7% of its health!)</small><br></div><div class="battle-history"><small>It's not very effective...</small><br></div><div class="battle-history"><small>(Monkshood lost 8% of its health!)</small><br></div><div class="battle-history"><small>It's not very effective...</small><br></div><div class="battle-history"><small>(Monkshood lost 8% of its health!)</small><br></div><div class="battle-history"><small>It's not very effective...</small><br></div><div class="battle-history"><small>(Monkshood lost 8% of its health!)</small><br></div><div class="battle-history"><small>The Pokémon was hit 5 times!</small><br></div><div class="spacer battle-history"><br></div><div class="battle-history">Monkshood used <strong>Close Combat</strong>!<br></div><div class="battle-history"><small>It's super effective!</small><br></div><div class="battle-history"><small>(The opposing *Sniped* lost 81% of its health!)</small><br></div><div class="battle-history"><small>Monkshood's Defense fell!</small><br></div><div class="battle-history"><small>Monkshood's Sp. Def fell!</small><br></div><div class="spacer battle-history"><br></div><h2 class="battle-history">Turn 26</h2><div class="chat chatmessage-h2opulse"><strong style="color:#6e8c2b"><small>☆</small><span class="username" data-name="H2OPulse">H2OPulse</span>:</strong> <em>Oh are you <i>Skill Link</i></em></div><div class="chat chatmessage-inkbug1 mine"><strong style="color:#e46e0f"><small>~</small><span class="username" data-name="inkbug1">inkbug1</span>:</strong> <em>oh no ground? </em></div><div class="chat chatmessage-tkmof11209"><strong style="color:#969b38"><small>☆</small><span class="username" data-name="tkmof~11209">tkmof~11209</span>:</strong> <em>that did nothing</em></div><div class="chat chatmessage-tkmof11209"><strong style="color:#969b38"><small>☆</small><span class="username" data-name="tkmof~11209">tkmof~11209</span>:</strong> <em>sadhe</em></div><div class="chat chatmessage-ausma"><strong style="color:#774de1"><small> </small><span class="username" data-name="ausma">ausma</span>:</strong> <em>that still did a LOT as a resisted hit</em></div><div class="chat chatmessage-tkmof11209"><strong style="color:#969b38"><small>☆</small><span class="username" data-name="tkmof~11209">tkmof~11209</span>:</strong> <em>owo</em></div><div class="chat chatmessage-ausma"><strong style="color:#774de1"><small> </small><span class="username" data-name="ausma">ausma</span>:</strong> <em>behind reflect</em></div><div class="chat chatmessage-ausma"><strong style="color:#774de1"><small> </small><span class="username" data-name="ausma">ausma</span>:</strong> <em>do it</em></div><div class="chat chatmessage-tkmof11209"><strong style="color:#969b38"><small>☆</small><span class="username" data-name="tkmof~11209">tkmof~11209</span>:</strong> <em>watch it miss</em></div><div class="chat chatmessage-h2opulse"><strong style="color:#6e8c2b"><small>☆</small><span class="username" data-name="H2OPulse">H2OPulse</span>:</strong> <em>YEAH THAT'S WITH A REFLECT</em></div><div class="chat chatmessage-inkbug1 mine"><strong style="color:#e46e0f"><small>~</small><span class="username" data-name="inkbug1">inkbug1</span>:</strong> <em>do it</em></div><div class="chat chatmessage-ausma"><strong style="color:#774de1"><small> </small><span class="username" data-name="ausma">ausma</span>:</strong> <em>do it hema do it </em></div><div class="spacer battle-history"><br></div><div class="battle-history">Monkshood used <strong>Me First</strong>!<br></div><div class="spacer battle-history"><br></div><div class="battle-history">Monkshood used <strong>Rock Blast</strong>!<br></div><div class="battle-history"><small>The opposing *Sniped* avoided the attack!</small><br></div><div class="spacer battle-history"><br></div><div class="battle-history">The opposing *Sniped* used <strong>Rock Blast</strong>!<br></div><div class="battle-history"><small>It's not very effective...</small><br></div><div class="battle-history"><small>(Monkshood lost 12% of its health!)</small><br></div><div class="battle-history"><small>It's not very effective...</small><br></div><div class="battle-history"><small>(Monkshood lost 5% of its health!)</small><br></div><div class="battle-history"><small>The Pokémon was hit 2 times!</small><br></div><div class="spacer battle-history"><br></div><div class="battle-history">Monkshood fainted!<br></div><div class="chat chatmessage-ausma"><strong style="color:#774de1"><small> </small><span class="username" data-name="ausma">ausma</span>:</strong> <em>YEAHHHH</em></div><div class="chat chatmessage-ausma"><strong style="color:#774de1"><small> </small><span class="username" data-name="ausma">ausma</span>:</strong> <em>nOFGRNW;'KLEJG</em></div><div class="chat chatmessage-h2opulse"><strong style="color:#6e8c2b"><small>☆</small><span class="username" data-name="H2OPulse">H2OPulse</span>:</strong> <em>PF</em></div><div class="chat chatmessage-inkbug1 mine"><strong style="color:#e46e0f"><small>~</small><span class="username" data-name="inkbug1">inkbug1</span>:</strong> <em>NOOOO</em></div><div class="chat chatmessage-tkmof11209"><strong style="color:#969b38"><small>☆</small><span class="username" data-name="tkmof~11209">tkmof~11209</span>:</strong> <em>LOL</em></div><div class="chat chatmessage-ausma"><strong style="color:#774de1"><small> </small><span class="username" data-name="ausma">ausma</span>:</strong> <em>this game is bad</em></div><div class="chat chatmessage-tkmof11209"><strong style="color:#969b38"><small>☆</small><span class="username" data-name="tkmof~11209">tkmof~11209</span>:</strong> <em>kek</em></div><div class="chat chatmessage-h2opulse"><strong style="color:#6e8c2b"><small>☆</small><span class="username" data-name="H2OPulse">H2OPulse</span>:</strong> <em>but yeah I was thinking you'd be Defiant that's part of why I was afraid of using Fire Lash</em></div><div class="chat chatmessage-h2opulse"><strong style="color:#6e8c2b"><small>☆</small><span class="username" data-name="H2OPulse">H2OPulse</span>:</strong> <em>this is so funny I'm</em></div><div class="chat chatmessage-h2opulse"><strong style="color:#6e8c2b"><small>☆</small><span class="username" data-name="H2OPulse">H2OPulse</span>:</strong> <em>okay with this</em></div><div class="spacer battle-history"><br></div><div class="battle-history">Go! Yeast (<strong>Gourmant</strong>)!<br></div><div class="spacer battle-history"><br></div><h2 class="battle-history">Turn 27</h2><div class="chat chatmessage-h2opulse"><strong style="color:#6e8c2b"><small>☆</small><span class="username" data-name="H2OPulse">H2OPulse</span>:</strong> <em>anyway. please help me Yeast--</em></div><div class="chat chatmessage-ausma"><strong style="color:#774de1"><small> </small><span class="username" data-name="ausma">ausma</span>:</strong> <em>this is like the tobey crying meme</em></div><div class="chat chatmessage-inkbug1 mine"><strong style="color:#e46e0f"><small>~</small><span class="username" data-name="inkbug1">inkbug1</span>:</strong> <em>its ok its a rite of passage for any given mon to beat the shit out of the person who made it in this mod already </em></div><div class="chat chatmessage-ausma"><strong style="color:#774de1"><small> </small><span class="username" data-name="ausma">ausma</span>:</strong> <em>losing but losing to your own creation</em></div><div class="chat chatmessage-h2opulse"><strong style="color:#6e8c2b"><small>☆</small><span class="username" data-name="H2OPulse">H2OPulse</span>:</strong> <em>^</em></div><div class="chat chatmessage-ausma"><strong style="color:#774de1"><small> </small><span class="username" data-name="ausma">ausma</span>:</strong> <em>which makes it satisfying.</em></div><div class="chat chatmessage-h2opulse"><strong style="color:#6e8c2b"><small>☆</small><span class="username" data-name="H2OPulse">H2OPulse</span>:</strong> <em>on both counts</em></div><div class="spacer battle-history"><br></div><div class="battle-history">Yeast used <strong>Sucker Punch</strong>!<br></div><div class="battle-history"><small>It's not very effective...</small><br></div><div class="battle-history"><small>(The opposing *Sniped* lost 3% of its health!)</small><br></div><div class="spacer battle-history"><br></div><div class="battle-history">The opposing *Sniped* fainted!<br></div><div class="chat chatmessage-inkbug1 mine"><strong style="color:#e46e0f"><small>~</small><span class="username" data-name="inkbug1">inkbug1</span>:</strong> <em>u should have seen my first match ever tht was vs a carnivine it was so sad</em></div><div class="spacer battle-history"><br></div><div class="battle-history">tkmof~11209 sent out EEEEEEEE (<strong>Coilrig</strong>)!<br></div><div class="spacer battle-history"><br></div><h2 class="battle-history">Turn 28</h2><div class="chat chatmessage-h2opulse"><strong style="color:#6e8c2b"><small>☆</small><span class="username" data-name="H2OPulse">H2OPulse</span>:</strong> <em>I don't think anyone but me has used Rubulwark yet though which is wild</em></div><div class="chat chatmessage-h2opulse"><strong style="color:#6e8c2b"><small>☆</small><span class="username" data-name="H2OPulse">H2OPulse</span>:</strong> <em>Someone has to beat me up with it</em></div><div class="chat chatmessage-inkbug1 mine"><strong style="color:#e46e0f"><small>~</small><span class="username" data-name="inkbug1">inkbug1</span>:</strong> <em>carnivenom* </em></div><div class="chat chatmessage-tkmof11209"><strong style="color:#969b38"><small>☆</small><span class="username" data-name="tkmof~11209">tkmof~11209</span>:</strong> <em>i think E wins right</em></div><div class="chat chatmessage-ausma"><strong style="color:#774de1"><small> </small><span class="username" data-name="ausma">ausma</span>:</strong> <em>idt i was put down by my own creations yet</em></div><div class="spacer battle-history"><br></div><div class="battle-history">Yeast used <strong>Knock Off</strong>!<br></div><div class="battle-history"><small>(The opposing EEEEEEEE lost 34% of its health!)</small><br></div><div class="battle-history"><small>Yeast was hurt by the Rocky Helmet!</small><br></div><div class="battle-history"><small>Yeast knocked off the opposing EEEEEEEE's Rocky Helmet!</small><br></div><div class="spacer battle-history"><br></div><div class="battle-history">The opposing EEEEEEEE used <strong>Earthquake</strong>!<br></div><div class="battle-history"><small>It's super effective!</small><br></div><div class="battle-history"><small>(Yeast lost 53% of its health!)</small><br></div><div class="spacer battle-history"><br></div><h2 class="battle-history">Turn 29</h2><div class="chat chatmessage-ausma"><strong style="color:#774de1"><small> </small><span class="username" data-name="ausma">ausma</span>:</strong> <em>though i feel like im about to eat my own words w/ whiscazu</em></div><div class="chat chatmessage-tkmof11209"><strong style="color:#969b38"><small>☆</small><span class="username" data-name="tkmof~11209">tkmof~11209</span>:</strong> <em>:the only people that uses ausma's creations:</em></div><div class="spacer battle-history"><br></div><div class="battle-history">Yeast used <strong>Fire Lash</strong>!<br></div><div class="battle-history"><small>(The opposing EEEEEEEE lost 26% of its health!)</small><br></div><div class="battle-history"><small>The opposing EEEEEEEE's Defense fell!</small><br></div><div class="spacer battle-history"><br></div><div class="battle-history">The opposing EEEEEEEE used <strong>Earthquake</strong>!<br></div><div class="battle-history"><small>It's super effective!</small><br></div><div class="battle-history"><small>(Yeast lost 31% of its health!)</small><br></div><div class="spacer battle-history"><br></div><div class="battle-history">Yeast fainted!<br></div><div class="chat chatmessage-tkmof11209"><strong style="color:#969b38"><small>☆</small><span class="username" data-name="tkmof~11209">tkmof~11209</span>:</strong> <em>ow</em></div><div class="chat chatmessage-ausma"><strong style="color:#774de1"><small> </small><span class="username" data-name="ausma">ausma</span>:</strong> <em>thanks </em></div><div class="spacer battle-history"><br></div><div class="battle-history">Go! Carnation (<strong>Balleringue</strong>)!<br></div><div class="battle-history"><small>Pointed stones dug into Carnation!</small><br></div><div class="spacer battle-history"><br></div><h2 class="battle-history">Turn 30</h2><div class="spacer battle-history"><br></div><div class="battle-history">Carnation used <strong>Leech Life</strong>!<br></div><div class="battle-history"><small>It's not very effective...</small><br></div><div class="battle-history"><small>(The opposing EEEEEEEE lost 9% of its health!)</small><br></div><div class="battle-history"><small>The opposing EEEEEEEE had its energy drained!</small><br></div><div class="spacer battle-history"><br></div><div class="battle-history">The opposing EEEEEEEE fainted!<br></div><div class="spacer battle-history"><br></div><div class="battle-history">tkmof~11209 sent out Power (<strong>Whiscazu</strong>)!<br></div><div class="spacer battle-history"><br></div><h2 class="battle-history">Turn 31</h2><div class="chat chatmessage-h2opulse"><strong style="color:#6e8c2b"><small>☆</small><span class="username" data-name="H2OPulse">H2OPulse</span>:</strong> <em>okay Carnation sweep please--</em></div><div class="spacer battle-history"><br></div><div class="battle-history">Carnation used <strong>Leech Life</strong>!<br></div><div class="battle-history"><small>(The opposing Power lost 43% of its health!)</small><br></div><div class="battle-history"><small>The opposing Power had its energy drained!</small><br></div><div class="spacer battle-history"><br></div><div class="battle-history">The opposing Power used <strong>Scald</strong>!<br></div><div class="battle-history"><small>(Carnation lost 35% of its health!)</small><br></div><div class="spacer battle-history"><br></div><div class="battle-history"><small>The opposing Power restored a little HP using its Leftovers!</small><br></div><div class="battle-history"><small>Your team's Reflect wore off!</small><br></div><div class="spacer battle-history"><br></div><h2 class="battle-history">Turn 32</h2><div class="spacer battle-history"><br></div><div class="battle-history">Carnation used <strong>Leech Life</strong>!<br></div><div class="battle-history"><small>(The opposing Power lost 21% of its health!)</small><br></div><div class="battle-history"><small>The opposing Power had its energy drained!</small><br></div><div class="spacer battle-history"><br></div><div class="battle-history">The opposing Power fainted!<br></div><div class="spacer battle-history"><br></div><div class="battle-history">tkmof~11209 sent out Tasty (<strong>Carnivenom</strong>)!<br></div><div class="spacer battle-history"><br></div><h2 class="battle-history">Turn 33</h2><div class="chat chatmessage-inkbug1 mine"><strong style="color:#e46e0f"><small>~</small><span class="username" data-name="inkbug1">inkbug1</span>:</strong> <em>i was gonna put plaguicate on this one but i already had</em></div><div class="chat chatmessage-inkbug1 mine"><strong style="color:#e46e0f"><small>~</small><span class="username" data-name="inkbug1">inkbug1</span>:</strong> <em>two poisons </em></div><div class="chat chatmessage-inkbug1 mine"><strong style="color:#e46e0f"><small>~</small><span class="username" data-name="inkbug1">inkbug1</span>:</strong> <em>and i didnt think i could </em></div><div class="chat chatmessage-inkbug1 mine"><strong style="color:#e46e0f"><small>~</small><span class="username" data-name="inkbug1">inkbug1</span>:</strong> <em>i might change my mind still</em></div><div class="spacer battle-history"><br></div><div class="battle-history">Carnation used <strong>Leech Life</strong>!<br></div><div class="battle-history"><small>(The opposing Tasty lost 34% of its health!)</small><br></div><div class="battle-history"><small>The opposing Tasty had its energy drained!</small><br></div><div class="spacer battle-history"><br></div><div class="battle-history">The opposing Tasty fainted!<br></div><div class="spacer battle-history"><br></div><div class="battle-history">tkmof~11209 sent out Black Death (<strong>Plaguicate</strong>)!<br></div><div class="spacer battle-history"><br></div><h2 class="battle-history">Turn 34</h2><div class="chat chatmessage-tkmof11209"><strong style="color:#969b38"><small>☆</small><span class="username" data-name="tkmof~11209">tkmof~11209</span>:</strong> <em>ok if this dude wake up in time i can win</em></div><div class="spacer battle-history"><br></div><div class="battle-history">The opposing Black Death is fast asleep.<br></div><div class="spacer battle-history"><br></div><div class="battle-history">Carnation used <strong>Gyro Ball</strong>!<br></div><div class="battle-history"><small>(The opposing Black Death lost 100% of its health!)</small><br></div><div class="spacer battle-history"><br></div><div class="battle-history">The opposing Black Death fainted!<br></div><div class="spacer battle-history"><br></div><div class="battle-history"><strong>H2OPulse</strong> won the battle!<br></div><div class="chat chatmessage-tkmof11209"><strong style="color:#969b38"><small>☆</small><span class="username" data-name="tkmof~11209">tkmof~11209</span>:</strong> <em>actually no</em></div><div class="chat chatmessage-h2opulse"><strong style="color:#6e8c2b"><small>☆</small><span class="username" data-name="H2OPulse">H2OPulse</span>:</strong> <em>She can't wake up first turn unfortunately :')</em></div><div class="chat chatmessage-h2opulse"><strong style="color:#6e8c2b"><small>☆</small><span class="username" data-name="H2OPulse">H2OPulse</span>:</strong> <em>W h e w</em></div><div class="chat chatmessage-h2opulse"><strong style="color:#6e8c2b"><small>☆</small><span class="username" data-name="H2OPulse">H2OPulse</span>:</strong> <em>Good game :'D</em></div><div class="chat chatmessage-tkmof11209"><strong style="color:#969b38"><small>☆</small><span class="username" data-name="tkmof~11209">tkmof~11209</span>:</strong> <em>gg</em></div><div class="chat"><small></small></div><div class="chat chatmessage-tkmof11209"><strong style="color:#969b38"><small>☆</small><span class="username" data-name="tkmof~11209">tkmof~11209</span>:</strong> <em>falinks was terrifying kek</em></div><div class="chat chatmessage-tkmof11209"><strong style="color:#969b38"><small>☆</small><span class="username" data-name="tkmof~11209">tkmof~11209</span>:</strong> <em><s>also me first is weird</s></em></div></div><div class="inner-preempt message-log"></div></div></div>
</div>
<script>
let daily = Math.floor(Date.now()/1000/60/60/24);document.write('<script src="https://dragonheaven.herokuapp.com/js/replay-embed.js?version'+daily+'"></'+'script>');
</script>
