<!DOCTYPE html>
<meta charset="utf-8" />
<!-- version 1 -->
<title>[Gen 8] Evolution Project replay: abismal vs. god of joe</title>
<style>
html,body {font-family:Verdana, sans-serif;font-size:10pt;margin:0;padding:0;}body{padding:12px 0;} .battle-log {font-family:Verdana, sans-serif;font-size:10pt;} .battle-log-inline {border:1px solid #AAAAAA;background:#EEF2F5;color:black;max-width:640px;margin:0 auto 80px;padding-bottom:5px;} .battle-log .inner {padding:4px 8px 0px 8px;} .battle-log .inner-preempt {padding:0 8px 4px 8px;} .battle-log .inner-after {margin-top:0.5em;} .battle-log h2 {margin:0.5em -8px;padding:4px 8px;border:1px solid #AAAAAA;background:#E0E7EA;border-left:0;border-right:0;font-family:Verdana, sans-serif;font-size:13pt;} .battle-log .chat {vertical-align:middle;padding:3px 0 3px 0;font-size:8pt;} .battle-log .chat strong {color:#40576A;} .battle-log .chat em {padding:1px 4px 1px 3px;color:#000000;font-style:normal;} .chat.mine {background:rgba(0,0,0,0.05);margin-left:-8px;margin-right:-8px;padding-left:8px;padding-right:8px;} .spoiler {color:#BBBBBB;background:#BBBBBB;padding:0px 3px;} .spoiler:hover, .spoiler:active, .spoiler-shown {color:#000000;background:#E2E2E2;padding:0px 3px;} .spoiler a {color:#BBBBBB;} .spoiler:hover a, .spoiler:active a, .spoiler-shown a {color:#2288CC;} .chat code, .chat .spoiler:hover code, .chat .spoiler:active code, .chat .spoiler-shown code {border:1px solid #C0C0C0;background:#EEEEEE;color:black;padding:0 2px;} .chat .spoiler code {border:1px solid #CCCCCC;background:#CCCCCC;color:#CCCCCC;} .battle-log .rated {padding:3px 4px;} .battle-log .rated strong {color:white;background:#89A;padding:1px 4px;border-radius:4px;} .spacer {margin-top:0.5em;} .message-announce {background:#6688AA;color:white;padding:1px 4px 2px;} .message-announce a, .broadcast-green a, .broadcast-blue a, .broadcast-red a {color:#DDEEFF;} .broadcast-green {background-color:#559955;color:white;padding:2px 4px;} .broadcast-blue {background-color:#6688AA;color:white;padding:2px 4px;} .infobox {border:1px solid #6688AA;padding:2px 4px;} .infobox-limited {max-height:200px;overflow:auto;overflow-x:hidden;} .broadcast-red {background-color:#AA5544;color:white;padding:2px 4px;} .message-learn-canlearn {font-weight:bold;color:#228822;text-decoration:underline;} .message-learn-cannotlearn {font-weight:bold;color:#CC2222;text-decoration:underline;} .message-effect-weak {font-weight:bold;color:#CC2222;} .message-effect-resist {font-weight:bold;color:#6688AA;} .message-effect-immune {font-weight:bold;color:#666666;} .message-learn-list {margin-top:0;margin-bottom:0;} .message-throttle-notice, .message-error {color:#992222;} .message-overflow, .chat small.message-overflow {font-size:0pt;} .message-overflow::before {font-size:9pt;content:'...';} .subtle {color:#3A4A66;}
</style>
<div class="wrapper replay-wrapper" style="max-width:1180px;margin:0 auto">
<input type="hidden" name="replayid" value="dragonheaven-gen8evolutionproject-7" />
<div class="battle"></div><div class="battle-log"></div><div class="replay-controls"></div><div class="replay-controls-2"></div>
<h1 style="font-weight:normal;text-align:center"><strong>[Gen 8] Evolution Project</strong><br /><a href="http://pokemonshowdown.com/users/abismal" class="subtle" target="_blank">abismal</a> vs. <a href="http://pokemonshowdown.com/users/godofjoe" class="subtle" target="_blank">god of joe</a></h1>
<script type="text/plain" class="battle-log-data">|j|☆abismal
|j|☆god of joe
|t:|1657490132
|player|p1|abismal|brawly|
|player|p2|god of joe|caitlin|
|teamsize|p1|6
|teamsize|p2|6
|gametype|singles
|gen|8
|tier|[Gen 8] Evolution Project
|clearpoke
|poke|p1|Golurk-Variant, M|
|poke|p1|Togekiss-Unidentified, F|
|poke|p1|Whiscazu, M|
|poke|p1|Naganadel-Terrestrial, M|
|poke|p1|Luxray-Johto, F|
|poke|p1|Aleon, F|
|poke|p2|Aleon, F|
|poke|p2|Reuniclus-Neural, F|
|poke|p2|Velocinobi, M|
|poke|p2|Resurrectric, F|
|poke|p2|Togekiss, F|
|poke|p2|Narcissopod, F|
|rule|HP Percentage Mod: HP is shown in percentages
|rule|Endless Battle Clause: Forcing endless battles is banned
|rule|OHKO Clause: OHKO moves are banned
|rule|Evasion Moves Clause: Evasion moves are banned
|rule|Species Clause: Limit one of each Pokémon
|rule|Dynamax Clause: You cannot dynamax
|rule|Sleep Clause Mod: Limit one foe put to sleep
|rule|Z-Move Clause: Type-based Z-Moves are banned
|teampreview
|j|~inkbug1

|j|+regic boat
|c|☆god of joe|beautiful
|c|+regic boat|yooo aleon looks sick
|c|☆abismal|glhf
|c|☆god of joe|u2
|
|t:|1657490172
|start
|switch|p1a: Aleon|Aleon, F|100\/100
|switch|p2a: Reuniclus|Reuniclus-Neural, F|100\/100
|-start|p1a: Aleon|typechange|Normal|[silent]
|raw|<ul class="utilichart"><li class="result"><span class="col pokemonnamecol" style="white-space: nowrap">Aleon<\/span> <span class="col typecol"><img src="https:\/\/dragonheaven.herokuapp.com\/sprites\/types\/Normal.png" alt="Normal" height="14" width="32"><\/span> <span style="float: left ; min-height: 26px"><span class="col abilitycol">Adaptability \/ Normalize \/ Beast Boost<\/span><span class="col abilitycol"><\/span><\/span><\/li><li style="clear: both"><\/li><\/ul>
|raw|<ul class="utilichart"><li class="result"><span style="float: left ; min-height: 26px"><span class="col statcol"><em>HP<\/em><br>103<\/span> <span class="col statcol"><em>Atk<\/em><br>79<\/span> <span class="col statcol"><em>Def<\/em><br>53<\/span> <span class="col statcol"><em>SpA<\/em><br>89<\/span> <span class="col statcol"><em>SpD<\/em><br>67<\/span> <span class="col statcol"><em>Spe<\/em><br>134<\/span> <\/span><\/li><li style="clear: both"><\/li><\/ul>
|-hint|Aleon was created by inkbug!
|-start|p2a: Reuniclus|typechange|Fighting|[silent]
|raw|<ul class="utilichart"><li class="result"><span class="col pokemonnamecol" style="white-space: nowrap">Reuniclus-Neural<\/span> <span class="col typecol"><img src="https:\/\/dragonheaven.herokuapp.com\/sprites\/types\/Fighting.png" alt="Fighting" height="14" width="32"><\/span> <span style="float: left ; min-height: 26px"><span class="col abilitycol">Overcoat \/ Electric Surge \/ Regenerator<\/span><span class="col abilitycol"><\/span><\/span><\/li><li style="clear: both"><\/li><\/ul>
|raw|<ul class="utilichart"><li class="result"><span style="float: left ; min-height: 26px"><span class="col statcol"><em>HP<\/em><br>110<\/span> <span class="col statcol"><em>Atk<\/em><br>125<\/span> <span class="col statcol"><em>Def<\/em><br>65<\/span> <span class="col statcol"><em>SpA<\/em><br>65<\/span> <span class="col statcol"><em>SpD<\/em><br>85<\/span> <span class="col statcol"><em>Spe<\/em><br>40<\/span> <\/span><\/li><li style="clear: both"><\/li><\/ul>
|-hint|Reuniclus-Neural was created by ausma!
|-fieldstart|move: Electric Terrain|[from] ability: Electric Surge|[of] p2a: Reuniclus
|turn|1
|
|t:|1657490186
|move|p1a: Aleon|Giga Impact|p2a: Reuniclus
|-damage|p2a: Reuniclus|0 fnt
|-mustrecharge|p1a: Aleon
|faint|p2a: Reuniclus
|
|upkeep
|c|☆god of joe|O
|c|☆god of joe|W
|
|t:|1657490197
|switch|p2a: Resurrectric|Resurrectric, F|100\/100
|-start|p2a: Resurrectric|typechange|Ground\/Electric|[silent]
|raw|<ul class="utilichart"><li class="result"><span class="col pokemonnamecol" style="white-space: nowrap">Resurrectric<\/span> <span class="col typecol"><img src="https:\/\/dragonheaven.herokuapp.com\/sprites\/types\/Ground.png" alt="Ground" height="14" width="32"><img src="https:\/\/dragonheaven.herokuapp.com\/sprites\/types\/Electric.png" alt="Electric" height="14" width="32"><\/span> <span style="float: left ; min-height: 26px"><span class="col abilitycol">Inner Focus \/ Lightning Rod \/ Battle Armor<\/span><span class="col abilitycol"><\/span><\/span><\/li><li style="clear: both"><\/li><\/ul>
|raw|<ul class="utilichart"><li class="result"><span style="float: left ; min-height: 26px"><span class="col statcol"><em>HP<\/em><br>80<\/span> <span class="col statcol"><em>Atk<\/em><br>60<\/span> <span class="col statcol"><em>Def<\/em><br>130<\/span> <span class="col statcol"><em>SpA<\/em><br>125<\/span> <span class="col statcol"><em>SpD<\/em><br>80<\/span> <span class="col statcol"><em>Spe<\/em><br>45<\/span> <\/span><\/li><li style="clear: both"><\/li><\/ul>
|-hint|Resurrectric was created by Hematite!
|turn|2
|
|t:|1657490203
|cant|p1a: Aleon|recharge
|move|p2a: Resurrectric|Rising Voltage|p1a: Aleon
|-damage|p1a: Aleon|0 fnt
|faint|p1a: Aleon
|
|upkeep
|
|t:|1657490217
|switch|p1a: Luxray|Luxray-Johto, F|100\/100
|-start|p1a: Luxray|typechange|Electric\/Fairy|[silent]
|raw|<ul class="utilichart"><li class="result"><span class="col pokemonnamecol" style="white-space: nowrap">Luxray-Johto<\/span> <span class="col typecol"><img src="https:\/\/dragonheaven.herokuapp.com\/sprites\/types\/Electric.png" alt="Electric" height="14" width="32"><img src="https:\/\/dragonheaven.herokuapp.com\/sprites\/types\/Fairy.png" alt="Fairy" height="14" width="32"><\/span> <span style="float: left ; min-height: 26px"><span class="col abilitycol">Infiltrator \/ Intimidate \/ Pixilate<\/span><span class="col abilitycol"><\/span><\/span><\/li><li style="clear: both"><\/li><\/ul>
|raw|<ul class="utilichart"><li class="result"><span style="float: left ; min-height: 26px"><span class="col statcol"><em>HP<\/em><br>80<\/span> <span class="col statcol"><em>Atk<\/em><br>95<\/span> <span class="col statcol"><em>Def<\/em><br>79<\/span> <span class="col statcol"><em>SpA<\/em><br>120<\/span> <span class="col statcol"><em>SpD<\/em><br>79<\/span> <span class="col statcol"><em>Spe<\/em><br>70<\/span> <\/span><\/li><li style="clear: both"><\/li><\/ul>
|-hint|Luxray-Johto was created by abismal!
|turn|3
|
|t:|1657490220
|move|p1a: Luxray|Protect|p1a: Luxray
|-singleturn|p1a: Luxray|Protect
|move|p2a: Resurrectric|Bonemerang|p1a: Luxray
|-activate|p1a: Luxray|move: Protect
|
|-status|p1a: Luxray|brn|[from] item: Flame Orb
|upkeep
|turn|4
|
|t:|1657490232
|switch|p2a: Aleon|Aleon, F|100\/100
|-start|p2a: Aleon|typechange|Normal|[silent]
|raw|<ul class="utilichart"><li class="result"><span class="col pokemonnamecol" style="white-space: nowrap">Aleon<\/span> <span class="col typecol"><img src="https:\/\/dragonheaven.herokuapp.com\/sprites\/types\/Normal.png" alt="Normal" height="14" width="32"><\/span> <span style="float: left ; min-height: 26px"><span class="col abilitycol">Adaptability \/ Normalize \/ Beast Boost<\/span><span class="col abilitycol"><\/span><\/span><\/li><li style="clear: both"><\/li><\/ul>
|raw|<ul class="utilichart"><li class="result"><span style="float: left ; min-height: 26px"><span class="col statcol"><em>HP<\/em><br>103<\/span> <span class="col statcol"><em>Atk<\/em><br>79<\/span> <span class="col statcol"><em>Def<\/em><br>53<\/span> <span class="col statcol"><em>SpA<\/em><br>89<\/span> <span class="col statcol"><em>SpD<\/em><br>67<\/span> <span class="col statcol"><em>Spe<\/em><br>134<\/span> <\/span><\/li><li style="clear: both"><\/li><\/ul>
|-hint|Aleon was created by inkbug!
|move|p1a: Luxray|Facade|p2a: Aleon
|-damage|p2a: Aleon|3\/100
|
|-damage|p1a: Luxray|95\/100 brn|[from] brn
|upkeep
|turn|5
|
|t:|1657490242
|switch|p1a: Togekiss-Unidentif|Togekiss-Unidentified, F|100\/100
|-start|p1a: Togekiss-Unidentif|typechange|Steel\/Flying|[silent]
|raw|<ul class="utilichart"><li class="result"><span class="col pokemonnamecol" style="white-space: nowrap">Togekiss-Unidentified<\/span> <span class="col typecol"><img src="https:\/\/dragonheaven.herokuapp.com\/sprites\/types\/Steel.png" alt="Steel" height="14" width="32"><img src="https:\/\/dragonheaven.herokuapp.com\/sprites\/types\/Flying.png" alt="Flying" height="14" width="32"><\/span> <span style="float: left ; min-height: 26px"><span class="col abilitycol">Hustle \/ Light Metal \/ Super Luck<\/span><span class="col abilitycol"><\/span><\/span><\/li><li style="clear: both"><\/li><\/ul>
|raw|<ul class="utilichart"><li class="result"><span style="float: left ; min-height: 26px"><span class="col statcol"><em>HP<\/em><br>85<\/span> <span class="col statcol"><em>Atk<\/em><br>120<\/span> <span class="col statcol"><em>Def<\/em><br>95<\/span> <span class="col statcol"><em>SpA<\/em><br>60<\/span> <span class="col statcol"><em>SpD<\/em><br>95<\/span> <span class="col statcol"><em>Spe<\/em><br>90<\/span> <\/span><\/li><li style="clear: both"><\/li><\/ul>
|-hint|Togekiss-Unidentified was created by quagsi!
|move|p2a: Aleon|Rising Voltage|p1a: Togekiss-Unidentif
|-resisted|p1a: Togekiss-Unidentif
|-damage|p1a: Togekiss-Unidentif|84\/100
|
|-heal|p1a: Togekiss-Unidentif|91\/100|[from] item: Leftovers
|-fieldend|move: Electric Terrain
|upkeep
|turn|6
|
|t:|1657490259
|switch|p2a: Resurrectric|Resurrectric, F|100\/100
|-start|p2a: Resurrectric|typechange|Ground\/Electric|[silent]
|move|p1a: Togekiss-Unidentif|Smart Strike|p2a: Resurrectric
|-resisted|p2a: Resurrectric
|-damage|p2a: Resurrectric|81\/100
|
|-heal|p1a: Togekiss-Unidentif|97\/100|[from] item: Leftovers
|upkeep
|turn|7
|
|t:|1657490267
|move|p1a: Togekiss-Unidentif|Protect|p1a: Togekiss-Unidentif
|-singleturn|p1a: Togekiss-Unidentif|Protect
|move|p2a: Resurrectric|Stealth Rock|p1a: Togekiss-Unidentif
|-sidestart|p1: abismal|move: Stealth Rock
|
|-heal|p1a: Togekiss-Unidentif|100\/100|[from] item: Leftovers
|upkeep
|turn|8
|j|+moretto
|
|t:|1657490278
|move|p1a: Togekiss-Unidentif|Defog|p2a: Resurrectric
|-unboost|p2a: Resurrectric|evasion|1
|-sideend|p1: abismal|Stealth Rock|[from] move: Defog|[of] p1a: Togekiss-Unidentif
|move|p2a: Resurrectric|Bonemerang|p1a: Togekiss-Unidentif
|-immune|p1a: Togekiss-Unidentif
|
|upkeep
|turn|9
|
|t:|1657490287
|switch|p1a: Whiscazu|Whiscazu, M|100\/100
|-start|p1a: Whiscazu|typechange|Water\/Ground|[silent]
|raw|<ul class="utilichart"><li class="result"><span class="col pokemonnamecol" style="white-space: nowrap">Whiscazu<\/span> <span class="col typecol"><img src="https:\/\/dragonheaven.herokuapp.com\/sprites\/types\/Water.png" alt="Water" height="14" width="32"><img src="https:\/\/dragonheaven.herokuapp.com\/sprites\/types\/Ground.png" alt="Ground" height="14" width="32"><\/span> <span style="float: left ; min-height: 26px"><span class="col abilitycol">Oblivious \/ Cheek Pouch \/ Hydration<\/span><span class="col abilitycol"><\/span><\/span><\/li><li style="clear: both"><\/li><\/ul>
|raw|<ul class="utilichart"><li class="result"><span style="float: left ; min-height: 26px"><span class="col statcol"><em>HP<\/em><br>110<\/span> <span class="col statcol"><em>Atk<\/em><br>78<\/span> <span class="col statcol"><em>Def<\/em><br>78<\/span> <span class="col statcol"><em>SpA<\/em><br>116<\/span> <span class="col statcol"><em>SpD<\/em><br>81<\/span> <span class="col statcol"><em>Spe<\/em><br>70<\/span> <\/span><\/li><li style="clear: both"><\/li><\/ul>
|-hint|Whiscazu was created by ausma!
|move|p2a: Resurrectric|Stealth Rock|p1a: Whiscazu
|-sidestart|p1: abismal|move: Stealth Rock
|
|upkeep
|turn|10
|
|t:|1657490301
|switch|p2a: Aleon|Aleon, F|3\/100
|-start|p2a: Aleon|typechange|Normal|[silent]
|move|p1a: Whiscazu|Calm Mind|p1a: Whiscazu
|-boost|p1a: Whiscazu|spa|1
|-boost|p1a: Whiscazu|spd|1
|
|upkeep
|turn|11
|
|t:|1657490306
|move|p2a: Aleon|Volt Switch|p1a: Whiscazu
|-damage|p1a: Whiscazu|70\/100
|c|☆god of joe|oh fuck
|
|t:|1657490316
|switch|p2a: Resurrectric|Resurrectric, F|81\/100|[from]move: Volt Switch
|-start|p2a: Resurrectric|typechange|Ground\/Electric|[silent]
|move|p1a: Whiscazu|Calm Mind|p1a: Whiscazu
|-boost|p1a: Whiscazu|spa|1
|-boost|p1a: Whiscazu|spd|1
|
|upkeep
|turn|12
|
|t:|1657490320
|move|p1a: Whiscazu|Scald|p2a: Resurrectric
|-supereffective|p2a: Resurrectric
|-damage|p2a: Resurrectric|0 fnt
|faint|p2a: Resurrectric
|
|upkeep
|
|t:|1657490324
|switch|p2a: Narcissopod|Narcissopod, F|100\/100
|-start|p2a: Narcissopod|typechange|Bug\/Water|[silent]
|raw|<ul class="utilichart"><li class="result"><span class="col pokemonnamecol" style="white-space: nowrap">Narcissopod<\/span> <span class="col typecol"><img src="https:\/\/dragonheaven.herokuapp.com\/sprites\/types\/Bug.png" alt="Bug" height="14" width="32"><img src="https:\/\/dragonheaven.herokuapp.com\/sprites\/types\/Water.png" alt="Water" height="14" width="32"><\/span> <span style="float: left ; min-height: 26px"><span class="col abilitycol">Disengage \/ Mirror Armor<\/span><span class="col abilitycol"><\/span><\/span><\/li><li style="clear: both"><\/li><\/ul>
|raw|<ul class="utilichart"><li class="result"><span style="float: left ; min-height: 26px"><span class="col statcol"><em>HP<\/em><br>75<\/span> <span class="col statcol"><em>Atk<\/em><br>60<\/span> <span class="col statcol"><em>Def<\/em><br>90<\/span> <span class="col statcol"><em>SpA<\/em><br>105<\/span> <span class="col statcol"><em>SpD<\/em><br>120<\/span> <span class="col statcol"><em>Spe<\/em><br>80<\/span> <\/span><\/li><li style="clear: both"><\/li><\/ul>
|-hint|Narcissopod was created by Violet!
|turn|13
|
|t:|1657490328
|move|p2a: Narcissopod|Sludge Bomb|p1a: Whiscazu
|-resisted|p1a: Whiscazu
|-damage|p1a: Whiscazu|61\/100
|-damage|p2a: Narcissopod|91\/100|[from] item: Life Orb
|move|p1a: Whiscazu|Calm Mind|p1a: Whiscazu
|-boost|p1a: Whiscazu|spa|1
|-boost|p1a: Whiscazu|spd|1
|
|upkeep
|turn|14
|
|t:|1657490335
|move|p2a: Narcissopod|Sludge Bomb|p1a: Whiscazu
|-resisted|p1a: Whiscazu
|-damage|p1a: Whiscazu|55\/100
|-status|p1a: Whiscazu|psn
|-damage|p2a: Narcissopod|81\/100|[from] item: Life Orb
|move|p1a: Whiscazu|Recycle||[still]
|-fail|p1a: Whiscazu
|
|-damage|p1a: Whiscazu|42\/100 psn|[from] psn
|upkeep
|-enditem|p1a: Whiscazu|Sitrus Berry|[eat]
|-heal|p1a: Whiscazu|67\/100 psn|[from] item: Sitrus Berry
|-heal|p1a: Whiscazu|99\/100 psn|[from] ability: Cheek Pouch
|turn|15
|
|t:|1657490341
|move|p2a: Narcissopod|Bug Buzz|p1a: Whiscazu
|-damage|p1a: Whiscazu|79\/100 psn
|-damage|p2a: Narcissopod|71\/100|[from] item: Life Orb
|move|p1a: Whiscazu|Recycle|p1a: Whiscazu
|-item|p1a: Whiscazu|Sitrus Berry|[from] move: Recycle
|
|-damage|p1a: Whiscazu|66\/100 psn|[from] psn
|upkeep
|turn|16
|
|t:|1657490344
|move|p2a: Narcissopod|Bug Buzz|p1a: Whiscazu
|-damage|p1a: Whiscazu|46\/100 psn
|-enditem|p1a: Whiscazu|Sitrus Berry|[eat]
|-heal|p1a: Whiscazu|71\/100 psn|[from] item: Sitrus Berry
|-heal|p1a: Whiscazu|100\/100 psn|[from] ability: Cheek Pouch
|-damage|p2a: Narcissopod|61\/100|[from] item: Life Orb
|move|p1a: Whiscazu|Earth Power|p2a: Narcissopod
|-resisted|p2a: Narcissopod
|-damage|p2a: Narcissopod|16\/100
|-activate|p2a: Narcissopod|ability: Disengage
|
|t:|1657490348
|switch|p2a: Togekiss|Togekiss, F|100\/100
|
|-damage|p1a: Whiscazu|88\/100 psn|[from] psn
|upkeep
|turn|17
|
|t:|1657490351
|move|p2a: Togekiss|Air Slash|p1a: Whiscazu
|-damage|p1a: Whiscazu|77\/100 psn
|move|p1a: Whiscazu|Recycle|p1a: Whiscazu
|-item|p1a: Whiscazu|Sitrus Berry|[from] move: Recycle
|
|-damage|p1a: Whiscazu|65\/100 psn|[from] psn
|upkeep
|turn|18
|
|t:|1657490356
|move|p2a: Togekiss|Air Slash|p1a: Whiscazu|[miss]
|-miss|p2a: Togekiss|p1a: Whiscazu
|move|p1a: Whiscazu|Scald|p2a: Togekiss
|-damage|p2a: Togekiss|37\/100
|
|-damage|p1a: Whiscazu|52\/100 psn|[from] psn
|upkeep
|turn|19
|c|☆god of joe|existence is pain
|
|t:|1657490362
|move|p2a: Togekiss|Soft-Boiled|p2a: Togekiss
|-heal|p2a: Togekiss|88\/100
|move|p1a: Whiscazu|Scald|p2a: Togekiss
|-damage|p2a: Togekiss|23\/100
|
|-damage|p1a: Whiscazu|40\/100 psn|[from] psn
|upkeep
|-enditem|p1a: Whiscazu|Sitrus Berry|[eat]
|-heal|p1a: Whiscazu|65\/100 psn|[from] item: Sitrus Berry
|-heal|p1a: Whiscazu|98\/100 psn|[from] ability: Cheek Pouch
|turn|20
|
|t:|1657490365
|move|p2a: Togekiss|Soft-Boiled|p2a: Togekiss
|-heal|p2a: Togekiss|73\/100
|move|p1a: Whiscazu|Scald|p2a: Togekiss
|-damage|p2a: Togekiss|14\/100
|
|-damage|p1a: Whiscazu|85\/100 psn|[from] psn
|upkeep
|turn|21
|
|t:|1657490368
|move|p2a: Togekiss|Air Slash|p1a: Whiscazu
|-damage|p1a: Whiscazu|73\/100 psn
|move|p1a: Whiscazu|Scald|p2a: Togekiss
|-damage|p2a: Togekiss|0 fnt
|faint|p2a: Togekiss
|
|-damage|p1a: Whiscazu|61\/100 psn|[from] psn
|upkeep
|
|t:|1657490374
|switch|p2a: Velocinobi|Velocinobi, M|100\/100
|-start|p2a: Velocinobi|typechange|Bug\/Ghost|[silent]
|raw|<ul class="utilichart"><li class="result"><span class="col pokemonnamecol" style="white-space: nowrap">Velocinobi<\/span> <span class="col typecol"><img src="https:\/\/dragonheaven.herokuapp.com\/sprites\/types\/Bug.png" alt="Bug" height="14" width="32"><img src="https:\/\/dragonheaven.herokuapp.com\/sprites\/types\/Ghost.png" alt="Ghost" height="14" width="32"><\/span> <span style="float: left ; min-height: 26px"><span class="col abilitycol">Shed Skin \/ Technician \/ Unburden<\/span><span class="col abilitycol"><\/span><\/span><\/li><li style="clear: both"><\/li><\/ul>
|raw|<ul class="utilichart"><li class="result"><span style="float: left ; min-height: 26px"><span class="col statcol"><em>HP<\/em><br>80<\/span> <span class="col statcol"><em>Atk<\/em><br>95<\/span> <span class="col statcol"><em>Def<\/em><br>20<\/span> <span class="col statcol"><em>SpA<\/em><br>105<\/span> <span class="col statcol"><em>SpD<\/em><br>90<\/span> <span class="col statcol"><em>Spe<\/em><br>145<\/span> <\/span><\/li><li style="clear: both"><\/li><\/ul>
|-hint|Velocinobi was created by quagsi!
|turn|22
|
|t:|1657490378
|move|p2a: Velocinobi|Shadow Ball|p1a: Whiscazu
|-damage|p1a: Whiscazu|44\/100 psn
|-unboost|p1a: Whiscazu|spd|1
|move|p1a: Whiscazu|Recycle|p1a: Whiscazu
|-item|p1a: Whiscazu|Sitrus Berry|[from] move: Recycle
|-enditem|p1a: Whiscazu|Sitrus Berry|[eat]
|-heal|p1a: Whiscazu|69\/100 psn|[from] item: Sitrus Berry
|-heal|p1a: Whiscazu|100\/100 psn|[from] ability: Cheek Pouch
|
|-damage|p1a: Whiscazu|88\/100 psn|[from] psn
|upkeep
|turn|23
|
|t:|1657490381
|move|p2a: Velocinobi|Shadow Ball|p1a: Whiscazu
|-damage|p1a: Whiscazu|67\/100 psn
|-unboost|p1a: Whiscazu|spd|1
|move|p1a: Whiscazu|Recycle|p1a: Whiscazu
|-item|p1a: Whiscazu|Sitrus Berry|[from] move: Recycle
|
|-damage|p1a: Whiscazu|55\/100 psn|[from] psn
|upkeep
|turn|24
|
|t:|1657490403
|move|p2a: Velocinobi|Shadow Ball|p1a: Whiscazu
|-crit|p1a: Whiscazu
|-damage|p1a: Whiscazu|0 fnt
|faint|p1a: Whiscazu
|
|upkeep
|c|☆god of joe|thank god.
|c|☆abismal|its always you specifically who hax all of my setup sweepers
|c|☆god of joe|good
|c|☆abismal|stop it >B(
|
|t:|1657490468
|switch|p1a: Naganadel-Terrestr|Naganadel-Terrestrial, M|100\/100
|-start|p1a: Naganadel-Terrestr|typechange|Bug\/Dragon|[silent]
|raw|<ul class="utilichart"><li class="result"><span class="col pokemonnamecol" style="white-space: nowrap">Naganadel-Terrestrial<\/span> <span class="col typecol"><img src="https:\/\/dragonheaven.herokuapp.com\/sprites\/types\/Bug.png" alt="Bug" height="14" width="32"><img src="https:\/\/dragonheaven.herokuapp.com\/sprites\/types\/Dragon.png" alt="Dragon" height="14" width="32"><\/span> <span style="float: left ; min-height: 26px"><span class="col abilitycol">Regenerator \/ Beast Boost<\/span><span class="col abilitycol"><\/span><\/span><\/li><li style="clear: both"><\/li><\/ul>
|raw|<ul class="utilichart"><li class="result"><span style="float: left ; min-height: 26px"><span class="col statcol"><em>HP<\/em><br>73<\/span> <span class="col statcol"><em>Atk<\/em><br>127<\/span> <span class="col statcol"><em>Def<\/em><br>73<\/span> <span class="col statcol"><em>SpA<\/em><br>127<\/span> <span class="col statcol"><em>SpD<\/em><br>73<\/span> <span class="col statcol"><em>Spe<\/em><br>67<\/span> <\/span><\/li><li style="clear: both"><\/li><\/ul>
|-hint|Naganadel-Terrestrial was created by KeroseneZanchu!
|turn|25
|
|t:|1657490477
|move|p2a: Velocinobi|Shadow Ball|p1a: Naganadel-Terrestr
|-damage|p1a: Naganadel-Terrestr|37\/100
|move|p1a: Naganadel-Terrestr|Fire Blast|p2a: Velocinobi|[miss]
|-miss|p1a: Naganadel-Terrestr|p2a: Velocinobi
|
|upkeep
|turn|26
|c|☆god of joe|okay okay okay
|c|☆god of joe|im still in this
|
|t:|1657490486
|move|p2a: Velocinobi|Shadow Ball|p1a: Naganadel-Terrestr
|-damage|p1a: Naganadel-Terrestr|0 fnt
|faint|p1a: Naganadel-Terrestr
|
|upkeep
|
|t:|1657490489
|switch|p1a: Golurk|Golurk-Variant, M|100\/100
|-damage|p1a: Golurk|88\/100|[from] Stealth Rock
|-start|p1a: Golurk|typechange|Rock\/Normal|[silent]
|raw|<ul class="utilichart"><li class="result"><span class="col pokemonnamecol" style="white-space: nowrap">Golurk-Variant<\/span> <span class="col typecol"><img src="https:\/\/dragonheaven.herokuapp.com\/sprites\/types\/Rock.png" alt="Rock" height="14" width="32"><img src="https:\/\/dragonheaven.herokuapp.com\/sprites\/types\/Normal.png" alt="Normal" height="14" width="32"><\/span> <span style="float: left ; min-height: 26px"><span class="col abilitycol">Water Absorb \/ Klutz \/ Poison Heal<\/span><span class="col abilitycol"><\/span><\/span><\/li><li style="clear: both"><\/li><\/ul>
|raw|<ul class="utilichart"><li class="result"><span style="float: left ; min-height: 26px"><span class="col statcol"><em>HP<\/em><br>89<\/span> <span class="col statcol"><em>Atk<\/em><br>124<\/span> <span class="col statcol"><em>Def<\/em><br>90<\/span> <span class="col statcol"><em>SpA<\/em><br>55<\/span> <span class="col statcol"><em>SpD<\/em><br>80<\/span> <span class="col statcol"><em>Spe<\/em><br>55<\/span> <\/span><\/li><li style="clear: both"><\/li><\/ul>
|-hint|Golurk-Variant was created by Albatross!
|turn|27
|
|t:|1657490493
|move|p2a: Velocinobi|Hidden Power|p1a: Golurk
|-supereffective|p1a: Golurk
|-damage|p1a: Golurk|0 fnt
|faint|p1a: Golurk
|
|upkeep
|
|t:|1657490498
|switch|p1a: Togekiss-Unidentif|Togekiss-Unidentified, F|100\/100
|-damage|p1a: Togekiss-Unidentif|88\/100|[from] Stealth Rock
|-start|p1a: Togekiss-Unidentif|typechange|Steel\/Flying|[silent]
|turn|28
|
|t:|1657490501
|move|p2a: Velocinobi|Shadow Ball|p1a: Togekiss-Unidentif
|-damage|p1a: Togekiss-Unidentif|59\/100
|-unboost|p1a: Togekiss-Unidentif|spd|1
|move|p1a: Togekiss-Unidentif|Smart Strike|p2a: Velocinobi
|-damage|p2a: Velocinobi|0 fnt
|faint|p2a: Velocinobi
|
|-heal|p1a: Togekiss-Unidentif|65\/100|[from] item: Leftovers
|upkeep
|
|t:|1657490504
|switch|p2a: Narcissopod|Narcissopod, F|16\/100
|-start|p2a: Narcissopod|typechange|Bug\/Water|[silent]
|turn|29
|
|t:|1657490507
|move|p2a: Narcissopod|Scald|p1a: Togekiss-Unidentif
|-damage|p1a: Togekiss-Unidentif|18\/100
|-damage|p2a: Narcissopod|6\/100|[from] item: Life Orb
|move|p1a: Togekiss-Unidentif|Smart Strike|p2a: Narcissopod
|-resisted|p2a: Narcissopod
|-damage|p2a: Narcissopod|0 fnt
|faint|p2a: Narcissopod
|
|-heal|p1a: Togekiss-Unidentif|24\/100|[from] item: Leftovers
|upkeep
|
|t:|1657490510
|switch|p2a: Aleon|Aleon, F|3\/100
|-start|p2a: Aleon|typechange|Normal|[silent]
|turn|30
|
|t:|1657490516
|move|p2a: Aleon|Scald|p1a: Togekiss-Unidentif
|-resisted|p1a: Togekiss-Unidentif
|-damage|p1a: Togekiss-Unidentif|0 fnt
|faint|p1a: Togekiss-Unidentif
|
|upkeep
|
|t:|1657490518
|switch|p1a: Luxray|Luxray-Johto, F|95\/100 brn
|-damage|p1a: Luxray|82\/100 brn|[from] Stealth Rock
|-start|p1a: Luxray|typechange|Electric\/Fairy|[silent]
|turn|31
|
|t:|1657490522
|move|p2a: Aleon|Scald|p1a: Luxray
|-damage|p1a: Luxray|5\/100 brn
|move|p1a: Luxray|Facade|p2a: Aleon
|-damage|p2a: Aleon|0 fnt
|faint|p2a: Aleon
|
|win|abismal
|c|☆abismal|gg
|c|☆god of joe|damn
|c|☆god of joe|gg</script>
</div>
<div class="battle-log battle-log-inline"><div class="inner"><div class="battle-options"><div style="padding-top: 3px; padding-right: 3px; text-align: right"><button class="icon button" name="openBattleOptions" title="Options">Battle Options</button></div></div><div class="inner message-log"><div class="chat"><small>☆abismal and ☆god of joe joined</small></div><div class=""><small>Format:</small> <br><strong>[Gen 8] Evolution Project</strong></div><div class=""><small><em>HP Percentage Mod:</em> HP is shown in percentages</small></div><div class=""><small><em>Endless Battle Clause:</em> Forcing endless battles is banned</small></div><div class=""><small><em>OHKO Clause:</em> OHKO moves are banned</small></div><div class=""><small><em>Evasion Moves Clause:</em> Evasion moves are banned</small></div><div class=""><small><em>Species Clause:</em> Limit one of each Pokémon</small></div><div class=""><small><em>Dynamax Clause:</em> You cannot dynamax</small></div><div class=""><small><em>Sleep Clause Mod:</em> Limit one foe put to sleep</small></div><div class=""><small><em>Z-Move Clause:</em> Type-based Z-Moves are banned</small></div><div class="chat battle-history"><strong>abismal's team:</strong> <em style="color:#445566;display:block;">Golurk-Variant / Togekiss-Unidentified / Whiscazu / Naganadel-Terrestrial / Luxray-Johto / Aleon</em></div><div class="chat battle-history"><strong>god of joe's team:</strong> <em style="color:#445566;display:block;">Aleon / Reuniclus-Neural / Velocinobi / Resurrectric / Togekiss / Narcissopod</em></div><div class="chat"><small>~inkbug1 and +regic boat joined</small></div><div class="chat chatmessage-godofjoe"><strong style="color:#a523c9"><small>☆</small><span class="username" data-name="god of joe">god of joe</span>:</strong> <em>beautiful</em></div><div class="chat chatmessage-regicboat"><strong style="color:#7732e7"><small>+</small><span class="username" data-name="regic boat">regic boat</span>:</strong> <em>yooo aleon looks sick</em></div><div class="chat chatmessage-abismal"><strong style="color:#68a730"><small>☆</small><span class="username" data-name="abismal">abismal</span>:</strong> <em>glhf</em></div><div class="chat chatmessage-godofjoe"><strong style="color:#a523c9"><small>☆</small><span class="username" data-name="god of joe">god of joe</span>:</strong> <em>u2</em></div><div class="spacer battle-history"><br></div><div class="battle-history">Battle started between abismal and god of joe!<br></div><div class="spacer battle-history"><br></div><div class="battle-history">Go! <strong>Aleon</strong>!<br></div><div class="spacer battle-history"><br></div><div class="battle-history">god of joe sent out Reuniclus (<strong>Reuniclus-Neural</strong>)!<br></div><div class="chat"><ul class="utilichart"><li class="result"><span class="col pokemonnamecol" style="white-space: nowrap">Aleon</span> <span class="col typecol"><img src="https://dragonheaven.herokuapp.com/sprites/types/Normal.png" alt="Normal" height="14" width="32"></span> <span style="float: left ; min-height: 26px"><span class="col abilitycol">Adaptability / Normalize / Beast Boost</span><span class="col abilitycol"></span></span></li><li style="clear: both"></li></ul></div><div class="chat"><ul class="utilichart"><li class="result"><span style="float: left ; min-height: 26px"><span class="col statcol"><em>HP</em><br>103</span> <span class="col statcol"><em>Atk</em><br>79</span> <span class="col statcol"><em>Def</em><br>53</span> <span class="col statcol"><em>SpA</em><br>89</span> <span class="col statcol"><em>SpD</em><br>67</span> <span class="col statcol"><em>Spe</em><br>134</span> </span></li><li style="clear: both"></li></ul></div><div class="battle-history"><small>(Aleon was created by inkbug!)</small><br></div><div class="chat"><ul class="utilichart"><li class="result"><span class="col pokemonnamecol" style="white-space: nowrap">Reuniclus-Neural</span> <span class="col typecol"><img src="https://dragonheaven.herokuapp.com/sprites/types/Fighting.png" alt="Fighting" height="14" width="32"></span> <span style="float: left ; min-height: 26px"><span class="col abilitycol">Overcoat / Electric Surge / Regenerator</span><span class="col abilitycol"></span></span></li><li style="clear: both"></li></ul></div><div class="chat"><ul class="utilichart"><li class="result"><span style="float: left ; min-height: 26px"><span class="col statcol"><em>HP</em><br>110</span> <span class="col statcol"><em>Atk</em><br>125</span> <span class="col statcol"><em>Def</em><br>65</span> <span class="col statcol"><em>SpA</em><br>65</span> <span class="col statcol"><em>SpD</em><br>85</span> <span class="col statcol"><em>Spe</em><br>40</span> </span></li><li style="clear: both"></li></ul></div><div class="battle-history"><small>(Reuniclus-Neural was created by ausma!)</small><br></div><div class="battle-history">[The opposing Reuniclus's Electric Surge]<br><small>An electric current ran across the battlefield!</small><br></div><div class="spacer battle-history"><br></div><h2 class="battle-history">Turn 1</h2><div class="spacer battle-history"><br></div><div class="battle-history">Aleon used <strong>Giga Impact</strong>!<br></div><div class="battle-history"><small>(The opposing Reuniclus lost 100% of its health!)</small><br></div><div class="spacer battle-history"><br></div><div class="battle-history">The opposing Reuniclus fainted!<br></div><div class="chat chatmessage-godofjoe"><strong style="color:#a523c9"><small>☆</small><span class="username" data-name="god of joe">god of joe</span>:</strong> <em>O</em></div><div class="chat chatmessage-godofjoe"><strong style="color:#a523c9"><small>☆</small><span class="username" data-name="god of joe">god of joe</span>:</strong> <em>W</em></div><div class="spacer battle-history"><br></div><div class="battle-history">god of joe sent out <strong>Resurrectric</strong>!<br></div><div class="chat"><ul class="utilichart"><li class="result"><span class="col pokemonnamecol" style="white-space: nowrap">Resurrectric</span> <span class="col typecol"><img src="https://dragonheaven.herokuapp.com/sprites/types/Ground.png" alt="Ground" height="14" width="32"><img src="https://dragonheaven.herokuapp.com/sprites/types/Electric.png" alt="Electric" height="14" width="32"></span> <span style="float: left ; min-height: 26px"><span class="col abilitycol">Inner Focus / Lightning Rod / Battle Armor</span><span class="col abilitycol"></span></span></li><li style="clear: both"></li></ul></div><div class="chat"><ul class="utilichart"><li class="result"><span style="float: left ; min-height: 26px"><span class="col statcol"><em>HP</em><br>80</span> <span class="col statcol"><em>Atk</em><br>60</span> <span class="col statcol"><em>Def</em><br>130</span> <span class="col statcol"><em>SpA</em><br>125</span> <span class="col statcol"><em>SpD</em><br>80</span> <span class="col statcol"><em>Spe</em><br>45</span> </span></li><li style="clear: both"></li></ul></div><div class="battle-history"><small>(Resurrectric was created by Hematite!)</small><br></div><div class="spacer battle-history"><br></div><h2 class="battle-history">Turn 2</h2><div class="spacer battle-history"><br></div><div class="battle-history">Aleon must recharge!<br></div><div class="spacer battle-history"><br></div><div class="battle-history">The opposing Resurrectric used <strong>Rising Voltage</strong>!<br></div><div class="battle-history"><small>(Aleon lost 100% of its health!)</small><br></div><div class="spacer battle-history"><br></div><div class="battle-history">Aleon fainted!<br></div><div class="spacer battle-history"><br></div><div class="battle-history">Go! Luxray (<strong>Luxray-Johto</strong>)!<br></div><div class="chat"><ul class="utilichart"><li class="result"><span class="col pokemonnamecol" style="white-space: nowrap">Luxray-Johto</span> <span class="col typecol"><img src="https://dragonheaven.herokuapp.com/sprites/types/Electric.png" alt="Electric" height="14" width="32"><img src="https://dragonheaven.herokuapp.com/sprites/types/Fairy.png" alt="Fairy" height="14" width="32"></span> <span style="float: left ; min-height: 26px"><span class="col abilitycol">Infiltrator / Intimidate / Pixilate</span><span class="col abilitycol"></span></span></li><li style="clear: both"></li></ul></div><div class="chat"><ul class="utilichart"><li class="result"><span style="float: left ; min-height: 26px"><span class="col statcol"><em>HP</em><br>80</span> <span class="col statcol"><em>Atk</em><br>95</span> <span class="col statcol"><em>Def</em><br>79</span> <span class="col statcol"><em>SpA</em><br>120</span> <span class="col statcol"><em>SpD</em><br>79</span> <span class="col statcol"><em>Spe</em><br>70</span> </span></li><li style="clear: both"></li></ul></div><div class="battle-history"><small>(Luxray-Johto was created by abismal!)</small><br></div><div class="spacer battle-history"><br></div><h2 class="battle-history">Turn 3</h2><div class="spacer battle-history"><br></div><div class="battle-history">Luxray used <strong>Protect</strong>!<br></div><div class="battle-history"><small>Luxray protected itself!</small><br></div><div class="spacer battle-history"><br></div><div class="battle-history">The opposing Resurrectric used <strong>Bonemerang</strong>!<br></div><div class="battle-history"><small>Luxray protected itself!</small><br></div><div class="spacer battle-history"><br></div><div class="battle-history"><small>Luxray was burned!</small><br></div><div class="spacer battle-history"><br></div><h2 class="battle-history">Turn 4</h2><div class="spacer battle-history"><br></div><div class="battle-history">god of joe withdrew Resurrectric!<br></div><div class="battle-history">god of joe sent out <strong>Aleon</strong>!<br></div><div class="chat"><ul class="utilichart"><li class="result"><span class="col pokemonnamecol" style="white-space: nowrap">Aleon</span> <span class="col typecol"><img src="https://dragonheaven.herokuapp.com/sprites/types/Normal.png" alt="Normal" height="14" width="32"></span> <span style="float: left ; min-height: 26px"><span class="col abilitycol">Adaptability / Normalize / Beast Boost</span><span class="col abilitycol"></span></span></li><li style="clear: both"></li></ul></div><div class="chat"><ul class="utilichart"><li class="result"><span style="float: left ; min-height: 26px"><span class="col statcol"><em>HP</em><br>103</span> <span class="col statcol"><em>Atk</em><br>79</span> <span class="col statcol"><em>Def</em><br>53</span> <span class="col statcol"><em>SpA</em><br>89</span> <span class="col statcol"><em>SpD</em><br>67</span> <span class="col statcol"><em>Spe</em><br>134</span> </span></li><li style="clear: both"></li></ul></div><div class="battle-history"><small>(Aleon was created by inkbug!)</small><br></div><div class="spacer battle-history"><br></div><div class="battle-history">Luxray used <strong>Facade</strong>!<br></div><div class="battle-history"><small>(The opposing Aleon lost 97% of its health!)</small><br></div><div class="spacer battle-history"><br></div><div class="battle-history"><small>Luxray was hurt by its burn!</small><br></div><div class="spacer battle-history"><br></div><h2 class="battle-history">Turn 5</h2><div class="spacer battle-history"><br></div><div class="battle-history">Luxray, come back!<br></div><div class="battle-history">Go! Togekiss-Unidentif (<strong>Togekiss-Unidentified</strong>)!<br></div><div class="chat"><ul class="utilichart"><li class="result"><span class="col pokemonnamecol" style="white-space: nowrap">Togekiss-Unidentified</span> <span class="col typecol"><img src="https://dragonheaven.herokuapp.com/sprites/types/Steel.png" alt="Steel" height="14" width="32"><img src="https://dragonheaven.herokuapp.com/sprites/types/Flying.png" alt="Flying" height="14" width="32"></span> <span style="float: left ; min-height: 26px"><span class="col abilitycol">Hustle / Light Metal / Super Luck</span><span class="col abilitycol"></span></span></li><li style="clear: both"></li></ul></div><div class="chat"><ul class="utilichart"><li class="result"><span style="float: left ; min-height: 26px"><span class="col statcol"><em>HP</em><br>85</span> <span class="col statcol"><em>Atk</em><br>120</span> <span class="col statcol"><em>Def</em><br>95</span> <span class="col statcol"><em>SpA</em><br>60</span> <span class="col statcol"><em>SpD</em><br>95</span> <span class="col statcol"><em>Spe</em><br>90</span> </span></li><li style="clear: both"></li></ul></div><div class="battle-history"><small>(Togekiss-Unidentified was created by quagsi!)</small><br></div><div class="spacer battle-history"><br></div><div class="battle-history">The opposing Aleon used <strong>Rising Voltage</strong>!<br></div><div class="battle-history"><small>It's not very effective...</small><br></div><div class="battle-history"><small>(Togekiss-Unidentif lost 16% of its health!)</small><br></div><div class="spacer battle-history"><br></div><div class="battle-history"><small>Togekiss-Unidentif restored a little HP using its Leftovers!</small><br></div><div class="battle-history"><small>The electricity disappeared from the battlefield.</small><br></div><div class="spacer battle-history"><br></div><h2 class="battle-history">Turn 6</h2><div class="spacer battle-history"><br></div><div class="battle-history">god of joe withdrew Aleon!<br></div><div class="battle-history">god of joe sent out <strong>Resurrectric</strong>!<br></div><div class="spacer battle-history"><br></div><div class="battle-history">Togekiss-Unidentif used <strong>Smart Strike</strong>!<br></div><div class="battle-history"><small>It's not very effective...</small><br></div><div class="battle-history"><small>(The opposing Resurrectric lost 19% of its health!)</small><br></div><div class="spacer battle-history"><br></div><div class="battle-history"><small>Togekiss-Unidentif restored a little HP using its Leftovers!</small><br></div><div class="spacer battle-history"><br></div><h2 class="battle-history">Turn 7</h2><div class="spacer battle-history"><br></div><div class="battle-history">Togekiss-Unidentif used <strong>Protect</strong>!<br></div><div class="battle-history"><small>Togekiss-Unidentif protected itself!</small><br></div><div class="spacer battle-history"><br></div><div class="battle-history">The opposing Resurrectric used <strong>Stealth Rock</strong>!<br></div><div class="battle-history"><small>Pointed stones float in the air around your team!</small><br></div><div class="spacer battle-history"><br></div><div class="battle-history"><small>Togekiss-Unidentif restored a little HP using its Leftovers!</small><br></div><div class="spacer battle-history"><br></div><h2 class="battle-history">Turn 8</h2><div class="chat"><small>+moretto joined</small></div><div class="spacer battle-history"><br></div><div class="battle-history">Togekiss-Unidentif used <strong>Defog</strong>!<br></div><div class="battle-history"><small>The opposing Resurrectric's evasiveness fell!</small><br></div><div class="battle-history"><small>The pointed stones disappeared from around your team!</small><br></div><div class="spacer battle-history"><br></div><div class="battle-history">The opposing Resurrectric used <strong>Bonemerang</strong>!<br></div><div class="battle-history"><small>It doesn't affect Togekiss-Unidentif...</small><br></div><div class="spacer battle-history"><br></div><h2 class="battle-history">Turn 9</h2><div class="spacer battle-history"><br></div><div class="battle-history">Togekiss-Unidentif, come back!<br></div><div class="battle-history">Go! <strong>Whiscazu</strong>!<br></div><div class="chat"><ul class="utilichart"><li class="result"><span class="col pokemonnamecol" style="white-space: nowrap">Whiscazu</span> <span class="col typecol"><img src="https://dragonheaven.herokuapp.com/sprites/types/Water.png" alt="Water" height="14" width="32"><img src="https://dragonheaven.herokuapp.com/sprites/types/Ground.png" alt="Ground" height="14" width="32"></span> <span style="float: left ; min-height: 26px"><span class="col abilitycol">Oblivious / Cheek Pouch / Hydration</span><span class="col abilitycol"></span></span></li><li style="clear: both"></li></ul></div><div class="chat"><ul class="utilichart"><li class="result"><span style="float: left ; min-height: 26px"><span class="col statcol"><em>HP</em><br>110</span> <span class="col statcol"><em>Atk</em><br>78</span> <span class="col statcol"><em>Def</em><br>78</span> <span class="col statcol"><em>SpA</em><br>116</span> <span class="col statcol"><em>SpD</em><br>81</span> <span class="col statcol"><em>Spe</em><br>70</span> </span></li><li style="clear: both"></li></ul></div><div class="battle-history"><small>(Whiscazu was created by ausma!)</small><br></div><div class="spacer battle-history"><br></div><div class="battle-history">The opposing Resurrectric used <strong>Stealth Rock</strong>!<br></div><div class="battle-history"><small>Pointed stones float in the air around your team!</small><br></div><div class="spacer battle-history"><br></div><h2 class="battle-history">Turn 10</h2><div class="spacer battle-history"><br></div><div class="battle-history">god of joe withdrew Resurrectric!<br></div><div class="battle-history">god of joe sent out <strong>Aleon</strong>!<br></div><div class="spacer battle-history"><br></div><div class="battle-history">Whiscazu used <strong>Calm Mind</strong>!<br></div><div class="battle-history"><small>Whiscazu's Sp. Atk rose!</small><br></div><div class="battle-history"><small>Whiscazu's Sp. Def rose!</small><br></div><div class="spacer battle-history"><br></div><h2 class="battle-history">Turn 11</h2><div class="spacer battle-history"><br></div><div class="battle-history">The opposing Aleon used <strong>Volt Switch</strong>!<br></div><div class="battle-history"><small>(Whiscazu lost 30% of its health!)</small><br></div><div class="chat chatmessage-godofjoe"><strong style="color:#a523c9"><small>☆</small><span class="username" data-name="god of joe">god of joe</span>:</strong> <em>oh fuck</em></div><div class="spacer battle-history"><br></div><div class="battle-history">The opposing Aleon went back to god of joe!<br></div><div class="battle-history">god of joe sent out <strong>Resurrectric</strong>!<br></div><div class="spacer battle-history"><br></div><div class="battle-history">Whiscazu used <strong>Calm Mind</strong>!<br></div><div class="battle-history"><small>Whiscazu's Sp. Atk rose!</small><br></div><div class="battle-history"><small>Whiscazu's Sp. Def rose!</small><br></div><div class="spacer battle-history"><br></div><h2 class="battle-history">Turn 12</h2><div class="spacer battle-history"><br></div><div class="battle-history">Whiscazu used <strong>Scald</strong>!<br></div><div class="battle-history"><small>It's super effective!</small><br></div><div class="battle-history"><small>(The opposing Resurrectric lost 81% of its health!)</small><br></div><div class="spacer battle-history"><br></div><div class="battle-history">The opposing Resurrectric fainted!<br></div><div class="spacer battle-history"><br></div><div class="battle-history">god of joe sent out <strong>Narcissopod</strong>!<br></div><div class="chat"><ul class="utilichart"><li class="result"><span class="col pokemonnamecol" style="white-space: nowrap">Narcissopod</span> <span class="col typecol"><img src="https://dragonheaven.herokuapp.com/sprites/types/Bug.png" alt="Bug" height="14" width="32"><img src="https://dragonheaven.herokuapp.com/sprites/types/Water.png" alt="Water" height="14" width="32"></span> <span style="float: left ; min-height: 26px"><span class="col abilitycol">Disengage / Mirror Armor</span><span class="col abilitycol"></span></span></li><li style="clear: both"></li></ul></div><div class="chat"><ul class="utilichart"><li class="result"><span style="float: left ; min-height: 26px"><span class="col statcol"><em>HP</em><br>75</span> <span class="col statcol"><em>Atk</em><br>60</span> <span class="col statcol"><em>Def</em><br>90</span> <span class="col statcol"><em>SpA</em><br>105</span> <span class="col statcol"><em>SpD</em><br>120</span> <span class="col statcol"><em>Spe</em><br>80</span> </span></li><li style="clear: both"></li></ul></div><div class="battle-history"><small>(Narcissopod was created by Violet!)</small><br></div><div class="spacer battle-history"><br></div><h2 class="battle-history">Turn 13</h2><div class="spacer battle-history"><br></div><div class="battle-history">The opposing Narcissopod used <strong>Sludge Bomb</strong>!<br></div><div class="battle-history"><small>It's not very effective...</small><br></div><div class="battle-history"><small>(Whiscazu lost 9% of its health!)</small><br></div><div class="battle-history"><small>The opposing Narcissopod lost some of its HP!</small><br></div><div class="spacer battle-history"><br></div><div class="battle-history">Whiscazu used <strong>Calm Mind</strong>!<br></div><div class="battle-history"><small>Whiscazu's Sp. Atk rose!</small><br></div><div class="battle-history"><small>Whiscazu's Sp. Def rose!</small><br></div><div class="spacer battle-history"><br></div><h2 class="battle-history">Turn 14</h2><div class="spacer battle-history"><br></div><div class="battle-history">The opposing Narcissopod used <strong>Sludge Bomb</strong>!<br></div><div class="battle-history"><small>It's not very effective...</small><br></div><div class="battle-history"><small>(Whiscazu lost 6% of its health!)</small><br></div><div class="battle-history"><small>Whiscazu was poisoned!</small><br></div><div class="battle-history"><small>The opposing Narcissopod lost some of its HP!</small><br></div><div class="spacer battle-history"><br></div><div class="battle-history">Whiscazu used <strong>Recycle</strong>!<br></div><div class="battle-history"><small>But it failed!</small><br></div><div class="spacer battle-history"><br></div><div class="battle-history"><small>Whiscazu was hurt by poison!</small><br></div><div class="spacer battle-history"><br></div><div class="battle-history"><small>(Whiscazu ate its Sitrus Berry!)</small><br></div><div class="battle-history"><small>Whiscazu restored HP using its Sitrus Berry!</small><br></div><div class="battle-history">[Whiscazu's Cheek Pouch]<br><small>Whiscazu had its HP restored.</small><br></div><div class="spacer battle-history"><br></div><h2 class="battle-history">Turn 15</h2><div class="spacer battle-history"><br></div><div class="battle-history">The opposing Narcissopod used <strong>Bug Buzz</strong>!<br></div><div class="battle-history"><small>(Whiscazu lost 20% of its health!)</small><br></div><div class="battle-history"><small>The opposing Narcissopod lost some of its HP!</small><br></div><div class="spacer battle-history"><br></div><div class="battle-history">Whiscazu used <strong>Recycle</strong>!<br></div><div class="battle-history"><small>Whiscazu found one Sitrus Berry!</small><br></div><div class="spacer battle-history"><br></div><div class="battle-history"><small>Whiscazu was hurt by poison!</small><br></div><div class="spacer battle-history"><br></div><h2 class="battle-history">Turn 16</h2><div class="spacer battle-history"><br></div><div class="battle-history">The opposing Narcissopod used <strong>Bug Buzz</strong>!<br></div><div class="battle-history"><small>(Whiscazu lost 20% of its health!)</small><br></div><div class="battle-history"><small>(Whiscazu ate its Sitrus Berry!)</small><br></div><div class="battle-history"><small>Whiscazu restored HP using its Sitrus Berry!</small><br></div><div class="battle-history">[Whiscazu's Cheek Pouch]<br><small>Whiscazu had its HP restored.</small><br></div><div class="battle-history"><small>The opposing Narcissopod lost some of its HP!</small><br></div><div class="spacer battle-history"><br></div><div class="battle-history">Whiscazu used <strong>Earth Power</strong>!<br></div><div class="battle-history"><small>It's not very effective...</small><br></div><div class="battle-history"><small>(The opposing Narcissopod lost 45% of its health!)</small><br></div><div class="battle-history">[The opposing Narcissopod's Disengage]<br></div><div class="spacer battle-history"><br></div><div class="battle-history">god of joe withdrew Narcissopod!<br></div><div class="battle-history">god of joe sent out <strong>Togekiss</strong>!<br></div><div class="spacer battle-history"><br></div><div class="battle-history"><small>Whiscazu was hurt by poison!</small><br></div><div class="spacer battle-history"><br></div><h2 class="battle-history">Turn 17</h2><div class="spacer battle-history"><br></div><div class="battle-history">The opposing Togekiss used <strong>Air Slash</strong>!<br></div><div class="battle-history"><small>(Whiscazu lost 11% of its health!)</small><br></div><div class="spacer battle-history"><br></div><div class="battle-history">Whiscazu used <strong>Recycle</strong>!<br></div><div class="battle-history"><small>Whiscazu found one Sitrus Berry!</small><br></div><div class="spacer battle-history"><br></div><div class="battle-history"><small>Whiscazu was hurt by poison!</small><br></div><div class="spacer battle-history"><br></div><h2 class="battle-history">Turn 18</h2><div class="spacer battle-history"><br></div><div class="battle-history">The opposing Togekiss used <strong>Air Slash</strong>!<br></div><div class="battle-history"><small>Whiscazu avoided the attack!</small><br></div><div class="spacer battle-history"><br></div><div class="battle-history">Whiscazu used <strong>Scald</strong>!<br></div><div class="battle-history"><small>(The opposing Togekiss lost 63% of its health!)</small><br></div><div class="spacer battle-history"><br></div><div class="battle-history"><small>Whiscazu was hurt by poison!</small><br></div><div class="spacer battle-history"><br></div><h2 class="battle-history">Turn 19</h2><div class="chat chatmessage-godofjoe"><strong style="color:#a523c9"><small>☆</small><span class="username" data-name="god of joe">god of joe</span>:</strong> <em>existence is pain</em></div><div class="spacer battle-history"><br></div><div class="battle-history">The opposing Togekiss used <strong>Soft-Boiled</strong>!<br></div><div class="battle-history"><small>The opposing Togekiss had its HP restored.</small><br></div><div class="spacer battle-history"><br></div><div class="battle-history">Whiscazu used <strong>Scald</strong>!<br></div><div class="battle-history"><small>(The opposing Togekiss lost 65% of its health!)</small><br></div><div class="spacer battle-history"><br></div><div class="battle-history"><small>Whiscazu was hurt by poison!</small><br></div><div class="spacer battle-history"><br></div><div class="battle-history"><small>(Whiscazu ate its Sitrus Berry!)</small><br></div><div class="battle-history"><small>Whiscazu restored HP using its Sitrus Berry!</small><br></div><div class="battle-history">[Whiscazu's Cheek Pouch]<br><small>Whiscazu had its HP restored.</small><br></div><div class="spacer battle-history"><br></div><h2 class="battle-history">Turn 20</h2><div class="spacer battle-history"><br></div><div class="battle-history">The opposing Togekiss used <strong>Soft-Boiled</strong>!<br></div><div class="battle-history"><small>The opposing Togekiss had its HP restored.</small><br></div><div class="spacer battle-history"><br></div><div class="battle-history">Whiscazu used <strong>Scald</strong>!<br></div><div class="battle-history"><small>(The opposing Togekiss lost 59% of its health!)</small><br></div><div class="spacer battle-history"><br></div><div class="battle-history"><small>Whiscazu was hurt by poison!</small><br></div><div class="spacer battle-history"><br></div><h2 class="battle-history">Turn 21</h2><div class="spacer battle-history"><br></div><div class="battle-history">The opposing Togekiss used <strong>Air Slash</strong>!<br></div><div class="battle-history"><small>(Whiscazu lost 12% of its health!)</small><br></div><div class="spacer battle-history"><br></div><div class="battle-history">Whiscazu used <strong>Scald</strong>!<br></div><div class="battle-history"><small>(The opposing Togekiss lost 14% of its health!)</small><br></div><div class="spacer battle-history"><br></div><div class="battle-history">The opposing Togekiss fainted!<br></div><div class="spacer battle-history"><br></div><div class="battle-history"><small>Whiscazu was hurt by poison!</small><br></div><div class="spacer battle-history"><br></div><div class="battle-history">god of joe sent out <strong>Velocinobi</strong>!<br></div><div class="chat"><ul class="utilichart"><li class="result"><span class="col pokemonnamecol" style="white-space: nowrap">Velocinobi</span> <span class="col typecol"><img src="https://dragonheaven.herokuapp.com/sprites/types/Bug.png" alt="Bug" height="14" width="32"><img src="https://dragonheaven.herokuapp.com/sprites/types/Ghost.png" alt="Ghost" height="14" width="32"></span> <span style="float: left ; min-height: 26px"><span class="col abilitycol">Shed Skin / Technician / Unburden</span><span class="col abilitycol"></span></span></li><li style="clear: both"></li></ul></div><div class="chat"><ul class="utilichart"><li class="result"><span style="float: left ; min-height: 26px"><span class="col statcol"><em>HP</em><br>80</span> <span class="col statcol"><em>Atk</em><br>95</span> <span class="col statcol"><em>Def</em><br>20</span> <span class="col statcol"><em>SpA</em><br>105</span> <span class="col statcol"><em>SpD</em><br>90</span> <span class="col statcol"><em>Spe</em><br>145</span> </span></li><li style="clear: both"></li></ul></div><div class="battle-history"><small>(Velocinobi was created by quagsi!)</small><br></div><div class="spacer battle-history"><br></div><h2 class="battle-history">Turn 22</h2><div class="spacer battle-history"><br></div><div class="battle-history">The opposing Velocinobi used <strong>Shadow Ball</strong>!<br></div><div class="battle-history"><small>(Whiscazu lost 17% of its health!)</small><br></div><div class="battle-history"><small>Whiscazu's Sp. Def fell!</small><br></div><div class="spacer battle-history"><br></div><div class="battle-history">Whiscazu used <strong>Recycle</strong>!<br></div><div class="battle-history"><small>Whiscazu found one Sitrus Berry!</small><br></div><div class="battle-history"><small>(Whiscazu ate its Sitrus Berry!)</small><br></div><div class="battle-history"><small>Whiscazu restored HP using its Sitrus Berry!</small><br></div><div class="battle-history">[Whiscazu's Cheek Pouch]<br><small>Whiscazu had its HP restored.</small><br></div><div class="spacer battle-history"><br></div><div class="battle-history"><small>Whiscazu was hurt by poison!</small><br></div><div class="spacer battle-history"><br></div><h2 class="battle-history">Turn 23</h2><div class="spacer battle-history"><br></div><div class="battle-history">The opposing Velocinobi used <strong>Shadow Ball</strong>!<br></div><div class="battle-history"><small>(Whiscazu lost 21% of its health!)</small><br></div><div class="battle-history"><small>Whiscazu's Sp. Def fell!</small><br></div><div class="spacer battle-history"><br></div><div class="battle-history">Whiscazu used <strong>Recycle</strong>!<br></div><div class="battle-history"><small>Whiscazu found one Sitrus Berry!</small><br></div><div class="spacer battle-history"><br></div><div class="battle-history"><small>Whiscazu was hurt by poison!</small><br></div><div class="spacer battle-history"><br></div><h2 class="battle-history">Turn 24</h2><div class="spacer battle-history"><br></div><div class="battle-history">The opposing Velocinobi used <strong>Shadow Ball</strong>!<br></div><div class="battle-history"><small>A critical hit!</small><br></div><div class="battle-history"><small>(Whiscazu lost 55% of its health!)</small><br></div><div class="spacer battle-history"><br></div><div class="battle-history">Whiscazu fainted!<br></div><div class="chat chatmessage-godofjoe"><strong style="color:#a523c9"><small>☆</small><span class="username" data-name="god of joe">god of joe</span>:</strong> <em>thank god.</em></div><div class="chat chatmessage-abismal"><strong style="color:#68a730"><small>☆</small><span class="username" data-name="abismal">abismal</span>:</strong> <em>its always you specifically who hax all of my setup sweepers</em></div><div class="chat chatmessage-godofjoe"><strong style="color:#a523c9"><small>☆</small><span class="username" data-name="god of joe">god of joe</span>:</strong> <em>good</em></div><div class="chat chatmessage-abismal"><strong style="color:#68a730"><small>☆</small><span class="username" data-name="abismal">abismal</span>:</strong> <em>stop it &gt;B(</em></div><div class="spacer battle-history"><br></div><div class="battle-history">Go! Naganadel-Terrestr (<strong>Naganadel-Terrestrial</strong>)!<br></div><div class="chat"><ul class="utilichart"><li class="result"><span class="col pokemonnamecol" style="white-space: nowrap">Naganadel-Terrestrial</span> <span class="col typecol"><img src="https://dragonheaven.herokuapp.com/sprites/types/Bug.png" alt="Bug" height="14" width="32"><img src="https://dragonheaven.herokuapp.com/sprites/types/Dragon.png" alt="Dragon" height="14" width="32"></span> <span style="float: left ; min-height: 26px"><span class="col abilitycol">Regenerator / Beast Boost</span><span class="col abilitycol"></span></span></li><li style="clear: both"></li></ul></div><div class="chat"><ul class="utilichart"><li class="result"><span style="float: left ; min-height: 26px"><span class="col statcol"><em>HP</em><br>73</span> <span class="col statcol"><em>Atk</em><br>127</span> <span class="col statcol"><em>Def</em><br>73</span> <span class="col statcol"><em>SpA</em><br>127</span> <span class="col statcol"><em>SpD</em><br>73</span> <span class="col statcol"><em>Spe</em><br>67</span> </span></li><li style="clear: both"></li></ul></div><div class="battle-history"><small>(Naganadel-Terrestrial was created by KeroseneZanchu!)</small><br></div><div class="spacer battle-history"><br></div><h2 class="battle-history">Turn 25</h2><div class="spacer battle-history"><br></div><div class="battle-history">The opposing Velocinobi used <strong>Shadow Ball</strong>!<br></div><div class="battle-history"><small>(Naganadel-Terrestr lost 63% of its health!)</small><br></div><div class="spacer battle-history"><br></div><div class="battle-history">Naganadel-Terrestr used <strong>Fire Blast</strong>!<br></div><div class="battle-history"><small>The opposing Velocinobi avoided the attack!</small><br></div><div class="spacer battle-history"><br></div><h2 class="battle-history">Turn 26</h2><div class="chat chatmessage-godofjoe"><strong style="color:#a523c9"><small>☆</small><span class="username" data-name="god of joe">god of joe</span>:</strong> <em>okay okay okay</em></div><div class="chat chatmessage-godofjoe"><strong style="color:#a523c9"><small>☆</small><span class="username" data-name="god of joe">god of joe</span>:</strong> <em>im still in this</em></div><div class="spacer battle-history"><br></div><div class="battle-history">The opposing Velocinobi used <strong>Shadow Ball</strong>!<br></div><div class="battle-history"><small>(Naganadel-Terrestr lost 37% of its health!)</small><br></div><div class="spacer battle-history"><br></div><div class="battle-history">Naganadel-Terrestr fainted!<br></div><div class="spacer battle-history"><br></div><div class="battle-history">Go! Golurk (<strong>Golurk-Variant</strong>)!<br></div><div class="battle-history"><small>Pointed stones dug into Golurk!</small><br></div><div class="chat"><ul class="utilichart"><li class="result"><span class="col pokemonnamecol" style="white-space: nowrap">Golurk-Variant</span> <span class="col typecol"><img src="https://dragonheaven.herokuapp.com/sprites/types/Rock.png" alt="Rock" height="14" width="32"><img src="https://dragonheaven.herokuapp.com/sprites/types/Normal.png" alt="Normal" height="14" width="32"></span> <span style="float: left ; min-height: 26px"><span class="col abilitycol">Water Absorb / Klutz / Poison Heal</span><span class="col abilitycol"></span></span></li><li style="clear: both"></li></ul></div><div class="chat"><ul class="utilichart"><li class="result"><span style="float: left ; min-height: 26px"><span class="col statcol"><em>HP</em><br>89</span> <span class="col statcol"><em>Atk</em><br>124</span> <span class="col statcol"><em>Def</em><br>90</span> <span class="col statcol"><em>SpA</em><br>55</span> <span class="col statcol"><em>SpD</em><br>80</span> <span class="col statcol"><em>Spe</em><br>55</span> </span></li><li style="clear: both"></li></ul></div><div class="battle-history"><small>(Golurk-Variant was created by Albatross!)</small><br></div><div class="spacer battle-history"><br></div><h2 class="battle-history">Turn 27</h2><div class="spacer battle-history"><br></div><div class="battle-history">The opposing Velocinobi used <strong>Hidden Power</strong>!<br></div><div class="battle-history"><small>It's super effective!</small><br></div><div class="battle-history"><small>(Golurk lost 88% of its health!)</small><br></div><div class="spacer battle-history"><br></div><div class="battle-history">Golurk fainted!<br></div><div class="spacer battle-history"><br></div><div class="battle-history">Go! Togekiss-Unidentif (<strong>Togekiss-Unidentified</strong>)!<br></div><div class="battle-history"><small>Pointed stones dug into Togekiss-Unidentif!</small><br></div><div class="spacer battle-history"><br></div><h2 class="battle-history">Turn 28</h2><div class="spacer battle-history"><br></div><div class="battle-history">The opposing Velocinobi used <strong>Shadow Ball</strong>!<br></div><div class="battle-history"><small>(Togekiss-Unidentif lost 29% of its health!)</small><br></div><div class="battle-history"><small>Togekiss-Unidentif's Sp. Def fell!</small><br></div><div class="spacer battle-history"><br></div><div class="battle-history">Togekiss-Unidentif used <strong>Smart Strike</strong>!<br></div><div class="battle-history"><small>(The opposing Velocinobi lost 100% of its health!)</small><br></div><div class="spacer battle-history"><br></div><div class="battle-history">The opposing Velocinobi fainted!<br></div><div class="spacer battle-history"><br></div><div class="battle-history"><small>Togekiss-Unidentif restored a little HP using its Leftovers!</small><br></div><div class="spacer battle-history"><br></div><div class="battle-history">god of joe sent out <strong>Narcissopod</strong>!<br></div><div class="spacer battle-history"><br></div><h2 class="battle-history">Turn 29</h2><div class="spacer battle-history"><br></div><div class="battle-history">The opposing Narcissopod used <strong>Scald</strong>!<br></div><div class="battle-history"><small>(Togekiss-Unidentif lost 47% of its health!)</small><br></div><div class="battle-history"><small>The opposing Narcissopod lost some of its HP!</small><br></div><div class="spacer battle-history"><br></div><div class="battle-history">Togekiss-Unidentif used <strong>Smart Strike</strong>!<br></div><div class="battle-history"><small>It's not very effective...</small><br></div><div class="battle-history"><small>(The opposing Narcissopod lost 6% of its health!)</small><br></div><div class="spacer battle-history"><br></div><div class="battle-history">The opposing Narcissopod fainted!<br></div><div class="spacer battle-history"><br></div><div class="battle-history"><small>Togekiss-Unidentif restored a little HP using its Leftovers!</small><br></div><div class="spacer battle-history"><br></div><div class="battle-history">god of joe sent out <strong>Aleon</strong>!<br></div><div class="spacer battle-history"><br></div><h2 class="battle-history">Turn 30</h2><div class="spacer battle-history"><br></div><div class="battle-history">The opposing Aleon used <strong>Scald</strong>!<br></div><div class="battle-history"><small>It's not very effective...</small><br></div><div class="battle-history"><small>(Togekiss-Unidentif lost 24% of its health!)</small><br></div><div class="spacer battle-history"><br></div><div class="battle-history">Togekiss-Unidentif fainted!<br></div><div class="spacer battle-history"><br></div><div class="battle-history">Go! Luxray (<strong>Luxray-Johto</strong>)!<br></div><div class="battle-history"><small>Pointed stones dug into Luxray!</small><br></div><div class="spacer battle-history"><br></div><h2 class="battle-history">Turn 31</h2><div class="spacer battle-history"><br></div><div class="battle-history">The opposing Aleon used <strong>Scald</strong>!<br></div><div class="battle-history"><small>(Luxray lost 77% of its health!)</small><br></div><div class="spacer battle-history"><br></div><div class="battle-history">Luxray used <strong>Facade</strong>!<br></div><div class="battle-history"><small>(The opposing Aleon lost 3% of its health!)</small><br></div><div class="spacer battle-history"><br></div><div class="battle-history">The opposing Aleon fainted!<br></div><div class="spacer battle-history"><br></div><div class="battle-history"><strong>abismal</strong> won the battle!<br></div><div class="chat chatmessage-abismal"><strong style="color:#68a730"><small>☆</small><span class="username" data-name="abismal">abismal</span>:</strong> <em>gg</em></div><div class="chat chatmessage-godofjoe"><strong style="color:#a523c9"><small>☆</small><span class="username" data-name="god of joe">god of joe</span>:</strong> <em>damn</em></div><div class="chat chatmessage-godofjoe"><strong style="color:#a523c9"><small>☆</small><span class="username" data-name="god of joe">god of joe</span>:</strong> <em>gg</em></div></div><div class="inner-preempt message-log"></div></div></div>
</div>
<script>
let daily = Math.floor(Date.now()/1000/60/60/24);document.write('<script src="https://dragonheaven.herokuapp.com/js/replay-embed.js?version'+daily+'"></'+'script>');
</script>
