<!DOCTYPE html>
<meta charset="utf-8" />
<!-- version 1 -->
<title>[Gen 8] Evolution Project VGC replay: H2OPulse vs. inkbug1</title>
<style>
html,body {font-family:Verdana, sans-serif;font-size:10pt;margin:0;padding:0;}body{padding:12px 0;} .battle-log {font-family:Verdana, sans-serif;font-size:10pt;} .battle-log-inline {border:1px solid #AAAAAA;background:#EEF2F5;color:black;max-width:640px;margin:0 auto 80px;padding-bottom:5px;} .battle-log .inner {padding:4px 8px 0px 8px;} .battle-log .inner-preempt {padding:0 8px 4px 8px;} .battle-log .inner-after {margin-top:0.5em;} .battle-log h2 {margin:0.5em -8px;padding:4px 8px;border:1px solid #AAAAAA;background:#E0E7EA;border-left:0;border-right:0;font-family:Verdana, sans-serif;font-size:13pt;} .battle-log .chat {vertical-align:middle;padding:3px 0 3px 0;font-size:8pt;} .battle-log .chat strong {color:#40576A;} .battle-log .chat em {padding:1px 4px 1px 3px;color:#000000;font-style:normal;} .chat.mine {background:rgba(0,0,0,0.05);margin-left:-8px;margin-right:-8px;padding-left:8px;padding-right:8px;} .spoiler {color:#BBBBBB;background:#BBBBBB;padding:0px 3px;} .spoiler:hover, .spoiler:active, .spoiler-shown {color:#000000;background:#E2E2E2;padding:0px 3px;} .spoiler a {color:#BBBBBB;} .spoiler:hover a, .spoiler:active a, .spoiler-shown a {color:#2288CC;} .chat code, .chat .spoiler:hover code, .chat .spoiler:active code, .chat .spoiler-shown code {border:1px solid #C0C0C0;background:#EEEEEE;color:black;padding:0 2px;} .chat .spoiler code {border:1px solid #CCCCCC;background:#CCCCCC;color:#CCCCCC;} .battle-log .rated {padding:3px 4px;} .battle-log .rated strong {color:white;background:#89A;padding:1px 4px;border-radius:4px;} .spacer {margin-top:0.5em;} .message-announce {background:#6688AA;color:white;padding:1px 4px 2px;} .message-announce a, .broadcast-green a, .broadcast-blue a, .broadcast-red a {color:#DDEEFF;} .broadcast-green {background-color:#559955;color:white;padding:2px 4px;} .broadcast-blue {background-color:#6688AA;color:white;padding:2px 4px;} .infobox {border:1px solid #6688AA;padding:2px 4px;} .infobox-limited {max-height:200px;overflow:auto;overflow-x:hidden;} .broadcast-red {background-color:#AA5544;color:white;padding:2px 4px;} .message-learn-canlearn {font-weight:bold;color:#228822;text-decoration:underline;} .message-learn-cannotlearn {font-weight:bold;color:#CC2222;text-decoration:underline;} .message-effect-weak {font-weight:bold;color:#CC2222;} .message-effect-resist {font-weight:bold;color:#6688AA;} .message-effect-immune {font-weight:bold;color:#666666;} .message-learn-list {margin-top:0;margin-bottom:0;} .message-throttle-notice, .message-error {color:#992222;} .message-overflow, .chat small.message-overflow {font-size:0pt;} .message-overflow::before {font-size:9pt;content:'...';} .subtle {color:#3A4A66;}
</style>
<div class="wrapper replay-wrapper" style="max-width:1180px;margin:0 auto">
<input type="hidden" name="replayid" value="dragonheaven-gen8evolutionprojectvgc-401" />
<div class="battle"></div><div class="battle-log"></div><div class="replay-controls"></div><div class="replay-controls-2"></div>
<h1 style="font-weight:normal;text-align:center"><strong>[Gen 8] Evolution Project VGC</strong><br /><a href="http://pokemonshowdown.com/users/h2opulse" class="subtle" target="_blank">H2OPulse</a> vs. <a href="http://pokemonshowdown.com/users/inkbug1" class="subtle" target="_blank">inkbug1</a></h1>
<script type="text/plain" class="battle-log-data">|j|☆H2OPulse
|j|☆inkbug1

|t:|1641706491
|player|p1|H2OPulse|aetherfoundation|
|player|p2|inkbug1|burgh|
|teamsize|p1|6
|teamsize|p2|6
|gametype|doubles
|gen|8
|tier|[Gen 8] Evolution Project VGC
|clearpoke
|poke|p1|Arcanine, L50, M|
|poke|p1|Tsareena, L50, F|
|poke|p1|Falinks-Terracotta, L50, F|
|poke|p1|Rubulwark, L50, M|
|poke|p1|Mienshao-Yaoguai, L50, M|
|poke|p1|Persian-Alola, L50, M|
|poke|p2|Lediluck, L50, M|
|poke|p2|Hoobarn, L50, F|
|poke|p2|Shiinotic-Kalos, L50, F|
|poke|p2|Falinks-Terracotta, L50, M|
|poke|p2|Cherrim, L50, F|
|poke|p2|Gigalith-Kalos, L50, M|
|rule|Species Clause: Limit one of each Pokémon
|rule|Item Clause: Limit one of each item
|rule|Dynamax Clause: You cannot dynamax
|rule|Z-Move Clause: Type-based Z-Moves are banned
|teampreview|4
|c|☆H2OPulse|Good luck and have fun!!! O:
|j| SimpyShrimp
|c|☆inkbug1|u too !
|c| SimpyShrimp|glhf
|
|t:|1641706557
|start
|switch|p1a: Monkshood|Mienshao-Yaoguai, L50, M|48\/48
|switch|p1b: Garcinia|Tsareena, L50, F|48\/48
|switch|p2a: Lediluck|Lediluck, L50, M|141\/141
|switch|p2b: Hoobarn|Hoobarn, L50, F|207\/207
|-start|p2a: Lediluck|typechange|Bug\/Flying|[silent]
|raw|<ul class="utilichart"><li class="result"><span class="col pokemonnamecol" style="white-space: nowrap">Lediluck<\/span> <span class="col typecol"><img src="https:\/\/play.pokemonshowdown.com\/sprites\/types\/Bug.png" alt="Bug" height="14" width="32"><img src="https:\/\/play.pokemonshowdown.com\/sprites\/types\/Flying.png" alt="Flying" height="14" width="32"><\/span> <span style="float: left ; min-height: 26px"><span class="col abilitycol">Swarm \/ Super Luck \/ Iron Fist<\/span><span class="col abilitycol"><\/span><\/span><\/li><li style="clear: both"><\/li><\/ul>
|raw|<ul class="utilichart"><li class="result"><span style="float: left ; min-height: 26px"><span class="col statcol"><em>HP<\/em><br>65<\/span> <span class="col statcol"><em>Atk<\/em><br>85<\/span> <span class="col statcol"><em>Def<\/em><br>60<\/span> <span class="col statcol"><em>SpA<\/em><br>65<\/span> <span class="col statcol"><em>SpD<\/em><br>120<\/span> <span class="col statcol"><em>Spe<\/em><br>105<\/span> <\/span><\/li><li style="clear: both"><\/li><\/ul>
|-hint|Lediluck was created by inkbug!
|-start|p1a: Monkshood|typechange|Fighting\/Ghost|[silent]
|raw|<ul class="utilichart"><li class="result"><span class="col pokemonnamecol" style="white-space: nowrap">Mienshao-Yaoguai<\/span> <span class="col typecol"><img src="https:\/\/play.pokemonshowdown.com\/sprites\/types\/Fighting.png" alt="Fighting" height="14" width="32"><img src="https:\/\/play.pokemonshowdown.com\/sprites\/types\/Ghost.png" alt="Ghost" height="14" width="32"><\/span> <span style="float: left ; min-height: 26px"><span class="col abilitycol">Inner Focus \/ Prankster \/ Berserk<\/span><span class="col abilitycol"><\/span><\/span><\/li><li style="clear: both"><\/li><\/ul>
|raw|<ul class="utilichart"><li class="result"><span style="float: left ; min-height: 26px"><span class="col statcol"><em>HP<\/em><br>65<\/span> <span class="col statcol"><em>Atk<\/em><br>125<\/span> <span class="col statcol"><em>Def<\/em><br>60<\/span> <span class="col statcol"><em>SpA<\/em><br>105<\/span> <span class="col statcol"><em>SpD<\/em><br>60<\/span> <span class="col statcol"><em>Spe<\/em><br>95<\/span> <\/span><\/li><li style="clear: both"><\/li><\/ul>
|-hint|Mienshao-Yaoguai was created by Hematite!
|-start|p2b: Hoobarn|typechange|Normal\/Flying|[silent]
|raw|<ul class="utilichart"><li class="result"><span class="col pokemonnamecol" style="white-space: nowrap">Hoobarn<\/span> <span class="col typecol"><img src="https:\/\/play.pokemonshowdown.com\/sprites\/types\/Normal.png" alt="Normal" height="14" width="32"><img src="https:\/\/play.pokemonshowdown.com\/sprites\/types\/Flying.png" alt="Flying" height="14" width="32"><\/span> <span style="float: left ; min-height: 26px"><span class="col abilitycol">Insomnia \/ Keen Eye \/ Prankster<\/span><span class="col abilitycol"><\/span><\/span><\/li><li style="clear: both"><\/li><\/ul>
|raw|<ul class="utilichart"><li class="result"><span style="float: left ; min-height: 26px"><span class="col statcol"><em>HP<\/em><br>100<\/span> <span class="col statcol"><em>Atk<\/em><br>70<\/span> <span class="col statcol"><em>Def<\/em><br>90<\/span> <span class="col statcol"><em>SpA<\/em><br>86<\/span> <span class="col statcol"><em>SpD<\/em><br>96<\/span> <span class="col statcol"><em>Spe<\/em><br>70<\/span> <\/span><\/li><li style="clear: both"><\/li><\/ul>
|-hint|Hoobarn was created by Bolivia!
|turn|1
|raw|<ul class="utilichart"><li class="result"><span class="col namecol"><a href="https:\/\/dex.pokemonshowdown.com\/abilities\/queenlymajesty">Queenly Majesty<\/a><\/span> <span class="col abilitydesccol">While this Pokemon is active, allies are protected from opposing priority moves.<\/span> <\/li><li style="clear:both"><\/li><\/ul>
|raw|<font size="1"><font color="#686868">Gen:<\/font> 7<\/font>

|c|☆H2OPulse|D...do these both have Tailwind why am I afraid both of these have Tailwind
|
|t:|1641706600
|move|p1a: Monkshood|Fake Out|p2b: Hoobarn
|-damage|p2b: Hoobarn|186\/207
|cant|p2b: Hoobarn|flinch
|move|p2a: Lediluck|Struggle Bug|p1a: Monkshood|[spread] p1a,p1b
|-resisted|p1a: Monkshood
|-crit|p1a: Monkshood
|-supereffective|p1b: Garcinia
|-crit|p1b: Garcinia
|-damage|p1a: Monkshood|44\/48
|-damage|p1b: Garcinia|31\/48
|-unboost|p1a: Monkshood|spa|1
|-unboost|p1b: Garcinia|spa|1
|move|p1b: Garcinia|Triple Axel|p2b: Hoobarn
|-supereffective|p2b: Hoobarn
|-damage|p2b: Hoobarn|158\/207
|-supereffective|p2b: Hoobarn
|-damage|p2b: Hoobarn|102\/207
|-supereffective|p2b: Hoobarn
|-damage|p2b: Hoobarn|20\/207
|-hitcount|p2b: Hoobarn|3
|
|-status|p2b: Hoobarn|brn|[from] item: Flame Orb
|upkeep
|turn|2
|
|t:|1641706644
|switch|p1b: Laurel|Falinks-Terracotta, L50, F|48\/48
|-start|p1b: Laurel|typechange|Fighting\/Rock|[silent]
|raw|<ul class="utilichart"><li class="result"><span class="col pokemonnamecol" style="white-space: nowrap">Falinks-Terracotta<\/span> <span class="col typecol"><img src="https:\/\/play.pokemonshowdown.com\/sprites\/types\/Fighting.png" alt="Fighting" height="14" width="32"><img src="https:\/\/play.pokemonshowdown.com\/sprites\/types\/Rock.png" alt="Rock" height="14" width="32"><\/span> <span style="float: left ; min-height: 26px"><span class="col abilitycol">Solid Rock \/ Skill Link \/ Defiant<\/span><span class="col abilitycol"><\/span><\/span><\/li><li style="clear: both"><\/li><\/ul>
|raw|<ul class="utilichart"><li class="result"><span style="float: left ; min-height: 26px"><span class="col statcol"><em>HP<\/em><br>65<\/span> <span class="col statcol"><em>Atk<\/em><br>100<\/span> <span class="col statcol"><em>Def<\/em><br>100<\/span> <span class="col statcol"><em>SpA<\/em><br>60<\/span> <span class="col statcol"><em>SpD<\/em><br>60<\/span> <span class="col statcol"><em>Spe<\/em><br>85<\/span> <\/span><\/li><li style="clear: both"><\/li><\/ul>
|-hint|Falinks-Terracotta was created by Hematite!
|switch|p2b: Falinks|Falinks-Terracotta, L50, M|172\/172
|-start|p2b: Falinks|typechange|Fighting\/Rock|[silent]
|raw|<ul class="utilichart"><li class="result"><span class="col pokemonnamecol" style="white-space: nowrap">Falinks-Terracotta<\/span> <span class="col typecol"><img src="https:\/\/play.pokemonshowdown.com\/sprites\/types\/Fighting.png" alt="Fighting" height="14" width="32"><img src="https:\/\/play.pokemonshowdown.com\/sprites\/types\/Rock.png" alt="Rock" height="14" width="32"><\/span> <span style="float: left ; min-height: 26px"><span class="col abilitycol">Solid Rock \/ Skill Link \/ Defiant<\/span><span class="col abilitycol"><\/span><\/span><\/li><li style="clear: both"><\/li><\/ul>
|raw|<ul class="utilichart"><li class="result"><span style="float: left ; min-height: 26px"><span class="col statcol"><em>HP<\/em><br>65<\/span> <span class="col statcol"><em>Atk<\/em><br>100<\/span> <span class="col statcol"><em>Def<\/em><br>100<\/span> <span class="col statcol"><em>SpA<\/em><br>60<\/span> <span class="col statcol"><em>SpD<\/em><br>60<\/span> <span class="col statcol"><em>Spe<\/em><br>85<\/span> <\/span><\/li><li style="clear: both"><\/li><\/ul>
|-hint|Falinks-Terracotta was created by Hematite!
|move|p1a: Monkshood|Taunt|p2b: Falinks
|-start|p2b: Falinks|move: Taunt
|move|p2a: Lediluck|Air Cutter|p1b: Laurel|[spread] p1a,p1b
|-supereffective|p1a: Monkshood
|-crit|p1a: Monkshood
|-crit|p1b: Laurel
|-damage|p1a: Monkshood|5\/48
|-damage|p1b: Laurel|31\/48
|
|upkeep
|turn|3
|c|☆H2OPulse|PF
|
|t:|1641706722
|switch|p1a: Nip|Persian-Alola, L50, M|48\/48
|move|p2a: Lediluck|Protect|p2a: Lediluck
|-singleturn|p2a: Lediluck|Protect
|move|p2b: Falinks|First Impression|p1a: Nip
|-supereffective|p1a: Nip
|-damage|p1a: Nip|26\/48
|move|p1b: Laurel|No Retreat|p1b: Laurel
|-boost|p1b: Laurel|atk|1
|-boost|p1b: Laurel|def|1
|-boost|p1b: Laurel|spa|1
|-boost|p1b: Laurel|spd|1
|-boost|p1b: Laurel|spe|1
|-start|p1b: Laurel|move: No Retreat
|
|upkeep
|turn|4
|c|☆inkbug1|i am in 
|c|☆inkbug1|a sutuation 
|
|t:|1641706773
|move|p1a: Nip|Fake Out|p2b: Falinks
|-resisted|p2b: Falinks
|-damage|p2b: Falinks|167\/172
|move|p1b: Laurel|Rock Slide|p2a: Lediluck|[spread] p2a,p2b
|-supereffective|p2a: Lediluck
|-resisted|p2b: Falinks
|-damage|p2a: Lediluck|0 fnt
|-damage|p2b: Falinks|140\/172
|faint|p2a: Lediluck
|cant|p2b: Falinks|flinch
|
|-end|p2b: Falinks|move: Taunt
|upkeep
|c|☆inkbug1|nooo
|
|t:|1641706790
|switch|p2a: Hoobarn|Hoobarn, L50, F|20\/207 brn
|-start|p2a: Hoobarn|typechange|Normal\/Flying|[silent]
|turn|5
|
|t:|1641706809
|move|p1b: Laurel|Protect|p1b: Laurel
|-singleturn|p1b: Laurel|Protect
|move|p2a: Hoobarn|Roost|p2a: Hoobarn
|-heal|p2a: Hoobarn|124\/207 brn
|-singleturn|p2a: Hoobarn|move: Roost
|move|p1a: Nip|Icy Wind|p2a: Hoobarn|[spread] p2a,p2b
|-damage|p2a: Hoobarn|113\/207 brn
|-damage|p2b: Falinks|120\/172
|-unboost|p2a: Hoobarn|spe|1
|-unboost|p2b: Falinks|spe|1
|-ability|p2b: Falinks|Defiant
|-boost|p2b: Falinks|atk|2
|move|p2b: Falinks|Brick Break|p1b: Laurel
|-activate|p1b: Laurel|move: Protect
|
|-damage|p2a: Hoobarn|101\/207 brn|[from] brn
|upkeep
|turn|6
|c|☆H2OPulse|I FORGOT
|c|☆H2OPulse|um
|
|t:|1641706847
|switch|p1a: Garcinia|Tsareena, L50, F|31\/48
|move|p2a: Hoobarn|Psycho Shift||[still]
|cant|p1a: Garcinia|ability: Queenly Majesty|Psycho Shift|[of] p2a: Hoobarn
|move|p1b: Laurel|Drain Punch|p2b: Falinks
|-supereffective|p2b: Falinks
|-damage|p2b: Falinks|0 fnt
|-heal|p1b: Laurel|48\/48|[from] drain|[of] p2b: Falinks
|faint|p2b: Falinks
|
|-damage|p2a: Hoobarn|89\/207 brn|[from] brn
|upkeep
|c|☆H2OPulse|pjew
|c|☆H2OPulse|*phew
|c|☆inkbug1|u are so mean to me
|c|☆H2OPulse|sorry,,
|
|t:|1641706859
|switch|p2b: Shiinotic|Shiinotic-Kalos, L50, F|135\/135
|-start|p2b: Shiinotic|typechange|Poison\/Fairy|[silent]
|raw|<ul class="utilichart"><li class="result"><span class="col pokemonnamecol" style="white-space: nowrap">Shiinotic-Kalos<\/span> <span class="col typecol"><img src="https:\/\/play.pokemonshowdown.com\/sprites\/types\/Poison.png" alt="Poison" height="14" width="32"><img src="https:\/\/play.pokemonshowdown.com\/sprites\/types\/Fairy.png" alt="Fairy" height="14" width="32"><\/span> <span style="float: left ; min-height: 26px"><span class="col abilitycol">Illuminate \/ Effect Spore \/ Technician<\/span><span class="col abilitycol"><\/span><\/span><\/li><li style="clear: both"><\/li><\/ul>
|raw|<ul class="utilichart"><li class="result"><span style="float: left ; min-height: 26px"><span class="col statcol"><em>HP<\/em><br>60<\/span> <span class="col statcol"><em>Atk<\/em><br>45<\/span> <span class="col statcol"><em>Def<\/em><br>60<\/span> <span class="col statcol"><em>SpA<\/em><br>90<\/span> <span class="col statcol"><em>SpD<\/em><br>80<\/span> <span class="col statcol"><em>Spe<\/em><br>70<\/span> <\/span><\/li><li style="clear: both"><\/li><\/ul>
|-hint|Shiinotic-Kalos was created by Hematite!
|turn|7
|
|t:|1641706876
|move|p1b: Laurel|Protect|p1b: Laurel
|-singleturn|p1b: Laurel|Protect
|move|p2a: Hoobarn|Tailwind|p2a: Hoobarn
|-sidestart|p2: inkbug1|move: Tailwind
|move|p2b: Shiinotic|Spore|p1b: Laurel
|-activate|p1b: Laurel|move: Protect
|move|p1a: Garcinia|Triple Axel|p2b: Shiinotic
|-damage|p2b: Shiinotic|117\/135
|-damage|p2b: Shiinotic|83\/135
|-damage|p2b: Shiinotic|29\/135
|-hitcount|p2b: Shiinotic|3
|
|-damage|p2a: Hoobarn|77\/207 brn|[from] brn
|upkeep
|turn|8
|c|☆H2OPulse|nooot enough
|c|☆H2OPulse|okay
|
|t:|1641706903
|move|p2a: Hoobarn|Roost|p2a: Hoobarn
|-heal|p2a: Hoobarn|181\/207 brn
|-singleturn|p2a: Hoobarn|move: Roost
|move|p2b: Shiinotic|Strength Sap|p1a: Garcinia
|-unboost|p1a: Garcinia|atk|1
|-heal|p2b: Shiinotic|135\/135
|move|p1b: Laurel|Rock Slide|p2a: Hoobarn|[spread] p2a,p2b
|-damage|p2a: Hoobarn|123\/207 brn
|-damage|p2b: Shiinotic|50\/135
|move|p1a: Garcinia|Triple Axel|p2b: Shiinotic
|-damage|p2b: Shiinotic|37\/135
|-damage|p2b: Shiinotic|11\/135
|-damage|p2b: Shiinotic|0 fnt
|-hitcount|p2b: Shiinotic|3
|faint|p2b: Shiinotic
|
|-damage|p2a: Hoobarn|111\/207 brn|[from] brn
|upkeep
|turn|9
|c|☆inkbug1|that hurt 
|c|☆inkbug1|ok 
|
|t:|1641706922
|move|p1b: Laurel|Drain Punch|p2a: Hoobarn
|-damage|p2a: Hoobarn|33\/207 brn
|move|p2a: Hoobarn|Hyper Voice|p1b: Laurel|[spread] p1a,p1b
|-resisted|p1b: Laurel
|-damage|p1a: Garcinia|20\/48
|-damage|p1b: Laurel|43\/48
|move|p1a: Garcinia|Triple Axel|p2a: Hoobarn
|-supereffective|p2a: Hoobarn
|-damage|p2a: Hoobarn|13\/207 brn
|-supereffective|p2a: Hoobarn
|-damage|p2a: Hoobarn|0 fnt
|-hitcount|p2a: Hoobarn|2
|faint|p2a: Hoobarn
|
|win|H2OPulse
|c|☆H2OPulse|Whe w
|c|☆H2OPulse|Good game!! :'D
|c|☆inkbug1|was hoping that would be cool and it wasnt really , ahwell
|c|☆H2OPulse|Fair,,</script>
</div>
<div class="battle-log battle-log-inline"><div class="inner"><div class="battle-options"><div style="padding-top: 3px; padding-right: 3px; text-align: right"><button class="icon button" name="openBattleOptions" title="Options">Battle Options</button></div></div><div class="inner message-log"><div class="chat"><small>☆H2OPulse and ☆inkbug1 joined</small></div><div class=""><small>Format:</small> <br><strong>[Gen 8] Evolution Project VGC</strong></div><div class=""><small><em>Species Clause:</em> Limit one of each Pokémon</small></div><div class=""><small><em>Item Clause:</em> Limit one of each item</small></div><div class=""><small><em>Dynamax Clause:</em> You cannot dynamax</small></div><div class=""><small><em>Z-Move Clause:</em> Type-based Z-Moves are banned</small></div><div class="chat battle-history"><strong>H2OPulse's team:</strong> <em style="color:#445566;display:block;">Arcanine / Tsareena / Falinks-Terracotta / Rubulwark / Mienshao-Yaoguai / Persian-Alola</em></div><div class="chat battle-history"><strong>inkbug1's team:</strong> <em style="color:#445566;display:block;">Lediluck / Hoobarn / Shiinotic-Kalos / Falinks-Terracotta / Cherrim / Gigalith-Kalos</em></div><div class="chat chatmessage-h2opulse"><strong style="color:#6e8c2b"><small>☆</small><span class="username" data-name="H2OPulse">H2OPulse</span>:</strong> <em>Good luck and have fun!!! O:</em></div><div class="chat"><small> SimpyShrimp joined</small></div><div class="chat chatmessage-inkbug1 mine"><strong style="color:#e46e0f"><small>☆</small><span class="username" data-name="inkbug1">inkbug1</span>:</strong> <em>u too !</em></div><div class="chat chatmessage-simpyshrimp"><strong style="color:#ae6819"><small> </small><span class="username" data-name="SimpyShrimp">SimpyShrimp</span>:</strong> <em>glhf</em></div><div class="spacer battle-history"><br></div><div class="battle-history">Battle started between H2OPulse and inkbug1!<br></div><div class="spacer battle-history"><br></div><div class="battle-history">H2OPulse sent out Monkshood (<strong>Mienshao-Yaoguai</strong>)!<br></div><div class="spacer battle-history"><br></div><div class="battle-history">H2OPulse sent out Garcinia (<strong>Tsareena</strong>)!<br></div><div class="spacer battle-history"><br></div><div class="battle-history">Go! <strong>Lediluck</strong>!<br></div><div class="spacer battle-history"><br></div><div class="battle-history">Go! <strong>Hoobarn</strong>!<br></div><div class="chat"><ul class="utilichart"><li class="result"><span class="col pokemonnamecol" style="white-space: nowrap">Lediluck</span> <span class="col typecol"><img src="https://play.pokemonshowdown.com/sprites/types/Bug.png" alt="Bug" height="14" width="32"><img src="https://play.pokemonshowdown.com/sprites/types/Flying.png" alt="Flying" height="14" width="32"></span> <span style="float: left ; min-height: 26px"><span class="col abilitycol">Swarm / Super Luck / Iron Fist</span><span class="col abilitycol"></span></span></li><li style="clear: both"></li></ul></div><div class="chat"><ul class="utilichart"><li class="result"><span style="float: left ; min-height: 26px"><span class="col statcol"><em>HP</em><br>65</span> <span class="col statcol"><em>Atk</em><br>85</span> <span class="col statcol"><em>Def</em><br>60</span> <span class="col statcol"><em>SpA</em><br>65</span> <span class="col statcol"><em>SpD</em><br>120</span> <span class="col statcol"><em>Spe</em><br>105</span> </span></li><li style="clear: both"></li></ul></div><div class="battle-history"><small>(Lediluck was created by inkbug!)</small><br></div><div class="chat"><ul class="utilichart"><li class="result"><span class="col pokemonnamecol" style="white-space: nowrap">Mienshao-Yaoguai</span> <span class="col typecol"><img src="https://play.pokemonshowdown.com/sprites/types/Fighting.png" alt="Fighting" height="14" width="32"><img src="https://play.pokemonshowdown.com/sprites/types/Ghost.png" alt="Ghost" height="14" width="32"></span> <span style="float: left ; min-height: 26px"><span class="col abilitycol">Inner Focus / Prankster / Berserk</span><span class="col abilitycol"></span></span></li><li style="clear: both"></li></ul></div><div class="chat"><ul class="utilichart"><li class="result"><span style="float: left ; min-height: 26px"><span class="col statcol"><em>HP</em><br>65</span> <span class="col statcol"><em>Atk</em><br>125</span> <span class="col statcol"><em>Def</em><br>60</span> <span class="col statcol"><em>SpA</em><br>105</span> <span class="col statcol"><em>SpD</em><br>60</span> <span class="col statcol"><em>Spe</em><br>95</span> </span></li><li style="clear: both"></li></ul></div><div class="battle-history"><small>(Mienshao-Yaoguai was created by Hematite!)</small><br></div><div class="chat"><ul class="utilichart"><li class="result"><span class="col pokemonnamecol" style="white-space: nowrap">Hoobarn</span> <span class="col typecol"><img src="https://play.pokemonshowdown.com/sprites/types/Normal.png" alt="Normal" height="14" width="32"><img src="https://play.pokemonshowdown.com/sprites/types/Flying.png" alt="Flying" height="14" width="32"></span> <span style="float: left ; min-height: 26px"><span class="col abilitycol">Insomnia / Keen Eye / Prankster</span><span class="col abilitycol"></span></span></li><li style="clear: both"></li></ul></div><div class="chat"><ul class="utilichart"><li class="result"><span style="float: left ; min-height: 26px"><span class="col statcol"><em>HP</em><br>100</span> <span class="col statcol"><em>Atk</em><br>70</span> <span class="col statcol"><em>Def</em><br>90</span> <span class="col statcol"><em>SpA</em><br>86</span> <span class="col statcol"><em>SpD</em><br>96</span> <span class="col statcol"><em>Spe</em><br>70</span> </span></li><li style="clear: both"></li></ul></div><div class="battle-history"><small>(Hoobarn was created by Bolivia!)</small><br></div><div class="spacer battle-history"><br></div><h2 class="battle-history">Turn 1</h2><div class="chat"><ul class="utilichart"><li class="result"><span class="col namecol"><a href="https://dex.pokemonshowdown.com/abilities/queenlymajesty" target="_blank" rel="noopener">Queenly Majesty</a></span> <span class="col abilitydesccol">While this Pokemon is active, allies are protected from opposing priority moves.</span> </li><li style="clear: both"></li></ul></div><div class="chat"><font size="1"><font color="#686868">Gen:</font> 7</font></div><div class="chat chatmessage-h2opulse"><strong style="color:#6e8c2b"><small>☆</small><span class="username" data-name="H2OPulse">H2OPulse</span>:</strong> <em>D...do these both have Tailwind why am I afraid both of these have Tailwind</em></div><div class="spacer battle-history"><br></div><div class="battle-history">The opposing Monkshood used <strong>Fake Out</strong>!<br></div><div class="battle-history"><small>(Hoobarn lost <abbr title="−21/207">10.1%</abbr> of its health!)</small><br></div><div class="spacer battle-history"><br></div><div class="battle-history">Hoobarn flinched and couldn't move!<br></div><div class="spacer battle-history"><br></div><div class="battle-history">Lediluck used <strong>Struggle Bug</strong>!<br></div><div class="battle-history"><small>It's not very effective on the opposing Monkshood.</small><br></div><div class="battle-history"><small>A critical hit on the opposing Monkshood!</small><br></div><div class="battle-history"><small>It's super effective on the opposing Garcinia!</small><br></div><div class="battle-history"><small>A critical hit on the opposing Garcinia!</small><br></div><div class="battle-history"><small>(The opposing Monkshood lost <abbr title="−4/48 pixels">6.3–8.3%</abbr> of its health!)</small><br></div><div class="battle-history"><small>(The opposing Garcinia lost <abbr title="−17/48 pixels">33.4–35.4%</abbr> of its health!)</small><br></div><div class="battle-history"><small>The opposing Monkshood's Sp. Atk fell!</small><br></div><div class="battle-history"><small>The opposing Garcinia's Sp. Atk fell!</small><br></div><div class="spacer battle-history"><br></div><div class="battle-history">The opposing Garcinia used <strong>Triple Axel</strong>!<br></div><div class="battle-history"><small>It's super effective!</small><br></div><div class="battle-history"><small>(Hoobarn lost <abbr title="−28/207">13.5%</abbr> of its health!)</small><br></div><div class="battle-history"><small>It's super effective!</small><br></div><div class="battle-history"><small>(Hoobarn lost <abbr title="−56/207">27.1%</abbr> of its health!)</small><br></div><div class="battle-history"><small>It's super effective!</small><br></div><div class="battle-history"><small>(Hoobarn lost <abbr title="−82/207">39.6%</abbr> of its health!)</small><br></div><div class="battle-history"><small>The Pokémon was hit 3 times!</small><br></div><div class="spacer battle-history"><br></div><div class="battle-history"><small>Hoobarn was burned!</small><br></div><div class="spacer battle-history"><br></div><h2 class="battle-history">Turn 2</h2><div class="spacer battle-history"><br></div><div class="battle-history">H2OPulse withdrew Garcinia!<br></div><div class="battle-history">H2OPulse sent out Laurel (<strong>Falinks-Terracotta</strong>)!<br></div><div class="chat"><ul class="utilichart"><li class="result"><span class="col pokemonnamecol" style="white-space: nowrap">Falinks-Terracotta</span> <span class="col typecol"><img src="https://play.pokemonshowdown.com/sprites/types/Fighting.png" alt="Fighting" height="14" width="32"><img src="https://play.pokemonshowdown.com/sprites/types/Rock.png" alt="Rock" height="14" width="32"></span> <span style="float: left ; min-height: 26px"><span class="col abilitycol">Solid Rock / Skill Link / Defiant</span><span class="col abilitycol"></span></span></li><li style="clear: both"></li></ul></div><div class="chat"><ul class="utilichart"><li class="result"><span style="float: left ; min-height: 26px"><span class="col statcol"><em>HP</em><br>65</span> <span class="col statcol"><em>Atk</em><br>100</span> <span class="col statcol"><em>Def</em><br>100</span> <span class="col statcol"><em>SpA</em><br>60</span> <span class="col statcol"><em>SpD</em><br>60</span> <span class="col statcol"><em>Spe</em><br>85</span> </span></li><li style="clear: both"></li></ul></div><div class="battle-history"><small>(Falinks-Terracotta was created by Hematite!)</small><br></div><div class="spacer battle-history"><br></div><div class="battle-history">Hoobarn, come back!<br></div><div class="battle-history">Go! Falinks (<strong>Falinks-Terracotta</strong>)!<br></div><div class="chat"><ul class="utilichart"><li class="result"><span class="col pokemonnamecol" style="white-space: nowrap">Falinks-Terracotta</span> <span class="col typecol"><img src="https://play.pokemonshowdown.com/sprites/types/Fighting.png" alt="Fighting" height="14" width="32"><img src="https://play.pokemonshowdown.com/sprites/types/Rock.png" alt="Rock" height="14" width="32"></span> <span style="float: left ; min-height: 26px"><span class="col abilitycol">Solid Rock / Skill Link / Defiant</span><span class="col abilitycol"></span></span></li><li style="clear: both"></li></ul></div><div class="chat"><ul class="utilichart"><li class="result"><span style="float: left ; min-height: 26px"><span class="col statcol"><em>HP</em><br>65</span> <span class="col statcol"><em>Atk</em><br>100</span> <span class="col statcol"><em>Def</em><br>100</span> <span class="col statcol"><em>SpA</em><br>60</span> <span class="col statcol"><em>SpD</em><br>60</span> <span class="col statcol"><em>Spe</em><br>85</span> </span></li><li style="clear: both"></li></ul></div><div class="battle-history"><small>(Falinks-Terracotta was created by Hematite!)</small><br></div><div class="spacer battle-history"><br></div><div class="battle-history">The opposing Monkshood used <strong>Taunt</strong>!<br></div><div class="battle-history"><small>Falinks fell for the taunt!</small><br></div><div class="spacer battle-history"><br></div><div class="battle-history">Lediluck used <strong>Air Cutter</strong>!<br></div><div class="battle-history"><small>It's super effective on the opposing Monkshood!</small><br></div><div class="battle-history"><small>A critical hit on the opposing Monkshood!</small><br></div><div class="battle-history"><small>A critical hit on the opposing Laurel!</small><br></div><div class="battle-history"><small>(The opposing Monkshood lost <abbr title="−39/48 pixels">79.2–83.3%</abbr> of its health!)</small><br></div><div class="battle-history"><small>(The opposing Laurel lost <abbr title="−17/48 pixels">33.4–35.4%</abbr> of its health!)</small><br></div><div class="spacer battle-history"><br></div><h2 class="battle-history">Turn 3</h2><div class="chat chatmessage-h2opulse"><strong style="color:#6e8c2b"><small>☆</small><span class="username" data-name="H2OPulse">H2OPulse</span>:</strong> <em>PF</em></div><div class="spacer battle-history"><br></div><div class="battle-history">H2OPulse withdrew Monkshood!<br></div><div class="battle-history">H2OPulse sent out Nip (<strong>Persian-Alola</strong>)!<br></div><div class="spacer battle-history"><br></div><div class="battle-history">Lediluck used <strong>Protect</strong>!<br></div><div class="battle-history"><small>Lediluck protected itself!</small><br></div><div class="spacer battle-history"><br></div><div class="battle-history">Falinks used <strong>First Impression</strong>!<br></div><div class="battle-history"><small>It's super effective!</small><br></div><div class="battle-history"><small>(The opposing Nip lost <abbr title="−22/48 pixels">43.8–45.8%</abbr> of its health!)</small><br></div><div class="spacer battle-history"><br></div><div class="battle-history">The opposing Laurel used <strong>No Retreat</strong>!<br></div><div class="battle-history"><small>The opposing Laurel's Attack rose!</small><br></div><div class="battle-history"><small>The opposing Laurel's Defense rose!</small><br></div><div class="battle-history"><small>The opposing Laurel's Sp. Atk rose!</small><br></div><div class="battle-history"><small>The opposing Laurel's Sp. Def rose!</small><br></div><div class="battle-history"><small>The opposing Laurel's Speed rose!</small><br></div><div class="battle-history"><small>The opposing Laurel can no longer escape because it used No Retreat!</small><br></div><div class="spacer battle-history"><br></div><h2 class="battle-history">Turn 4</h2><div class="chat chatmessage-inkbug1 mine"><strong style="color:#e46e0f"><small>☆</small><span class="username" data-name="inkbug1">inkbug1</span>:</strong> <em>i am in </em></div><div class="chat chatmessage-inkbug1 mine"><strong style="color:#e46e0f"><small>☆</small><span class="username" data-name="inkbug1">inkbug1</span>:</strong> <em>a sutuation </em></div><div class="spacer battle-history"><br></div><div class="battle-history">The opposing Nip used <strong>Fake Out</strong>!<br></div><div class="battle-history"><small>It's not very effective...</small><br></div><div class="battle-history"><small>(Falinks lost <abbr title="−5/172">2.9%</abbr> of its health!)</small><br></div><div class="spacer battle-history"><br></div><div class="battle-history">The opposing Laurel used <strong>Rock Slide</strong>!<br></div><div class="battle-history"><small>It's super effective on Lediluck!</small><br></div><div class="battle-history"><small>It's not very effective on Falinks.</small><br></div><div class="battle-history"><small>(Lediluck lost <abbr title="−141/141">100%</abbr> of its health!)</small><br></div><div class="battle-history"><small>(Falinks lost <abbr title="−27/172">15.7%</abbr> of its health!)</small><br></div><div class="spacer battle-history"><br></div><div class="battle-history">Lediluck fainted!<br></div><div class="battle-history">Falinks flinched and couldn't move!<br></div><div class="spacer battle-history"><br></div><div class="battle-history"><small>Falinks shook off the taunt!</small><br></div><div class="chat chatmessage-inkbug1 mine"><strong style="color:#e46e0f"><small>☆</small><span class="username" data-name="inkbug1">inkbug1</span>:</strong> <em>nooo</em></div><div class="spacer battle-history"><br></div><div class="battle-history">Go! <strong>Hoobarn</strong>!<br></div><div class="spacer battle-history"><br></div><h2 class="battle-history">Turn 5</h2><div class="spacer battle-history"><br></div><div class="battle-history">The opposing Laurel used <strong>Protect</strong>!<br></div><div class="battle-history"><small>The opposing Laurel protected itself!</small><br></div><div class="spacer battle-history"><br></div><div class="battle-history">Hoobarn used <strong>Roost</strong>!<br></div><div class="battle-history"><small>Hoobarn had its HP restored.</small><br></div><div class="battle-history"><small>(Hoobarn loses Flying type this turn.)</small><br></div><div class="spacer battle-history"><br></div><div class="battle-history">The opposing Nip used <strong>Icy Wind</strong>!<br></div><div class="battle-history"><small>(Hoobarn lost <abbr title="−11/207">5.3%</abbr> of its health!)</small><br></div><div class="battle-history"><small>(Falinks lost <abbr title="−20/172">11.6%</abbr> of its health!)</small><br></div><div class="battle-history"><small>Hoobarn's Speed fell!</small><br></div><div class="battle-history"><small>Falinks's Speed fell!</small><br></div><div class="battle-history">[Falinks's Defiant]<br></div><div class="battle-history"><small>Falinks's Attack rose sharply!</small><br></div><div class="spacer battle-history"><br></div><div class="battle-history">Falinks used <strong>Brick Break</strong>!<br></div><div class="battle-history"><small>The opposing Laurel protected itself!</small><br></div><div class="spacer battle-history"><br></div><div class="battle-history"><small>Hoobarn was hurt by its burn!</small><br></div><div class="spacer battle-history"><br></div><h2 class="battle-history">Turn 6</h2><div class="chat chatmessage-h2opulse"><strong style="color:#6e8c2b"><small>☆</small><span class="username" data-name="H2OPulse">H2OPulse</span>:</strong> <em>I FORGOT</em></div><div class="chat chatmessage-h2opulse"><strong style="color:#6e8c2b"><small>☆</small><span class="username" data-name="H2OPulse">H2OPulse</span>:</strong> <em>um</em></div><div class="spacer battle-history"><br></div><div class="battle-history">H2OPulse withdrew Nip!<br></div><div class="battle-history">H2OPulse sent out Garcinia (<strong>Tsareena</strong>)!<br></div><div class="spacer battle-history"><br></div><div class="battle-history">Hoobarn used <strong>Psycho Shift</strong>!<br></div><div class="battle-history">[The opposing Garcinia's Queenly Majesty]<br><small>Hoobarn cannot use Psycho Shift!</small><br></div><div class="spacer battle-history"><br></div><div class="battle-history">The opposing Laurel used <strong>Drain Punch</strong>!<br></div><div class="battle-history"><small>It's super effective!</small><br></div><div class="battle-history"><small>(Falinks lost <abbr title="−120/172">69.8%</abbr> of its health!)</small><br></div><div class="battle-history"><small>Falinks had its energy drained!</small><br></div><div class="spacer battle-history"><br></div><div class="battle-history">Falinks fainted!<br></div><div class="spacer battle-history"><br></div><div class="battle-history"><small>Hoobarn was hurt by its burn!</small><br></div><div class="chat chatmessage-h2opulse"><strong style="color:#6e8c2b"><small>☆</small><span class="username" data-name="H2OPulse">H2OPulse</span>:</strong> <em>pjew</em></div><div class="chat chatmessage-h2opulse"><strong style="color:#6e8c2b"><small>☆</small><span class="username" data-name="H2OPulse">H2OPulse</span>:</strong> <em>*phew</em></div><div class="chat chatmessage-inkbug1 mine"><strong style="color:#e46e0f"><small>☆</small><span class="username" data-name="inkbug1">inkbug1</span>:</strong> <em>u are so mean to me</em></div><div class="chat chatmessage-h2opulse"><strong style="color:#6e8c2b"><small>☆</small><span class="username" data-name="H2OPulse">H2OPulse</span>:</strong> <em>sorry,,</em></div><div class="spacer battle-history"><br></div><div class="battle-history">Go! Shiinotic (<strong>Shiinotic-Kalos</strong>)!<br></div><div class="chat"><ul class="utilichart"><li class="result"><span class="col pokemonnamecol" style="white-space: nowrap">Shiinotic-Kalos</span> <span class="col typecol"><img src="https://play.pokemonshowdown.com/sprites/types/Poison.png" alt="Poison" height="14" width="32"><img src="https://play.pokemonshowdown.com/sprites/types/Fairy.png" alt="Fairy" height="14" width="32"></span> <span style="float: left ; min-height: 26px"><span class="col abilitycol">Illuminate / Effect Spore / Technician</span><span class="col abilitycol"></span></span></li><li style="clear: both"></li></ul></div><div class="chat"><ul class="utilichart"><li class="result"><span style="float: left ; min-height: 26px"><span class="col statcol"><em>HP</em><br>60</span> <span class="col statcol"><em>Atk</em><br>45</span> <span class="col statcol"><em>Def</em><br>60</span> <span class="col statcol"><em>SpA</em><br>90</span> <span class="col statcol"><em>SpD</em><br>80</span> <span class="col statcol"><em>Spe</em><br>70</span> </span></li><li style="clear: both"></li></ul></div><div class="battle-history"><small>(Shiinotic-Kalos was created by Hematite!)</small><br></div><div class="spacer battle-history"><br></div><h2 class="battle-history">Turn 7</h2><div class="spacer battle-history"><br></div><div class="battle-history">The opposing Laurel used <strong>Protect</strong>!<br></div><div class="battle-history"><small>The opposing Laurel protected itself!</small><br></div><div class="spacer battle-history"><br></div><div class="battle-history">Hoobarn used <strong>Tailwind</strong>!<br></div><div class="battle-history"><small>The Tailwind blew from behind your team!</small><br></div><div class="spacer battle-history"><br></div><div class="battle-history">Shiinotic used <strong>Spore</strong>!<br></div><div class="battle-history"><small>The opposing Laurel protected itself!</small><br></div><div class="spacer battle-history"><br></div><div class="battle-history">The opposing Garcinia used <strong>Triple Axel</strong>!<br></div><div class="battle-history"><small>(Shiinotic lost <abbr title="−18/135">13.3%</abbr> of its health!)</small><br></div><div class="battle-history"><small>(Shiinotic lost <abbr title="−34/135">25.2%</abbr> of its health!)</small><br></div><div class="battle-history"><small>(Shiinotic lost <abbr title="−54/135">40%</abbr> of its health!)</small><br></div><div class="battle-history"><small>The Pokémon was hit 3 times!</small><br></div><div class="spacer battle-history"><br></div><div class="battle-history"><small>Hoobarn was hurt by its burn!</small><br></div><div class="spacer battle-history"><br></div><h2 class="battle-history">Turn 8</h2><div class="chat chatmessage-h2opulse"><strong style="color:#6e8c2b"><small>☆</small><span class="username" data-name="H2OPulse">H2OPulse</span>:</strong> <em>nooot enough</em></div><div class="chat chatmessage-h2opulse"><strong style="color:#6e8c2b"><small>☆</small><span class="username" data-name="H2OPulse">H2OPulse</span>:</strong> <em>okay</em></div><div class="spacer battle-history"><br></div><div class="battle-history">Hoobarn used <strong>Roost</strong>!<br></div><div class="battle-history"><small>Hoobarn had its HP restored.</small><br></div><div class="battle-history"><small>(Hoobarn loses Flying type this turn.)</small><br></div><div class="spacer battle-history"><br></div><div class="battle-history">Shiinotic used <strong>Strength Sap</strong>!<br></div><div class="battle-history"><small>The opposing Garcinia's Attack fell!</small><br></div><div class="battle-history"><small>Shiinotic had its HP restored.</small><br></div><div class="spacer battle-history"><br></div><div class="battle-history">The opposing Laurel used <strong>Rock Slide</strong>!<br></div><div class="battle-history"><small>(Hoobarn lost <abbr title="−58/207">28.0%</abbr> of its health!)</small><br></div><div class="battle-history"><small>(Shiinotic lost <abbr title="−85/135">63.0%</abbr> of its health!)</small><br></div><div class="spacer battle-history"><br></div><div class="battle-history">The opposing Garcinia used <strong>Triple Axel</strong>!<br></div><div class="battle-history"><small>(Shiinotic lost <abbr title="−13/135">9.6%</abbr> of its health!)</small><br></div><div class="battle-history"><small>(Shiinotic lost <abbr title="−26/135">19.3%</abbr> of its health!)</small><br></div><div class="battle-history"><small>(Shiinotic lost <abbr title="−11/135">8.1%</abbr> of its health!)</small><br></div><div class="battle-history"><small>The Pokémon was hit 3 times!</small><br></div><div class="spacer battle-history"><br></div><div class="battle-history">Shiinotic fainted!<br></div><div class="spacer battle-history"><br></div><div class="battle-history"><small>Hoobarn was hurt by its burn!</small><br></div><div class="spacer battle-history"><br></div><h2 class="battle-history">Turn 9</h2><div class="chat chatmessage-inkbug1 mine"><strong style="color:#e46e0f"><small>☆</small><span class="username" data-name="inkbug1">inkbug1</span>:</strong> <em>that hurt </em></div><div class="chat chatmessage-inkbug1 mine"><strong style="color:#e46e0f"><small>☆</small><span class="username" data-name="inkbug1">inkbug1</span>:</strong> <em>ok </em></div><div class="spacer battle-history"><br></div><div class="battle-history">The opposing Laurel used <strong>Drain Punch</strong>!<br></div><div class="battle-history"><small>(Hoobarn lost <abbr title="−78/207">37.7%</abbr> of its health!)</small><br></div><div class="spacer battle-history"><br></div><div class="battle-history">Hoobarn used <strong>Hyper Voice</strong>!<br></div><div class="battle-history"><small>It's not very effective on the opposing Laurel.</small><br></div><div class="battle-history"><small>(The opposing Garcinia lost <abbr title="−11/48 pixels">20.9–24.9%</abbr> of its health!)</small><br></div><div class="battle-history"><small>(The opposing Laurel lost <abbr title="−5/48 pixels">8.4–10.4%</abbr> of its health!)</small><br></div><div class="spacer battle-history"><br></div><div class="battle-history">The opposing Garcinia used <strong>Triple Axel</strong>!<br></div><div class="battle-history"><small>It's super effective!</small><br></div><div class="battle-history"><small>(Hoobarn lost <abbr title="−20/207">9.7%</abbr> of its health!)</small><br></div><div class="battle-history"><small>It's super effective!</small><br></div><div class="battle-history"><small>(Hoobarn lost <abbr title="−13/207">6.3%</abbr> of its health!)</small><br></div><div class="battle-history"><small>The Pokémon was hit 2 times!</small><br></div><div class="spacer battle-history"><br></div><div class="battle-history">Hoobarn fainted!<br></div><div class="spacer battle-history"><br></div><div class="battle-history"><strong>H2OPulse</strong> won the battle!<br></div><div class="chat chatmessage-h2opulse"><strong style="color:#6e8c2b"><small>☆</small><span class="username" data-name="H2OPulse">H2OPulse</span>:</strong> <em>Whe w</em></div><div class="chat chatmessage-h2opulse"><strong style="color:#6e8c2b"><small>☆</small><span class="username" data-name="H2OPulse">H2OPulse</span>:</strong> <em>Good game!! :'D</em></div><div class="chat chatmessage-inkbug1 mine"><strong style="color:#e46e0f"><small>☆</small><span class="username" data-name="inkbug1">inkbug1</span>:</strong> <em>was hoping that would be cool and it wasnt really , ahwell</em></div><div class="chat chatmessage-h2opulse"><strong style="color:#6e8c2b"><small>☆</small><span class="username" data-name="H2OPulse">H2OPulse</span>:</strong> <em>Fair,,</em></div></div><div class="inner-preempt message-log"></div></div></div>
</div>
<script>
let daily = Math.floor(Date.now()/1000/60/60/24);document.write('<script src="https://dragonheaven.herokuapp.com/js/replay-embed.js?version'+daily+'"></'+'script>');
</script>
