<!DOCTYPE html>
<meta charset="utf-8" />
<!-- version 1 -->
<title>[Gen 8] Evolution Project replay: Violettes vs. god of joe</title>
<style>
html,body {font-family:Verdana, sans-serif;font-size:10pt;margin:0;padding:0;}body{padding:12px 0;} .battle-log {font-family:Verdana, sans-serif;font-size:10pt;} .battle-log-inline {border:1px solid #AAAAAA;background:#EEF2F5;color:black;max-width:640px;margin:0 auto 80px;padding-bottom:5px;} .battle-log .inner {padding:4px 8px 0px 8px;} .battle-log .inner-preempt {padding:0 8px 4px 8px;} .battle-log .inner-after {margin-top:0.5em;} .battle-log h2 {margin:0.5em -8px;padding:4px 8px;border:1px solid #AAAAAA;background:#E0E7EA;border-left:0;border-right:0;font-family:Verdana, sans-serif;font-size:13pt;} .battle-log .chat {vertical-align:middle;padding:3px 0 3px 0;font-size:8pt;} .battle-log .chat strong {color:#40576A;} .battle-log .chat em {padding:1px 4px 1px 3px;color:#000000;font-style:normal;} .chat.mine {background:rgba(0,0,0,0.05);margin-left:-8px;margin-right:-8px;padding-left:8px;padding-right:8px;} .spoiler {color:#BBBBBB;background:#BBBBBB;padding:0px 3px;} .spoiler:hover, .spoiler:active, .spoiler-shown {color:#000000;background:#E2E2E2;padding:0px 3px;} .spoiler a {color:#BBBBBB;} .spoiler:hover a, .spoiler:active a, .spoiler-shown a {color:#2288CC;} .chat code, .chat .spoiler:hover code, .chat .spoiler:active code, .chat .spoiler-shown code {border:1px solid #C0C0C0;background:#EEEEEE;color:black;padding:0 2px;} .chat .spoiler code {border:1px solid #CCCCCC;background:#CCCCCC;color:#CCCCCC;} .battle-log .rated {padding:3px 4px;} .battle-log .rated strong {color:white;background:#89A;padding:1px 4px;border-radius:4px;} .spacer {margin-top:0.5em;} .message-announce {background:#6688AA;color:white;padding:1px 4px 2px;} .message-announce a, .broadcast-green a, .broadcast-blue a, .broadcast-red a {color:#DDEEFF;} .broadcast-green {background-color:#559955;color:white;padding:2px 4px;} .broadcast-blue {background-color:#6688AA;color:white;padding:2px 4px;} .infobox {border:1px solid #6688AA;padding:2px 4px;} .infobox-limited {max-height:200px;overflow:auto;overflow-x:hidden;} .broadcast-red {background-color:#AA5544;color:white;padding:2px 4px;} .message-learn-canlearn {font-weight:bold;color:#228822;text-decoration:underline;} .message-learn-cannotlearn {font-weight:bold;color:#CC2222;text-decoration:underline;} .message-effect-weak {font-weight:bold;color:#CC2222;} .message-effect-resist {font-weight:bold;color:#6688AA;} .message-effect-immune {font-weight:bold;color:#666666;} .message-learn-list {margin-top:0;margin-bottom:0;} .message-throttle-notice, .message-error {color:#992222;} .message-overflow, .chat small.message-overflow {font-size:0pt;} .message-overflow::before {font-size:9pt;content:'...';} .subtle {color:#3A4A66;}
</style>
<div class="wrapper replay-wrapper" style="max-width:1180px;margin:0 auto">
<input type="hidden" name="replayid" value="dragonheaven-gen8evolutionproject-44" />
<div class="battle"></div><div class="battle-log"></div><div class="replay-controls"></div><div class="replay-controls-2"></div>
<h1 style="font-weight:normal;text-align:center"><strong>[Gen 8] Evolution Project</strong><br /><a href="http://pokemonshowdown.com/users/violettes" class="subtle" target="_blank">Violettes</a> vs. <a href="http://pokemonshowdown.com/users/godofjoe" class="subtle" target="_blank">god of joe</a></h1>
<script type="text/plain" class="battle-log-data">|j|☆Violettes
|j|☆god of joe
|t:|1658093587
|player|p1|Violettes|furisodegirl-pink|
|player|p2|god of joe|caitlin|
|teamsize|p1|6
|teamsize|p2|6
|gametype|singles
|gen|8
|tier|[Gen 8] Evolution Project
|clearpoke
|poke|p1|Goodra-Arctara, F|
|poke|p1|Jackourd-*, M|
|poke|p1|Rotom-Heat|
|poke|p1|Scolipede-Variant, M|
|poke|p1|Balleringue, F|
|poke|p1|Noivern-Variant, F|
|poke|p2|Luxray-Johto, F|
|poke|p2|Rotom-Heat|
|poke|p2|Resurrectric, F|
|poke|p2|Boomblare, F|
|poke|p2|Galvantula, F|
|poke|p2|Gigalith-Kalos, M|
|rule|HP Percentage Mod: HP is shown in percentages
|rule|Endless Battle Clause: Forcing endless battles is banned
|rule|OHKO Clause: OHKO moves are banned
|rule|Evasion Moves Clause: Evasion moves are banned
|rule|Species Clause: Limit one of each Pokémon
|rule|Dynamax Clause: You cannot dynamax
|rule|Sleep Clause Mod: Limit one foe put to sleep
|rule|Z-Move Clause: Type-based Z-Moves are banned
|teampreview
|j|~inkbug1

|
|t:|1658093635
|start
|switch|p1a: Splicer|Scolipede-Variant, M|100\/100
|switch|p2a: Rotom|Rotom-Heat|100\/100
|-start|p1a: Splicer|typechange|Bug\/Ground|[silent]
|raw|<ul class="utilichart"><li class="result"><span class="col pokemonnamecol" style="white-space: nowrap">Scolipede-Variant<\/span> <span class="col typecol"><img src="https:\/\/dragonheaven.herokuapp.com\/sprites\/types\/Bug.png" alt="Bug" height="14" width="32"><img src="https:\/\/dragonheaven.herokuapp.com\/sprites\/types\/Ground.png" alt="Ground" height="14" width="32"><\/span> <span style="float: left ; min-height: 26px"><span class="col abilitycol">Poison Heal \/ Swarm \/ Quick Feet<\/span><span class="col abilitycol"><\/span><\/span><\/li><li style="clear: both"><\/li><\/ul>
|raw|<ul class="utilichart"><li class="result"><span style="float: left ; min-height: 26px"><span class="col statcol"><em>HP<\/em><br>100<\/span> <span class="col statcol"><em>Atk<\/em><br>100<\/span> <span class="col statcol"><em>Def<\/em><br>49<\/span> <span class="col statcol"><em>SpA<\/em><br>85<\/span> <span class="col statcol"><em>SpD<\/em><br>39<\/span> <span class="col statcol"><em>Spe<\/em><br>112<\/span> <\/span><\/li><li style="clear: both"><\/li><\/ul>
|-hint|Scolipede-Variant was created by BlueRay!
|turn|1
|
|t:|1658093650
|switch|p1a: Beatbox|Noivern-Variant, F|100\/100
|-start|p1a: Beatbox|typechange|Fighting\/Dragon|[silent]
|raw|<ul class="utilichart"><li class="result"><span class="col pokemonnamecol" style="white-space: nowrap">Noivern-Variant<\/span> <span class="col typecol"><img src="https:\/\/dragonheaven.herokuapp.com\/sprites\/types\/Fighting.png" alt="Fighting" height="14" width="32"><img src="https:\/\/dragonheaven.herokuapp.com\/sprites\/types\/Dragon.png" alt="Dragon" height="14" width="32"><\/span> <span style="float: left ; min-height: 26px"><span class="col abilitycol">Levitate<\/span><span class="col abilitycol"><\/span><\/span><\/li><li style="clear: both"><\/li><\/ul>
|raw|<ul class="utilichart"><li class="result"><span style="float: left ; min-height: 26px"><span class="col statcol"><em>HP<\/em><br>95<\/span> <span class="col statcol"><em>Atk<\/em><br>70<\/span> <span class="col statcol"><em>Def<\/em><br>80<\/span> <span class="col statcol"><em>SpA<\/em><br>97<\/span> <span class="col statcol"><em>SpD<\/em><br>80<\/span> <span class="col statcol"><em>Spe<\/em><br>113<\/span> <\/span><\/li><li style="clear: both"><\/li><\/ul>
|-hint|Noivern-Variant was created by Hematite!
|move|p2a: Rotom|Overheat|p1a: Beatbox
|-resisted|p1a: Beatbox
|-damage|p1a: Beatbox|75\/100
|-unboost|p2a: Rotom|spa|2
|
|-heal|p1a: Beatbox|81\/100|[from] item: Leftovers
|upkeep
|turn|2
|
|t:|1658093664
|move|p1a: Beatbox|U-turn|p2a: Rotom
|-resisted|p2a: Rotom
|-damage|p2a: Rotom|94\/100
|
|t:|1658093672
|switch|p1a: Smile!|Rotom-Heat|100\/100|[from]move: U-turn
|move|p2a: Rotom|Pain Split|p1a: Smile!
|-sethp|p1a: Smile!|100\/100|[from] move: Pain Split|[silent]
|-sethp|p2a: Rotom|87\/100|[from] move: Pain Split
|
|upkeep
|turn|3
|
|t:|1658093689
|move|p2a: Rotom|Volt Switch|p1a: Smile!
|-resisted|p1a: Smile!
|-crit|p1a: Smile!
|-damage|p1a: Smile!|76\/100
|
|t:|1658093695
|switch|p2a: Gigalith|Gigalith-Kalos, M|100\/100|[from]move: Volt Switch
|-start|p2a: Gigalith|typechange|Rock\/Electric|[silent]
|raw|<ul class="utilichart"><li class="result"><span class="col pokemonnamecol" style="white-space: nowrap">Gigalith-Kalos<\/span> <span class="col typecol"><img src="https:\/\/dragonheaven.herokuapp.com\/sprites\/types\/Rock.png" alt="Rock" height="14" width="32"><img src="https:\/\/dragonheaven.herokuapp.com\/sprites\/types\/Electric.png" alt="Electric" height="14" width="32"><\/span> <span style="float: left ; min-height: 26px"><span class="col abilitycol">Sturdy \/ Drought \/ Solar Power<\/span><span class="col abilitycol"><\/span><\/span><\/li><li style="clear: both"><\/li><\/ul>
|raw|<ul class="utilichart"><li class="result"><span style="float: left ; min-height: 26px"><span class="col statcol"><em>HP<\/em><br>85<\/span> <span class="col statcol"><em>Atk<\/em><br>60<\/span> <span class="col statcol"><em>Def<\/em><br>130<\/span> <span class="col statcol"><em>SpA<\/em><br>135<\/span> <span class="col statcol"><em>SpD<\/em><br>80<\/span> <span class="col statcol"><em>Spe<\/em><br>25<\/span> <\/span><\/li><li style="clear: both"><\/li><\/ul>
|-hint|Gigalith-Kalos was created by Violet!
|-weather|SunnyDay|[from] ability: Drought|[of] p2a: Gigalith
|move|p1a: Smile!|Volt Switch|p2a: Gigalith
|-resisted|p2a: Gigalith
|-damage|p2a: Gigalith|81\/100
|
|t:|1658093718
|switch|p1a: Beatbox|Noivern-Variant, F|81\/100|[from]move: Volt Switch
|-start|p1a: Beatbox|typechange|Fighting\/Dragon|[silent]
|
|-weather|SunnyDay|[upkeep]
|-heal|p1a: Beatbox|87\/100|[from] item: Leftovers
|upkeep
|turn|4
|
|t:|1658093731
|switch|p2a: Luxray|Luxray-Johto, F|100\/100
|-start|p2a: Luxray|typechange|Electric\/Fairy|[silent]
|raw|<ul class="utilichart"><li class="result"><span class="col pokemonnamecol" style="white-space: nowrap">Luxray-Johto<\/span> <span class="col typecol"><img src="https:\/\/dragonheaven.herokuapp.com\/sprites\/types\/Electric.png" alt="Electric" height="14" width="32"><img src="https:\/\/dragonheaven.herokuapp.com\/sprites\/types\/Fairy.png" alt="Fairy" height="14" width="32"><\/span> <span style="float: left ; min-height: 26px"><span class="col abilitycol">Infiltrator \/ Intimidate \/ Pixilate<\/span><span class="col abilitycol"><\/span><\/span><\/li><li style="clear: both"><\/li><\/ul>
|raw|<ul class="utilichart"><li class="result"><span style="float: left ; min-height: 26px"><span class="col statcol"><em>HP<\/em><br>80<\/span> <span class="col statcol"><em>Atk<\/em><br>95<\/span> <span class="col statcol"><em>Def<\/em><br>79<\/span> <span class="col statcol"><em>SpA<\/em><br>120<\/span> <span class="col statcol"><em>SpD<\/em><br>79<\/span> <span class="col statcol"><em>Spe<\/em><br>70<\/span> <\/span><\/li><li style="clear: both"><\/li><\/ul>
|-hint|Luxray-Johto was created by abismal!
|move|p1a: Beatbox|Draco Meteor|p2a: Luxray
|-immune|p2a: Luxray
|
|-weather|SunnyDay|[upkeep]
|-heal|p1a: Beatbox|93\/100|[from] item: Leftovers
|-status|p2a: Luxray|brn|[from] item: Flame Orb
|upkeep
|turn|5
|
|t:|1658093754
|move|p1a: Beatbox|U-turn|p2a: Luxray
|-resisted|p2a: Luxray
|-damage|p2a: Luxray|92\/100 brn
|
|t:|1658093763
|switch|p1a: Smile!|Rotom-Heat|76\/100|[from]move: U-turn
|move|p2a: Luxray|Facade|p1a: Smile!
|-resisted|p1a: Smile!
|-damage|p1a: Smile!|36\/100
|
|-weather|SunnyDay|[upkeep]
|-damage|p2a: Luxray|86\/100 brn|[from] brn
|upkeep
|turn|6
|
|t:|1658093781
|move|p1a: Smile!|Pain Split|p2a: Luxray
|-sethp|p2a: Luxray|57\/100 brn|[from] move: Pain Split|[silent]
|-sethp|p1a: Smile!|71\/100|[from] move: Pain Split
|move|p2a: Luxray|Psycho Shift|p1a: Smile!
|-immune|p1a: Smile!
|
|-weather|SunnyDay|[upkeep]
|-damage|p2a: Luxray|51\/100 brn|[from] brn
|upkeep
|turn|7
|
|t:|1658093793
|move|p1a: Smile!|Overheat|p2a: Luxray|[miss]
|-miss|p1a: Smile!|p2a: Luxray
|move|p2a: Luxray|Volt Switch|p1a: Smile!
|-resisted|p1a: Smile!
|-damage|p1a: Smile!|49\/100
|
|t:|1658093804
|switch|p2a: Gigalith|Gigalith-Kalos, M|81\/100|[from]move: Volt Switch
|-start|p2a: Gigalith|typechange|Rock\/Electric|[silent]
|
|-weather|none
|upkeep
|turn|8
|
|t:|1658093814
|switch|p2a: Resurrectric|Resurrectric, F|100\/100
|-start|p2a: Resurrectric|typechange|Ground\/Electric|[silent]
|raw|<ul class="utilichart"><li class="result"><span class="col pokemonnamecol" style="white-space: nowrap">Resurrectric<\/span> <span class="col typecol"><img src="https:\/\/dragonheaven.herokuapp.com\/sprites\/types\/Ground.png" alt="Ground" height="14" width="32"><img src="https:\/\/dragonheaven.herokuapp.com\/sprites\/types\/Electric.png" alt="Electric" height="14" width="32"><\/span> <span style="float: left ; min-height: 26px"><span class="col abilitycol">Inner Focus \/ Lightning Rod \/ Battle Armor<\/span><span class="col abilitycol"><\/span><\/span><\/li><li style="clear: both"><\/li><\/ul>
|raw|<ul class="utilichart"><li class="result"><span style="float: left ; min-height: 26px"><span class="col statcol"><em>HP<\/em><br>80<\/span> <span class="col statcol"><em>Atk<\/em><br>60<\/span> <span class="col statcol"><em>Def<\/em><br>130<\/span> <span class="col statcol"><em>SpA<\/em><br>125<\/span> <span class="col statcol"><em>SpD<\/em><br>80<\/span> <span class="col statcol"><em>Spe<\/em><br>45<\/span> <\/span><\/li><li style="clear: both"><\/li><\/ul>
|-hint|Resurrectric was created by Hematite!
|move|p1a: Smile!|Volt Switch|p2a: Resurrectric
|-ability|p2a: Resurrectric|Lightning Rod|boost
|-boost|p2a: Resurrectric|spa|1
|
|upkeep
|turn|9
|
|t:|1658093826
|move|p1a: Smile!|Pain Split|p2a: Resurrectric
|-sethp|p2a: Resurrectric|68\/100|[from] move: Pain Split|[silent]
|-sethp|p1a: Smile!|94\/100|[from] move: Pain Split
|move|p2a: Resurrectric|Ice Beam|p1a: Smile!
|-resisted|p1a: Smile!
|-damage|p1a: Smile!|61\/100
|
|upkeep
|turn|10
|
|t:|1658093836
|move|p1a: Smile!|Pain Split|p2a: Resurrectric
|-sethp|p2a: Resurrectric|56\/100|[from] move: Pain Split|[silent]
|-sethp|p1a: Smile!|77\/100|[from] move: Pain Split
|move|p2a: Resurrectric|Volt Switch|p1a: Smile!
|-resisted|p1a: Smile!
|-damage|p1a: Smile!|37\/100
|
|t:|1658093849
|switch|p2a: Boomblare|Boomblare, F|100\/100|[from]move: Volt Switch
|-start|p2a: Boomblare|typechange|Normal\/Electric|[silent]
|raw|<ul class="utilichart"><li class="result"><span class="col pokemonnamecol" style="white-space: nowrap">Boomblare<\/span> <span class="col typecol"><img src="https:\/\/dragonheaven.herokuapp.com\/sprites\/types\/Normal.png" alt="Normal" height="14" width="32"><img src="https:\/\/dragonheaven.herokuapp.com\/sprites\/types\/Electric.png" alt="Electric" height="14" width="32"><\/span> <span style="float: left ; min-height: 26px"><span class="col abilitycol">Blowout<\/span><span class="col abilitycol"><\/span><\/span><\/li><li style="clear: both"><\/li><\/ul>
|raw|<ul class="utilichart"><li class="result"><span style="float: left ; min-height: 26px"><span class="col statcol"><em>HP<\/em><br>104<\/span> <span class="col statcol"><em>Atk<\/em><br>116<\/span> <span class="col statcol"><em>Def<\/em><br>58<\/span> <span class="col statcol"><em>SpA<\/em><br>76<\/span> <span class="col statcol"><em>SpD<\/em><br>58<\/span> <span class="col statcol"><em>Spe<\/em><br>78<\/span> <\/span><\/li><li style="clear: both"><\/li><\/ul>
|-hint|Boomblare was created by ausma!
|
|upkeep
|turn|11
|
|t:|1658093868
|switch|p1a: Tangleroot|Jackourd, M|100\/100
|-start|p1a: Tangleroot|typechange|Ghost\/Grass|[silent]
|raw|<ul class="utilichart"><li class="result"><span class="col pokemonnamecol" style="white-space: nowrap">Jackourd<\/span> <span class="col typecol"><img src="https:\/\/dragonheaven.herokuapp.com\/sprites\/types\/Ghost.png" alt="Ghost" height="14" width="32"><img src="https:\/\/dragonheaven.herokuapp.com\/sprites\/types\/Grass.png" alt="Grass" height="14" width="32"><\/span> <span style="float: left ; min-height: 26px"><span class="col abilitycol">Pickup \/ Harvest \/ Hoard<\/span><span class="col abilitycol"><\/span><\/span><\/li><li style="clear: both"><\/li><\/ul>
|raw|<ul class="utilichart"><li class="result"><span style="float: left ; min-height: 26px"><span class="col statcol"><em>HP<\/em><br>75<\/span> <span class="col statcol"><em>Atk<\/em><br>102<\/span> <span class="col statcol"><em>Def<\/em><br>122<\/span> <span class="col statcol"><em>SpA<\/em><br>67<\/span> <span class="col statcol"><em>SpD<\/em><br>75<\/span> <span class="col statcol"><em>Spe<\/em><br>90<\/span> <\/span><\/li><li style="clear: both"><\/li><\/ul>
|-hint|Jackourd was created by KeroseneZanchu!
|move|p2a: Boomblare|Boomburst|p1a: Tangleroot
|-immune|p1a: Tangleroot
|
|upkeep
|turn|12
|
|t:|1658093884
|move|p1a: Tangleroot|Power Whip|p2a: Boomblare
|-damage|p2a: Boomblare|35\/100
|move|p2a: Boomblare|Crunch|p1a: Tangleroot
|-supereffective|p1a: Tangleroot
|-damage|p1a: Tangleroot|54\/100
|-enditem|p1a: Tangleroot|Kee Berry|[eat]
|-boost|p1a: Tangleroot|def|1|[from] item: Kee Berry
|-damage|p2a: Boomblare|25\/100|[from] item: Life Orb
|
|upkeep
|turn|13
|
|t:|1658093895
|switch|p2a: Galvantula|Galvantula, F|100\/100
|move|p1a: Tangleroot|Synthesis|p1a: Tangleroot
|-heal|p1a: Tangleroot|100\/100
|
|upkeep
|turn|14
|
|t:|1658093913
|move|p2a: Galvantula|Bug Buzz|p1a: Tangleroot
|-damage|p1a: Tangleroot|56\/100
|move|p1a: Tangleroot|Trick|p2a: Galvantula
|-activate|p1a: Tangleroot|move: Trick|[of] p2a: Galvantula
|-enditem|p2a: Galvantula|Heavy-Duty Boots|[silent]|[from] move: Trick
|-item|p1a: Tangleroot|Heavy-Duty Boots|[from] move: Trick
|
|upkeep
|turn|15
|
|t:|1658093927
|move|p2a: Galvantula|Volt Switch|p1a: Tangleroot
|-resisted|p1a: Tangleroot
|-damage|p1a: Tangleroot|38\/100
|
|t:|1658093930
|switch|p2a: Gigalith|Gigalith-Kalos, M|81\/100|[from]move: Volt Switch
|-start|p2a: Gigalith|typechange|Rock\/Electric|[silent]
|-weather|SunnyDay|[from] ability: Drought|[of] p2a: Gigalith
|move|p1a: Tangleroot|Synthesis|p1a: Tangleroot
|-heal|p1a: Tangleroot|100\/100
|
|-weather|SunnyDay|[upkeep]
|upkeep
|turn|16
|
|t:|1658093943
|switch|p1a: Beatbox|Noivern-Variant, F|93\/100
|-start|p1a: Beatbox|typechange|Fighting\/Dragon|[silent]
|move|p2a: Gigalith|Weather Ball|p1a: Beatbox
|-resisted|p1a: Beatbox
|-damage|p1a: Beatbox|49\/100
|
|-weather|SunnyDay|[upkeep]
|-heal|p1a: Beatbox|55\/100|[from] item: Leftovers
|upkeep
|turn|17
|
|t:|1658093952
|switch|p2a: Resurrectric|Resurrectric, F|56\/100
|-start|p2a: Resurrectric|typechange|Ground\/Electric|[silent]
|move|p1a: Beatbox|Roost|p1a: Beatbox
|-heal|p1a: Beatbox|100\/100
|-singleturn|p1a: Beatbox|move: Roost
|
|-weather|SunnyDay|[upkeep]
|upkeep
|turn|18
|
|t:|1658093956
|move|p1a: Beatbox|Draco Meteor|p2a: Resurrectric
|-damage|p2a: Resurrectric|19\/100
|-unboost|p1a: Beatbox|spa|2
|move|p2a: Resurrectric|Volt Switch|p1a: Beatbox
|-resisted|p1a: Beatbox
|-damage|p1a: Beatbox|82\/100
|
|t:|1658093959
|switch|p2a: Luxray|Luxray-Johto, F|51\/100 brn|[from]move: Volt Switch
|-start|p2a: Luxray|typechange|Electric\/Fairy|[silent]
|
|-weather|SunnyDay|[upkeep]
|-heal|p1a: Beatbox|88\/100|[from] item: Leftovers
|-damage|p2a: Luxray|45\/100 brn|[from] brn
|upkeep
|turn|19
|
|t:|1658093984
|move|p1a: Beatbox|U-turn|p2a: Luxray
|-resisted|p2a: Luxray
|-damage|p2a: Luxray|37\/100 brn
|
|t:|1658093986
|switch|p1a: Tangleroot|Jackourd, M|100\/100|[from]move: U-turn
|-start|p1a: Tangleroot|typechange|Ghost\/Grass|[silent]
|move|p2a: Luxray|Psycho Shift|p1a: Tangleroot
|-status|p1a: Tangleroot|brn
|-curestatus|p2a: Luxray|brn|[msg]
|
|-weather|none
|-damage|p1a: Tangleroot|94\/100 brn|[from] brn
|-status|p2a: Luxray|brn|[from] item: Flame Orb
|upkeep
|turn|20
|
|t:|1658093996
|move|p1a: Tangleroot|Trick|p2a: Luxray
|-activate|p1a: Tangleroot|move: Trick|[of] p2a: Luxray
|-item|p2a: Luxray|Heavy-Duty Boots|[from] move: Trick
|-item|p1a: Tangleroot|Flame Orb|[from] move: Trick
|move|p2a: Luxray|Facade|p1a: Tangleroot
|-damage|p1a: Tangleroot|51\/100 brn
|
|-damage|p1a: Tangleroot|45\/100 brn|[from] brn
|-damage|p2a: Luxray|31\/100 brn|[from] brn
|upkeep
|turn|21
|
|t:|1658094000
|move|p1a: Tangleroot|Synthesis|p1a: Tangleroot
|-heal|p1a: Tangleroot|95\/100 brn
|move|p2a: Luxray|Facade|p1a: Tangleroot
|-damage|p1a: Tangleroot|47\/100 brn
|
|-damage|p1a: Tangleroot|41\/100 brn|[from] brn
|-damage|p2a: Luxray|25\/100 brn|[from] brn
|upkeep
|turn|22
|
|t:|1658094003
|move|p1a: Tangleroot|Synthesis|p1a: Tangleroot
|-heal|p1a: Tangleroot|91\/100 brn
|move|p2a: Luxray|Volt Switch|p1a: Tangleroot
|-resisted|p1a: Tangleroot
|-damage|p1a: Tangleroot|70\/100 brn
|
|t:|1658094042
|switch|p2a: Gigalith|Gigalith-Kalos, M|81\/100|[from]move: Volt Switch
|-start|p2a: Gigalith|typechange|Rock\/Electric|[silent]
|-weather|SunnyDay|[from] ability: Drought|[of] p2a: Gigalith
|
|-weather|SunnyDay|[upkeep]
|-damage|p1a: Tangleroot|63\/100 brn|[from] brn
|upkeep
|turn|23
|
|t:|1658094060
|move|p1a: Tangleroot|Trick|p2a: Gigalith
|-activate|p1a: Tangleroot|move: Trick|[of] p2a: Gigalith
|-item|p2a: Gigalith|Flame Orb|[from] move: Trick
|-item|p1a: Tangleroot|Choice Specs|[from] move: Trick
|move|p2a: Gigalith|Weather Ball|p1a: Tangleroot
|-supereffective|p1a: Tangleroot
|-damage|p1a: Tangleroot|0 fnt
|faint|p1a: Tangleroot
|
|-weather|SunnyDay|[upkeep]
|-status|p2a: Gigalith|brn|[from] item: Flame Orb
|upkeep
|
|t:|1658094073
|switch|p1a: Splicer|Scolipede-Variant, M|100\/100
|-start|p1a: Splicer|typechange|Bug\/Ground|[silent]
|turn|24
|
|t:|1658094088
|switch|p2a: Resurrectric|Resurrectric, F|19\/100
|-start|p2a: Resurrectric|typechange|Ground\/Electric|[silent]
|move|p1a: Splicer|Earthquake|p2a: Resurrectric
|-supereffective|p2a: Resurrectric
|-damage|p2a: Resurrectric|0 fnt
|faint|p2a: Resurrectric
|
|-weather|SunnyDay|[upkeep]
|-status|p1a: Splicer|tox|[from] item: Toxic Orb
|upkeep
|
|t:|1658094093
|switch|p2a: Rotom|Rotom-Heat|87\/100
|turn|25
|
|t:|1658094103
|switch|p1a: Cryostasis|Goodra-Arctara, F|100\/100
|-start|p1a: Cryostasis|typechange|Water\/Ice|[silent]
|raw|<ul class="utilichart"><li class="result"><span class="col pokemonnamecol" style="white-space: nowrap">Goodra-Arctara<\/span> <span class="col typecol"><img src="https:\/\/dragonheaven.herokuapp.com\/sprites\/types\/Water.png" alt="Water" height="14" width="32"><img src="https:\/\/dragonheaven.herokuapp.com\/sprites\/types\/Ice.png" alt="Ice" height="14" width="32"><\/span> <span style="float: left ; min-height: 26px"><span class="col abilitycol">Stamina \/ Hydration \/ Water Absorb<\/span><span class="col abilitycol"><\/span><\/span><\/li><li style="clear: both"><\/li><\/ul>
|raw|<ul class="utilichart"><li class="result"><span style="float: left ; min-height: 26px"><span class="col statcol"><em>HP<\/em><br>50<\/span> <span class="col statcol"><em>Atk<\/em><br>110<\/span> <span class="col statcol"><em>Def<\/em><br>70<\/span> <span class="col statcol"><em>SpA<\/em><br>110<\/span> <span class="col statcol"><em>SpD<\/em><br>150<\/span> <span class="col statcol"><em>Spe<\/em><br>110<\/span> <\/span><\/li><li style="clear: both"><\/li><\/ul>
|-hint|Goodra-Arctara was created by ausma!
|move|p2a: Rotom|Nasty Plot|p2a: Rotom
|-boost|p2a: Rotom|spa|2
|
|-weather|SunnyDay|[upkeep]
|upkeep
|turn|26
|
|t:|1658094118
|move|p1a: Cryostasis|Hydro Pump|p2a: Rotom
|-supereffective|p2a: Rotom
|-damage|p2a: Rotom|15\/100
|-damage|p1a: Cryostasis|91\/100|[from] item: Life Orb
|move|p2a: Rotom|Overheat|p1a: Cryostasis
|-damage|p1a: Cryostasis|0 fnt
|-unboost|p2a: Rotom|spa|2
|faint|p1a: Cryostasis
|
|-weather|none
|upkeep
|
|t:|1658094126
|switch|p1a: Beatbox|Noivern-Variant, F|88\/100
|-start|p1a: Beatbox|typechange|Fighting\/Dragon|[silent]
|turn|27
|
|t:|1658094143
|move|p1a: Beatbox|Draco Meteor|p2a: Rotom
|-damage|p2a: Rotom|0 fnt
|-unboost|p1a: Beatbox|spa|2
|faint|p2a: Rotom
|
|-heal|p1a: Beatbox|94\/100|[from] item: Leftovers
|upkeep
|
|t:|1658094147
|switch|p2a: Luxray|Luxray-Johto, F|25\/100 brn
|-start|p2a: Luxray|typechange|Electric\/Fairy|[silent]
|turn|28
|
|t:|1658094164
|move|p1a: Beatbox|U-turn|p2a: Luxray
|-resisted|p2a: Luxray
|-damage|p2a: Luxray|16\/100 brn
|
|t:|1658094167
|switch|p1a: Florence|Balleringue, F|100\/100|[from]move: U-turn
|-start|p1a: Florence|typechange|Bug\/Steel|[silent]
|raw|<ul class="utilichart"><li class="result"><span class="col pokemonnamecol" style="white-space: nowrap">Balleringue<\/span> <span class="col typecol"><img src="https:\/\/dragonheaven.herokuapp.com\/sprites\/types\/Bug.png" alt="Bug" height="14" width="32"><img src="https:\/\/dragonheaven.herokuapp.com\/sprites\/types\/Steel.png" alt="Steel" height="14" width="32"><\/span> <span style="float: left ; min-height: 26px"><span class="col abilitycol">Anticipation \/ Triage \/ Overcoat<\/span><span class="col abilitycol"><\/span><\/span><\/li><li style="clear: both"><\/li><\/ul>
|raw|<ul class="utilichart"><li class="result"><span style="float: left ; min-height: 26px"><span class="col statcol"><em>HP<\/em><br>80<\/span> <span class="col statcol"><em>Atk<\/em><br>109<\/span> <span class="col statcol"><em>Def<\/em><br>105<\/span> <span class="col statcol"><em>SpA<\/em><br>69<\/span> <span class="col statcol"><em>SpD<\/em><br>105<\/span> <span class="col statcol"><em>Spe<\/em><br>29<\/span> <\/span><\/li><li style="clear: both"><\/li><\/ul>
|-hint|Balleringue was created by Magmajudis!
|move|p2a: Luxray|Psycho Shift|p1a: Florence
|-status|p1a: Florence|brn
|-curestatus|p2a: Luxray|brn|[msg]
|
|-damage|p1a: Florence|94\/100 brn|[from] brn
|upkeep
|turn|29
|
|t:|1658094170
|move|p2a: Luxray|Volt Switch|p1a: Florence
|-damage|p1a: Florence|61\/100 brn
|
|t:|1658094176
|switch|p2a: Galvantula|Galvantula, F|100\/100|[from]move: Volt Switch
|move|p1a: Florence|Stealth Rock|p2a: Galvantula
|-sidestart|p2: god of joe|move: Stealth Rock
|
|-damage|p1a: Florence|55\/100 brn|[from] brn
|upkeep
|turn|30
|
|t:|1658094189
|move|p2a: Galvantula|Volt Switch|p1a: Florence
|-damage|p1a: Florence|27\/100 brn
|
|t:|1658094191
|switch|p2a: Luxray|Luxray-Johto, F|16\/100|[from]move: Volt Switch
|-start|p2a: Luxray|typechange|Electric\/Fairy|[silent]
|move|p1a: Florence|Infestation|p2a: Luxray
|-resisted|p2a: Luxray
|-damage|p2a: Luxray|11\/100
|-activate|p2a: Luxray|move: Infestation|[of] p1a: Florence
|-damage|p1a: Florence|17\/100 brn|[from] item: Life Orb
|
|-damage|p1a: Florence|11\/100 brn|[from] brn
|-damage|p2a: Luxray|0 fnt|[from] move: Infestation|[partiallytrapped]
|faint|p2a: Luxray
|upkeep
|
|t:|1658094193
|switch|p2a: Galvantula|Galvantula, F|100\/100
|-damage|p2a: Galvantula|76\/100|[from] Stealth Rock
|turn|31
|
|t:|1658094205
|move|p2a: Galvantula|Bug Buzz|p1a: Florence
|-resisted|p1a: Florence
|-damage|p1a: Florence|0 fnt
|faint|p1a: Florence
|
|upkeep
|
|t:|1658094214
|switch|p1a: Smile!|Rotom-Heat|37\/100
|turn|32
|
|t:|1658094219
|move|p2a: Galvantula|Volt Switch|p1a: Smile!
|-resisted|p1a: Smile!
|-crit|p1a: Smile!
|-damage|p1a: Smile!|7\/100
|
|t:|1658094222
|switch|p2a: Boomblare|Boomblare, F|25\/100|[from]move: Volt Switch
|-damage|p2a: Boomblare|13\/100|[from] Stealth Rock
|-start|p2a: Boomblare|typechange|Normal\/Electric|[silent]
|move|p1a: Smile!|Pain Split|p2a: Boomblare
|-sethp|p2a: Boomblare|9\/100|[from] move: Pain Split|[silent]
|-sethp|p1a: Smile!|13\/100|[from] move: Pain Split
|
|upkeep
|turn|33
|
|t:|1658094230
|move|p1a: Smile!|Volt Switch|p2a: Boomblare
|-resisted|p2a: Boomblare
|-damage|p2a: Boomblare|0 fnt
|faint|p2a: Boomblare
|
|t:|1658094234
|switch|p1a: Splicer|Scolipede-Variant, M|100\/100 tox|[from]move: Volt Switch
|-start|p1a: Splicer|typechange|Bug\/Ground|[silent]
|
|upkeep
|
|t:|1658094241
|switch|p2a: Galvantula|Galvantula, F|76\/100
|-damage|p2a: Galvantula|51\/100|[from] Stealth Rock
|turn|34
|
|t:|1658094251
|move|p1a: Splicer|Earthquake|p2a: Galvantula
|-damage|p2a: Galvantula|0 fnt
|faint|p2a: Galvantula
|
|upkeep
|
|t:|1658094254
|switch|p2a: Gigalith|Gigalith-Kalos, M|81\/100 brn
|-damage|p2a: Gigalith|69\/100 brn|[from] Stealth Rock
|-start|p2a: Gigalith|typechange|Rock\/Electric|[silent]
|-weather|SunnyDay|[from] ability: Drought|[of] p2a: Gigalith
|turn|35
|
|t:|1658094260
|move|p1a: Splicer|Earthquake|p2a: Gigalith
|-supereffective|p2a: Gigalith
|-damage|p2a: Gigalith|0 fnt
|faint|p2a: Gigalith
|
|win|Violettes
|l|☆Violettes
|j|☆Violettes</script>
</div>
<div class="battle-log battle-log-inline"><div class="inner"><div class="battle-options"><div style="padding-top: 3px; padding-right: 3px; text-align: right"><button class="icon button" name="openBattleOptions" title="Options">Battle Options</button></div></div><div class="inner message-log"><div class="chat"><small>☆Violettes and ☆god of joe joined</small></div><div class=""><small>Format:</small> <br><strong>[Gen 8] Evolution Project</strong></div><div class=""><small><em>HP Percentage Mod:</em> HP is shown in percentages</small></div><div class=""><small><em>Endless Battle Clause:</em> Forcing endless battles is banned</small></div><div class=""><small><em>OHKO Clause:</em> OHKO moves are banned</small></div><div class=""><small><em>Evasion Moves Clause:</em> Evasion moves are banned</small></div><div class=""><small><em>Species Clause:</em> Limit one of each Pokémon</small></div><div class=""><small><em>Dynamax Clause:</em> You cannot dynamax</small></div><div class=""><small><em>Sleep Clause Mod:</em> Limit one foe put to sleep</small></div><div class=""><small><em>Z-Move Clause:</em> Type-based Z-Moves are banned</small></div><div class="chat battle-history"><strong>Violettes's team:</strong> <em style="color:#445566;display:block;">Goodra-Arctara / Jackourd-* / Rotom-Heat / Scolipede-Variant / Balleringue / Noivern-Variant</em></div><div class="chat battle-history"><strong>god of joe's team:</strong> <em style="color:#445566;display:block;">Luxray-Johto / Rotom-Heat / Resurrectric / Boomblare / Galvantula / Gigalith-Kalos</em></div><div class="chat"><small>~inkbug1 joined</small></div><div class="spacer battle-history"><br></div><div class="battle-history">Battle started between Violettes and god of joe!<br></div><div class="spacer battle-history"><br></div><div class="battle-history">Go! Splicer (<strong>Scolipede-Variant</strong>)!<br></div><div class="spacer battle-history"><br></div><div class="battle-history">god of joe sent out Rotom (<strong>Rotom-Heat</strong>)!<br></div><div class="chat"><ul class="utilichart"><li class="result"><span class="col pokemonnamecol" style="white-space: nowrap">Scolipede-Variant</span> <span class="col typecol"><img src="https://dragonheaven.herokuapp.com/sprites/types/Bug.png" alt="Bug" height="14" width="32"><img src="https://dragonheaven.herokuapp.com/sprites/types/Ground.png" alt="Ground" height="14" width="32"></span> <span style="float: left ; min-height: 26px"><span class="col abilitycol">Poison Heal / Swarm / Quick Feet</span><span class="col abilitycol"></span></span></li><li style="clear: both"></li></ul></div><div class="chat"><ul class="utilichart"><li class="result"><span style="float: left ; min-height: 26px"><span class="col statcol"><em>HP</em><br>100</span> <span class="col statcol"><em>Atk</em><br>100</span> <span class="col statcol"><em>Def</em><br>49</span> <span class="col statcol"><em>SpA</em><br>85</span> <span class="col statcol"><em>SpD</em><br>39</span> <span class="col statcol"><em>Spe</em><br>112</span> </span></li><li style="clear: both"></li></ul></div><div class="battle-history"><small>(Scolipede-Variant was created by BlueRay!)</small><br></div><div class="spacer battle-history"><br></div><h2 class="battle-history">Turn 1</h2><div class="spacer battle-history"><br></div><div class="battle-history">Splicer, come back!<br></div><div class="battle-history">Go! Beatbox (<strong>Noivern-Variant</strong>)!<br></div><div class="chat"><ul class="utilichart"><li class="result"><span class="col pokemonnamecol" style="white-space: nowrap">Noivern-Variant</span> <span class="col typecol"><img src="https://dragonheaven.herokuapp.com/sprites/types/Fighting.png" alt="Fighting" height="14" width="32"><img src="https://dragonheaven.herokuapp.com/sprites/types/Dragon.png" alt="Dragon" height="14" width="32"></span> <span style="float: left ; min-height: 26px"><span class="col abilitycol">Levitate</span><span class="col abilitycol"></span></span></li><li style="clear: both"></li></ul></div><div class="chat"><ul class="utilichart"><li class="result"><span style="float: left ; min-height: 26px"><span class="col statcol"><em>HP</em><br>95</span> <span class="col statcol"><em>Atk</em><br>70</span> <span class="col statcol"><em>Def</em><br>80</span> <span class="col statcol"><em>SpA</em><br>97</span> <span class="col statcol"><em>SpD</em><br>80</span> <span class="col statcol"><em>Spe</em><br>113</span> </span></li><li style="clear: both"></li></ul></div><div class="battle-history"><small>(Noivern-Variant was created by Hematite!)</small><br></div><div class="spacer battle-history"><br></div><div class="battle-history">The opposing Rotom used <strong>Overheat</strong>!<br></div><div class="battle-history"><small>It's not very effective...</small><br></div><div class="battle-history"><small>(Beatbox lost 25% of its health!)</small><br></div><div class="battle-history"><small>The opposing Rotom's Sp. Atk fell harshly!</small><br></div><div class="spacer battle-history"><br></div><div class="battle-history"><small>Beatbox restored a little HP using its Leftovers!</small><br></div><div class="spacer battle-history"><br></div><h2 class="battle-history">Turn 2</h2><div class="spacer battle-history"><br></div><div class="battle-history">Beatbox used <strong>U-turn</strong>!<br></div><div class="battle-history"><small>It's not very effective...</small><br></div><div class="battle-history"><small>(The opposing Rotom lost 6% of its health!)</small><br></div><div class="spacer battle-history"><br></div><div class="battle-history">Beatbox went back to Violettes!<br></div><div class="battle-history">Go! Smile! (<strong>Rotom-Heat</strong>)!<br></div><div class="spacer battle-history"><br></div><div class="battle-history">The opposing Rotom used <strong>Pain Split</strong>!<br></div><div class="battle-history"><small>The battlers shared their pain!</small><br></div><div class="spacer battle-history"><br></div><h2 class="battle-history">Turn 3</h2><div class="spacer battle-history"><br></div><div class="battle-history">The opposing Rotom used <strong>Volt Switch</strong>!<br></div><div class="battle-history"><small>It's not very effective...</small><br></div><div class="battle-history"><small>A critical hit!</small><br></div><div class="battle-history"><small>(Smile! lost 24% of its health!)</small><br></div><div class="spacer battle-history"><br></div><div class="battle-history">The opposing Rotom went back to god of joe!<br></div><div class="battle-history">god of joe sent out Gigalith (<strong>Gigalith-Kalos</strong>)!<br></div><div class="chat"><ul class="utilichart"><li class="result"><span class="col pokemonnamecol" style="white-space: nowrap">Gigalith-Kalos</span> <span class="col typecol"><img src="https://dragonheaven.herokuapp.com/sprites/types/Rock.png" alt="Rock" height="14" width="32"><img src="https://dragonheaven.herokuapp.com/sprites/types/Electric.png" alt="Electric" height="14" width="32"></span> <span style="float: left ; min-height: 26px"><span class="col abilitycol">Sturdy / Drought / Solar Power</span><span class="col abilitycol"></span></span></li><li style="clear: both"></li></ul></div><div class="chat"><ul class="utilichart"><li class="result"><span style="float: left ; min-height: 26px"><span class="col statcol"><em>HP</em><br>85</span> <span class="col statcol"><em>Atk</em><br>60</span> <span class="col statcol"><em>Def</em><br>130</span> <span class="col statcol"><em>SpA</em><br>135</span> <span class="col statcol"><em>SpD</em><br>80</span> <span class="col statcol"><em>Spe</em><br>25</span> </span></li><li style="clear: both"></li></ul></div><div class="battle-history"><small>(Gigalith-Kalos was created by Violet!)</small><br></div><div class="battle-history">[The opposing Gigalith's Drought]<br><small>The sunlight turned harsh!</small><br></div><div class="spacer battle-history"><br></div><div class="battle-history">Smile! used <strong>Volt Switch</strong>!<br></div><div class="battle-history"><small>It's not very effective...</small><br></div><div class="battle-history"><small>(The opposing Gigalith lost 19% of its health!)</small><br></div><div class="spacer battle-history"><br></div><div class="battle-history">Smile! went back to Violettes!<br></div><div class="battle-history">Go! Beatbox (<strong>Noivern-Variant</strong>)!<br></div><div class="spacer battle-history"><br></div><div class="battle-history"><small>(The sunlight is strong.)</small><br></div><div class="battle-history"><small>Beatbox restored a little HP using its Leftovers!</small><br></div><div class="spacer battle-history"><br></div><h2 class="battle-history">Turn 4</h2><div class="spacer battle-history"><br></div><div class="battle-history">god of joe withdrew Gigalith!<br></div><div class="battle-history">god of joe sent out Luxray (<strong>Luxray-Johto</strong>)!<br></div><div class="chat"><ul class="utilichart"><li class="result"><span class="col pokemonnamecol" style="white-space: nowrap">Luxray-Johto</span> <span class="col typecol"><img src="https://dragonheaven.herokuapp.com/sprites/types/Electric.png" alt="Electric" height="14" width="32"><img src="https://dragonheaven.herokuapp.com/sprites/types/Fairy.png" alt="Fairy" height="14" width="32"></span> <span style="float: left ; min-height: 26px"><span class="col abilitycol">Infiltrator / Intimidate / Pixilate</span><span class="col abilitycol"></span></span></li><li style="clear: both"></li></ul></div><div class="chat"><ul class="utilichart"><li class="result"><span style="float: left ; min-height: 26px"><span class="col statcol"><em>HP</em><br>80</span> <span class="col statcol"><em>Atk</em><br>95</span> <span class="col statcol"><em>Def</em><br>79</span> <span class="col statcol"><em>SpA</em><br>120</span> <span class="col statcol"><em>SpD</em><br>79</span> <span class="col statcol"><em>Spe</em><br>70</span> </span></li><li style="clear: both"></li></ul></div><div class="battle-history"><small>(Luxray-Johto was created by abismal!)</small><br></div><div class="spacer battle-history"><br></div><div class="battle-history">Beatbox used <strong>Draco Meteor</strong>!<br></div><div class="battle-history"><small>It doesn't affect the opposing Luxray...</small><br></div><div class="spacer battle-history"><br></div><div class="battle-history"><small>(The sunlight is strong.)</small><br></div><div class="battle-history"><small>Beatbox restored a little HP using its Leftovers!</small><br></div><div class="battle-history"><small>The opposing Luxray was burned!</small><br></div><div class="spacer battle-history"><br></div><h2 class="battle-history">Turn 5</h2><div class="spacer battle-history"><br></div><div class="battle-history">Beatbox used <strong>U-turn</strong>!<br></div><div class="battle-history"><small>It's not very effective...</small><br></div><div class="battle-history"><small>(The opposing Luxray lost 8% of its health!)</small><br></div><div class="spacer battle-history"><br></div><div class="battle-history">Beatbox went back to Violettes!<br></div><div class="battle-history">Go! Smile! (<strong>Rotom-Heat</strong>)!<br></div><div class="spacer battle-history"><br></div><div class="battle-history">The opposing Luxray used <strong>Facade</strong>!<br></div><div class="battle-history"><small>It's not very effective...</small><br></div><div class="battle-history"><small>(Smile! lost 40% of its health!)</small><br></div><div class="spacer battle-history"><br></div><div class="battle-history"><small>(The sunlight is strong.)</small><br></div><div class="battle-history"><small>The opposing Luxray was hurt by its burn!</small><br></div><div class="spacer battle-history"><br></div><h2 class="battle-history">Turn 6</h2><div class="spacer battle-history"><br></div><div class="battle-history">Smile! used <strong>Pain Split</strong>!<br></div><div class="battle-history"><small>The battlers shared their pain!</small><br></div><div class="spacer battle-history"><br></div><div class="battle-history">The opposing Luxray used <strong>Psycho Shift</strong>!<br></div><div class="battle-history"><small>It doesn't affect Smile!...</small><br></div><div class="spacer battle-history"><br></div><div class="battle-history"><small>(The sunlight is strong.)</small><br></div><div class="battle-history"><small>The opposing Luxray was hurt by its burn!</small><br></div><div class="spacer battle-history"><br></div><h2 class="battle-history">Turn 7</h2><div class="spacer battle-history"><br></div><div class="battle-history">Smile! used <strong>Overheat</strong>!<br></div><div class="battle-history"><small>The opposing Luxray avoided the attack!</small><br></div><div class="spacer battle-history"><br></div><div class="battle-history">The opposing Luxray used <strong>Volt Switch</strong>!<br></div><div class="battle-history"><small>It's not very effective...</small><br></div><div class="battle-history"><small>(Smile! lost 22% of its health!)</small><br></div><div class="spacer battle-history"><br></div><div class="battle-history">The opposing Luxray went back to god of joe!<br></div><div class="battle-history">god of joe sent out Gigalith (<strong>Gigalith-Kalos</strong>)!<br></div><div class="spacer battle-history"><br></div><div class="battle-history"><small>The harsh sunlight faded.</small><br></div><div class="spacer battle-history"><br></div><h2 class="battle-history">Turn 8</h2><div class="spacer battle-history"><br></div><div class="battle-history">god of joe withdrew Gigalith!<br></div><div class="battle-history">god of joe sent out <strong>Resurrectric</strong>!<br></div><div class="chat"><ul class="utilichart"><li class="result"><span class="col pokemonnamecol" style="white-space: nowrap">Resurrectric</span> <span class="col typecol"><img src="https://dragonheaven.herokuapp.com/sprites/types/Ground.png" alt="Ground" height="14" width="32"><img src="https://dragonheaven.herokuapp.com/sprites/types/Electric.png" alt="Electric" height="14" width="32"></span> <span style="float: left ; min-height: 26px"><span class="col abilitycol">Inner Focus / Lightning Rod / Battle Armor</span><span class="col abilitycol"></span></span></li><li style="clear: both"></li></ul></div><div class="chat"><ul class="utilichart"><li class="result"><span style="float: left ; min-height: 26px"><span class="col statcol"><em>HP</em><br>80</span> <span class="col statcol"><em>Atk</em><br>60</span> <span class="col statcol"><em>Def</em><br>130</span> <span class="col statcol"><em>SpA</em><br>125</span> <span class="col statcol"><em>SpD</em><br>80</span> <span class="col statcol"><em>Spe</em><br>45</span> </span></li><li style="clear: both"></li></ul></div><div class="battle-history"><small>(Resurrectric was created by Hematite!)</small><br></div><div class="spacer battle-history"><br></div><div class="battle-history">Smile! used <strong>Volt Switch</strong>!<br></div><div class="battle-history">[The opposing Resurrectric's Lightning Rod]<br></div><div class="battle-history"><small>The opposing Resurrectric's Sp. Atk rose!</small><br></div><div class="spacer battle-history"><br></div><h2 class="battle-history">Turn 9</h2><div class="spacer battle-history"><br></div><div class="battle-history">Smile! used <strong>Pain Split</strong>!<br></div><div class="battle-history"><small>The battlers shared their pain!</small><br></div><div class="spacer battle-history"><br></div><div class="battle-history">The opposing Resurrectric used <strong>Ice Beam</strong>!<br></div><div class="battle-history"><small>It's not very effective...</small><br></div><div class="battle-history"><small>(Smile! lost 33% of its health!)</small><br></div><div class="spacer battle-history"><br></div><h2 class="battle-history">Turn 10</h2><div class="spacer battle-history"><br></div><div class="battle-history">Smile! used <strong>Pain Split</strong>!<br></div><div class="battle-history"><small>The battlers shared their pain!</small><br></div><div class="spacer battle-history"><br></div><div class="battle-history">The opposing Resurrectric used <strong>Volt Switch</strong>!<br></div><div class="battle-history"><small>It's not very effective...</small><br></div><div class="battle-history"><small>(Smile! lost 40% of its health!)</small><br></div><div class="spacer battle-history"><br></div><div class="battle-history">The opposing Resurrectric went back to god of joe!<br></div><div class="battle-history">god of joe sent out <strong>Boomblare</strong>!<br></div><div class="chat"><ul class="utilichart"><li class="result"><span class="col pokemonnamecol" style="white-space: nowrap">Boomblare</span> <span class="col typecol"><img src="https://dragonheaven.herokuapp.com/sprites/types/Normal.png" alt="Normal" height="14" width="32"><img src="https://dragonheaven.herokuapp.com/sprites/types/Electric.png" alt="Electric" height="14" width="32"></span> <span style="float: left ; min-height: 26px"><span class="col abilitycol">Blowout</span><span class="col abilitycol"></span></span></li><li style="clear: both"></li></ul></div><div class="chat"><ul class="utilichart"><li class="result"><span style="float: left ; min-height: 26px"><span class="col statcol"><em>HP</em><br>104</span> <span class="col statcol"><em>Atk</em><br>116</span> <span class="col statcol"><em>Def</em><br>58</span> <span class="col statcol"><em>SpA</em><br>76</span> <span class="col statcol"><em>SpD</em><br>58</span> <span class="col statcol"><em>Spe</em><br>78</span> </span></li><li style="clear: both"></li></ul></div><div class="battle-history"><small>(Boomblare was created by ausma!)</small><br></div><div class="spacer battle-history"><br></div><h2 class="battle-history">Turn 11</h2><div class="spacer battle-history"><br></div><div class="battle-history">Smile!, come back!<br></div><div class="battle-history">Go! Tangleroot (<strong>Jackourd</strong>)!<br></div><div class="chat"><ul class="utilichart"><li class="result"><span class="col pokemonnamecol" style="white-space: nowrap">Jackourd</span> <span class="col typecol"><img src="https://dragonheaven.herokuapp.com/sprites/types/Ghost.png" alt="Ghost" height="14" width="32"><img src="https://dragonheaven.herokuapp.com/sprites/types/Grass.png" alt="Grass" height="14" width="32"></span> <span style="float: left ; min-height: 26px"><span class="col abilitycol">Pickup / Harvest / Hoard</span><span class="col abilitycol"></span></span></li><li style="clear: both"></li></ul></div><div class="chat"><ul class="utilichart"><li class="result"><span style="float: left ; min-height: 26px"><span class="col statcol"><em>HP</em><br>75</span> <span class="col statcol"><em>Atk</em><br>102</span> <span class="col statcol"><em>Def</em><br>122</span> <span class="col statcol"><em>SpA</em><br>67</span> <span class="col statcol"><em>SpD</em><br>75</span> <span class="col statcol"><em>Spe</em><br>90</span> </span></li><li style="clear: both"></li></ul></div><div class="battle-history"><small>(Jackourd was created by KeroseneZanchu!)</small><br></div><div class="spacer battle-history"><br></div><div class="battle-history">The opposing Boomblare used <strong>Boomburst</strong>!<br></div><div class="battle-history"><small>It doesn't affect Tangleroot...</small><br></div><div class="spacer battle-history"><br></div><h2 class="battle-history">Turn 12</h2><div class="spacer battle-history"><br></div><div class="battle-history">Tangleroot used <strong>Power Whip</strong>!<br></div><div class="battle-history"><small>(The opposing Boomblare lost 65% of its health!)</small><br></div><div class="spacer battle-history"><br></div><div class="battle-history">The opposing Boomblare used <strong>Crunch</strong>!<br></div><div class="battle-history"><small>It's super effective!</small><br></div><div class="battle-history"><small>(Tangleroot lost 46% of its health!)</small><br></div><div class="battle-history"><small>(Tangleroot ate its Kee Berry!)</small><br></div><div class="battle-history"><small>The Kee Berry raised Tangleroot's Defense!</small><br></div><div class="battle-history"><small>The opposing Boomblare lost some of its HP!</small><br></div><div class="spacer battle-history"><br></div><h2 class="battle-history">Turn 13</h2><div class="spacer battle-history"><br></div><div class="battle-history">god of joe withdrew Boomblare!<br></div><div class="battle-history">god of joe sent out <strong>Galvantula</strong>!<br></div><div class="spacer battle-history"><br></div><div class="battle-history">Tangleroot used <strong>Synthesis</strong>!<br></div><div class="battle-history"><small>Tangleroot had its HP restored.</small><br></div><div class="spacer battle-history"><br></div><h2 class="battle-history">Turn 14</h2><div class="spacer battle-history"><br></div><div class="battle-history">The opposing Galvantula used <strong>Bug Buzz</strong>!<br></div><div class="battle-history"><small>(Tangleroot lost 44% of its health!)</small><br></div><div class="spacer battle-history"><br></div><div class="battle-history">Tangleroot used <strong>Trick</strong>!<br></div><div class="battle-history"><small>Tangleroot switched items with its target!</small><br></div><div class="battle-history"><small>Tangleroot obtained one Heavy-Duty Boots.</small><br></div><div class="spacer battle-history"><br></div><h2 class="battle-history">Turn 15</h2><div class="spacer battle-history"><br></div><div class="battle-history">The opposing Galvantula used <strong>Volt Switch</strong>!<br></div><div class="battle-history"><small>It's not very effective...</small><br></div><div class="battle-history"><small>(Tangleroot lost 18% of its health!)</small><br></div><div class="spacer battle-history"><br></div><div class="battle-history">The opposing Galvantula went back to god of joe!<br></div><div class="battle-history">god of joe sent out Gigalith (<strong>Gigalith-Kalos</strong>)!<br></div><div class="battle-history">[The opposing Gigalith's Drought]<br><small>The sunlight turned harsh!</small><br></div><div class="spacer battle-history"><br></div><div class="battle-history">Tangleroot used <strong>Synthesis</strong>!<br></div><div class="battle-history"><small>Tangleroot had its HP restored.</small><br></div><div class="spacer battle-history"><br></div><div class="battle-history"><small>(The sunlight is strong.)</small><br></div><div class="spacer battle-history"><br></div><h2 class="battle-history">Turn 16</h2><div class="spacer battle-history"><br></div><div class="battle-history">Tangleroot, come back!<br></div><div class="battle-history">Go! Beatbox (<strong>Noivern-Variant</strong>)!<br></div><div class="spacer battle-history"><br></div><div class="battle-history">The opposing Gigalith used <strong>Weather Ball</strong>!<br></div><div class="battle-history"><small>It's not very effective...</small><br></div><div class="battle-history"><small>(Beatbox lost 44% of its health!)</small><br></div><div class="spacer battle-history"><br></div><div class="battle-history"><small>(The sunlight is strong.)</small><br></div><div class="battle-history"><small>Beatbox restored a little HP using its Leftovers!</small><br></div><div class="spacer battle-history"><br></div><h2 class="battle-history">Turn 17</h2><div class="spacer battle-history"><br></div><div class="battle-history">god of joe withdrew Gigalith!<br></div><div class="battle-history">god of joe sent out <strong>Resurrectric</strong>!<br></div><div class="spacer battle-history"><br></div><div class="battle-history">Beatbox used <strong>Roost</strong>!<br></div><div class="battle-history"><small>Beatbox had its HP restored.</small><br></div><div class="spacer battle-history"><br></div><div class="battle-history"><small>(The sunlight is strong.)</small><br></div><div class="spacer battle-history"><br></div><h2 class="battle-history">Turn 18</h2><div class="spacer battle-history"><br></div><div class="battle-history">Beatbox used <strong>Draco Meteor</strong>!<br></div><div class="battle-history"><small>(The opposing Resurrectric lost 37% of its health!)</small><br></div><div class="battle-history"><small>Beatbox's Sp. Atk fell harshly!</small><br></div><div class="spacer battle-history"><br></div><div class="battle-history">The opposing Resurrectric used <strong>Volt Switch</strong>!<br></div><div class="battle-history"><small>It's not very effective...</small><br></div><div class="battle-history"><small>(Beatbox lost 18% of its health!)</small><br></div><div class="spacer battle-history"><br></div><div class="battle-history">The opposing Resurrectric went back to god of joe!<br></div><div class="battle-history">god of joe sent out Luxray (<strong>Luxray-Johto</strong>)!<br></div><div class="spacer battle-history"><br></div><div class="battle-history"><small>(The sunlight is strong.)</small><br></div><div class="battle-history"><small>Beatbox restored a little HP using its Leftovers!</small><br></div><div class="battle-history"><small>The opposing Luxray was hurt by its burn!</small><br></div><div class="spacer battle-history"><br></div><h2 class="battle-history">Turn 19</h2><div class="spacer battle-history"><br></div><div class="battle-history">Beatbox used <strong>U-turn</strong>!<br></div><div class="battle-history"><small>It's not very effective...</small><br></div><div class="battle-history"><small>(The opposing Luxray lost 8% of its health!)</small><br></div><div class="spacer battle-history"><br></div><div class="battle-history">Beatbox went back to Violettes!<br></div><div class="battle-history">Go! Tangleroot (<strong>Jackourd</strong>)!<br></div><div class="spacer battle-history"><br></div><div class="battle-history">The opposing Luxray used <strong>Psycho Shift</strong>!<br></div><div class="battle-history"><small>Tangleroot was burned!</small><br></div><div class="battle-history"><small>The opposing Luxray's burn was healed!</small><br></div><div class="spacer battle-history"><br></div><div class="battle-history"><small>The harsh sunlight faded.</small><br></div><div class="battle-history"><small>Tangleroot was hurt by its burn!</small><br></div><div class="battle-history"><small>The opposing Luxray was burned!</small><br></div><div class="spacer battle-history"><br></div><h2 class="battle-history">Turn 20</h2><div class="spacer battle-history"><br></div><div class="battle-history">Tangleroot used <strong>Trick</strong>!<br></div><div class="battle-history"><small>Tangleroot switched items with its target!</small><br></div><div class="battle-history"><small>The opposing Luxray obtained one Heavy-Duty Boots.</small><br></div><div class="battle-history"><small>Tangleroot obtained one Flame Orb.</small><br></div><div class="spacer battle-history"><br></div><div class="battle-history">The opposing Luxray used <strong>Facade</strong>!<br></div><div class="battle-history"><small>(Tangleroot lost 43% of its health!)</small><br></div><div class="spacer battle-history"><br></div><div class="battle-history"><small>Tangleroot was hurt by its burn!</small><br></div><div class="battle-history"><small>The opposing Luxray was hurt by its burn!</small><br></div><div class="spacer battle-history"><br></div><h2 class="battle-history">Turn 21</h2><div class="spacer battle-history"><br></div><div class="battle-history">Tangleroot used <strong>Synthesis</strong>!<br></div><div class="battle-history"><small>Tangleroot had its HP restored.</small><br></div><div class="spacer battle-history"><br></div><div class="battle-history">The opposing Luxray used <strong>Facade</strong>!<br></div><div class="battle-history"><small>(Tangleroot lost 48% of its health!)</small><br></div><div class="spacer battle-history"><br></div><div class="battle-history"><small>Tangleroot was hurt by its burn!</small><br></div><div class="battle-history"><small>The opposing Luxray was hurt by its burn!</small><br></div><div class="spacer battle-history"><br></div><h2 class="battle-history">Turn 22</h2><div class="spacer battle-history"><br></div><div class="battle-history">Tangleroot used <strong>Synthesis</strong>!<br></div><div class="battle-history"><small>Tangleroot had its HP restored.</small><br></div><div class="spacer battle-history"><br></div><div class="battle-history">The opposing Luxray used <strong>Volt Switch</strong>!<br></div><div class="battle-history"><small>It's not very effective...</small><br></div><div class="battle-history"><small>(Tangleroot lost 21% of its health!)</small><br></div><div class="spacer battle-history"><br></div><div class="battle-history">The opposing Luxray went back to god of joe!<br></div><div class="battle-history">god of joe sent out Gigalith (<strong>Gigalith-Kalos</strong>)!<br></div><div class="battle-history">[The opposing Gigalith's Drought]<br><small>The sunlight turned harsh!</small><br></div><div class="spacer battle-history"><br></div><div class="battle-history"><small>(The sunlight is strong.)</small><br></div><div class="battle-history"><small>Tangleroot was hurt by its burn!</small><br></div><div class="spacer battle-history"><br></div><h2 class="battle-history">Turn 23</h2><div class="spacer battle-history"><br></div><div class="battle-history">Tangleroot used <strong>Trick</strong>!<br></div><div class="battle-history"><small>Tangleroot switched items with its target!</small><br></div><div class="battle-history"><small>The opposing Gigalith obtained one Flame Orb.</small><br></div><div class="battle-history"><small>Tangleroot obtained one Choice Specs.</small><br></div><div class="spacer battle-history"><br></div><div class="battle-history">The opposing Gigalith used <strong>Weather Ball</strong>!<br></div><div class="battle-history"><small>It's super effective!</small><br></div><div class="battle-history"><small>(Tangleroot lost 63% of its health!)</small><br></div><div class="spacer battle-history"><br></div><div class="battle-history">Tangleroot fainted!<br></div><div class="spacer battle-history"><br></div><div class="battle-history"><small>(The sunlight is strong.)</small><br></div><div class="battle-history"><small>The opposing Gigalith was burned!</small><br></div><div class="spacer battle-history"><br></div><div class="battle-history">Go! Splicer (<strong>Scolipede-Variant</strong>)!<br></div><div class="spacer battle-history"><br></div><h2 class="battle-history">Turn 24</h2><div class="spacer battle-history"><br></div><div class="battle-history">god of joe withdrew Gigalith!<br></div><div class="battle-history">god of joe sent out <strong>Resurrectric</strong>!<br></div><div class="spacer battle-history"><br></div><div class="battle-history">Splicer used <strong>Earthquake</strong>!<br></div><div class="battle-history"><small>It's super effective!</small><br></div><div class="battle-history"><small>(The opposing Resurrectric lost 19% of its health!)</small><br></div><div class="spacer battle-history"><br></div><div class="battle-history">The opposing Resurrectric fainted!<br></div><div class="spacer battle-history"><br></div><div class="battle-history"><small>(The sunlight is strong.)</small><br></div><div class="battle-history"><small>Splicer was badly poisoned!</small><br></div><div class="spacer battle-history"><br></div><div class="battle-history">god of joe sent out Rotom (<strong>Rotom-Heat</strong>)!<br></div><div class="spacer battle-history"><br></div><h2 class="battle-history">Turn 25</h2><div class="spacer battle-history"><br></div><div class="battle-history">Splicer, come back!<br></div><div class="battle-history">Go! Cryostasis (<strong>Goodra-Arctara</strong>)!<br></div><div class="chat"><ul class="utilichart"><li class="result"><span class="col pokemonnamecol" style="white-space: nowrap">Goodra-Arctara</span> <span class="col typecol"><img src="https://dragonheaven.herokuapp.com/sprites/types/Water.png" alt="Water" height="14" width="32"><img src="https://dragonheaven.herokuapp.com/sprites/types/Ice.png" alt="Ice" height="14" width="32"></span> <span style="float: left ; min-height: 26px"><span class="col abilitycol">Stamina / Hydration / Water Absorb</span><span class="col abilitycol"></span></span></li><li style="clear: both"></li></ul></div><div class="chat"><ul class="utilichart"><li class="result"><span style="float: left ; min-height: 26px"><span class="col statcol"><em>HP</em><br>50</span> <span class="col statcol"><em>Atk</em><br>110</span> <span class="col statcol"><em>Def</em><br>70</span> <span class="col statcol"><em>SpA</em><br>110</span> <span class="col statcol"><em>SpD</em><br>150</span> <span class="col statcol"><em>Spe</em><br>110</span> </span></li><li style="clear: both"></li></ul></div><div class="battle-history"><small>(Goodra-Arctara was created by ausma!)</small><br></div><div class="spacer battle-history"><br></div><div class="battle-history">The opposing Rotom used <strong>Nasty Plot</strong>!<br></div><div class="battle-history"><small>The opposing Rotom's Sp. Atk rose sharply!</small><br></div><div class="spacer battle-history"><br></div><div class="battle-history"><small>(The sunlight is strong.)</small><br></div><div class="spacer battle-history"><br></div><h2 class="battle-history">Turn 26</h2><div class="spacer battle-history"><br></div><div class="battle-history">Cryostasis used <strong>Hydro Pump</strong>!<br></div><div class="battle-history"><small>It's super effective!</small><br></div><div class="battle-history"><small>(The opposing Rotom lost 72% of its health!)</small><br></div><div class="battle-history"><small>Cryostasis lost some of its HP!</small><br></div><div class="spacer battle-history"><br></div><div class="battle-history">The opposing Rotom used <strong>Overheat</strong>!<br></div><div class="battle-history"><small>(Cryostasis lost 91% of its health!)</small><br></div><div class="battle-history"><small>The opposing Rotom's Sp. Atk fell harshly!</small><br></div><div class="spacer battle-history"><br></div><div class="battle-history">Cryostasis fainted!<br></div><div class="spacer battle-history"><br></div><div class="battle-history"><small>The harsh sunlight faded.</small><br></div><div class="spacer battle-history"><br></div><div class="battle-history">Go! Beatbox (<strong>Noivern-Variant</strong>)!<br></div><div class="spacer battle-history"><br></div><h2 class="battle-history">Turn 27</h2><div class="spacer battle-history"><br></div><div class="battle-history">Beatbox used <strong>Draco Meteor</strong>!<br></div><div class="battle-history"><small>(The opposing Rotom lost 15% of its health!)</small><br></div><div class="battle-history"><small>Beatbox's Sp. Atk fell harshly!</small><br></div><div class="spacer battle-history"><br></div><div class="battle-history">The opposing Rotom fainted!<br></div><div class="spacer battle-history"><br></div><div class="battle-history"><small>Beatbox restored a little HP using its Leftovers!</small><br></div><div class="spacer battle-history"><br></div><div class="battle-history">god of joe sent out Luxray (<strong>Luxray-Johto</strong>)!<br></div><div class="spacer battle-history"><br></div><h2 class="battle-history">Turn 28</h2><div class="spacer battle-history"><br></div><div class="battle-history">Beatbox used <strong>U-turn</strong>!<br></div><div class="battle-history"><small>It's not very effective...</small><br></div><div class="battle-history"><small>(The opposing Luxray lost 9% of its health!)</small><br></div><div class="spacer battle-history"><br></div><div class="battle-history">Beatbox went back to Violettes!<br></div><div class="battle-history">Go! Florence (<strong>Balleringue</strong>)!<br></div><div class="chat"><ul class="utilichart"><li class="result"><span class="col pokemonnamecol" style="white-space: nowrap">Balleringue</span> <span class="col typecol"><img src="https://dragonheaven.herokuapp.com/sprites/types/Bug.png" alt="Bug" height="14" width="32"><img src="https://dragonheaven.herokuapp.com/sprites/types/Steel.png" alt="Steel" height="14" width="32"></span> <span style="float: left ; min-height: 26px"><span class="col abilitycol">Anticipation / Triage / Overcoat</span><span class="col abilitycol"></span></span></li><li style="clear: both"></li></ul></div><div class="chat"><ul class="utilichart"><li class="result"><span style="float: left ; min-height: 26px"><span class="col statcol"><em>HP</em><br>80</span> <span class="col statcol"><em>Atk</em><br>109</span> <span class="col statcol"><em>Def</em><br>105</span> <span class="col statcol"><em>SpA</em><br>69</span> <span class="col statcol"><em>SpD</em><br>105</span> <span class="col statcol"><em>Spe</em><br>29</span> </span></li><li style="clear: both"></li></ul></div><div class="battle-history"><small>(Balleringue was created by Magmajudis!)</small><br></div><div class="spacer battle-history"><br></div><div class="battle-history">The opposing Luxray used <strong>Psycho Shift</strong>!<br></div><div class="battle-history"><small>Florence was burned!</small><br></div><div class="battle-history"><small>The opposing Luxray's burn was healed!</small><br></div><div class="spacer battle-history"><br></div><div class="battle-history"><small>Florence was hurt by its burn!</small><br></div><div class="spacer battle-history"><br></div><h2 class="battle-history">Turn 29</h2><div class="spacer battle-history"><br></div><div class="battle-history">The opposing Luxray used <strong>Volt Switch</strong>!<br></div><div class="battle-history"><small>(Florence lost 33% of its health!)</small><br></div><div class="spacer battle-history"><br></div><div class="battle-history">The opposing Luxray went back to god of joe!<br></div><div class="battle-history">god of joe sent out <strong>Galvantula</strong>!<br></div><div class="spacer battle-history"><br></div><div class="battle-history">Florence used <strong>Stealth Rock</strong>!<br></div><div class="battle-history"><small>Pointed stones float in the air around the opposing team!</small><br></div><div class="spacer battle-history"><br></div><div class="battle-history"><small>Florence was hurt by its burn!</small><br></div><div class="spacer battle-history"><br></div><h2 class="battle-history">Turn 30</h2><div class="spacer battle-history"><br></div><div class="battle-history">The opposing Galvantula used <strong>Volt Switch</strong>!<br></div><div class="battle-history"><small>(Florence lost 28% of its health!)</small><br></div><div class="spacer battle-history"><br></div><div class="battle-history">The opposing Galvantula went back to god of joe!<br></div><div class="battle-history">god of joe sent out Luxray (<strong>Luxray-Johto</strong>)!<br></div><div class="spacer battle-history"><br></div><div class="battle-history">Florence used <strong>Infestation</strong>!<br></div><div class="battle-history"><small>It's not very effective...</small><br></div><div class="battle-history"><small>(The opposing Luxray lost 5% of its health!)</small><br></div><div class="battle-history"><small>The opposing Luxray has been afflicted with an infestation by Florence!</small><br></div><div class="battle-history"><small>Florence lost some of its HP!</small><br></div><div class="spacer battle-history"><br></div><div class="battle-history"><small>Florence was hurt by its burn!</small><br></div><div class="battle-history"><small>The opposing Luxray is hurt by Infestation!</small><br></div><div class="spacer battle-history"><br></div><div class="battle-history">The opposing Luxray fainted!<br></div><div class="spacer battle-history"><br></div><div class="battle-history">god of joe sent out <strong>Galvantula</strong>!<br></div><div class="battle-history"><small>Pointed stones dug into the opposing Galvantula!</small><br></div><div class="spacer battle-history"><br></div><h2 class="battle-history">Turn 31</h2><div class="spacer battle-history"><br></div><div class="battle-history">The opposing Galvantula used <strong>Bug Buzz</strong>!<br></div><div class="battle-history"><small>It's not very effective...</small><br></div><div class="battle-history"><small>(Florence lost 11% of its health!)</small><br></div><div class="spacer battle-history"><br></div><div class="battle-history">Florence fainted!<br></div><div class="spacer battle-history"><br></div><div class="battle-history">Go! Smile! (<strong>Rotom-Heat</strong>)!<br></div><div class="spacer battle-history"><br></div><h2 class="battle-history">Turn 32</h2><div class="spacer battle-history"><br></div><div class="battle-history">The opposing Galvantula used <strong>Volt Switch</strong>!<br></div><div class="battle-history"><small>It's not very effective...</small><br></div><div class="battle-history"><small>A critical hit!</small><br></div><div class="battle-history"><small>(Smile! lost 30% of its health!)</small><br></div><div class="spacer battle-history"><br></div><div class="battle-history">The opposing Galvantula went back to god of joe!<br></div><div class="battle-history">god of joe sent out <strong>Boomblare</strong>!<br></div><div class="battle-history"><small>Pointed stones dug into the opposing Boomblare!</small><br></div><div class="spacer battle-history"><br></div><div class="battle-history">Smile! used <strong>Pain Split</strong>!<br></div><div class="battle-history"><small>The battlers shared their pain!</small><br></div><div class="spacer battle-history"><br></div><h2 class="battle-history">Turn 33</h2><div class="spacer battle-history"><br></div><div class="battle-history">Smile! used <strong>Volt Switch</strong>!<br></div><div class="battle-history"><small>It's not very effective...</small><br></div><div class="battle-history"><small>(The opposing Boomblare lost 9% of its health!)</small><br></div><div class="spacer battle-history"><br></div><div class="battle-history">The opposing Boomblare fainted!<br></div><div class="spacer battle-history"><br></div><div class="battle-history">Smile! went back to Violettes!<br></div><div class="battle-history">Go! Splicer (<strong>Scolipede-Variant</strong>)!<br></div><div class="spacer battle-history"><br></div><div class="battle-history">god of joe sent out <strong>Galvantula</strong>!<br></div><div class="battle-history"><small>Pointed stones dug into the opposing Galvantula!</small><br></div><div class="spacer battle-history"><br></div><h2 class="battle-history">Turn 34</h2><div class="spacer battle-history"><br></div><div class="battle-history">Splicer used <strong>Earthquake</strong>!<br></div><div class="battle-history"><small>(The opposing Galvantula lost 51% of its health!)</small><br></div><div class="spacer battle-history"><br></div><div class="battle-history">The opposing Galvantula fainted!<br></div><div class="spacer battle-history"><br></div><div class="battle-history">god of joe sent out Gigalith (<strong>Gigalith-Kalos</strong>)!<br></div><div class="battle-history"><small>Pointed stones dug into the opposing Gigalith!</small><br></div><div class="battle-history">[The opposing Gigalith's Drought]<br><small>The sunlight turned harsh!</small><br></div><div class="spacer battle-history"><br></div><h2 class="battle-history">Turn 35</h2><div class="spacer battle-history"><br></div><div class="battle-history">Splicer used <strong>Earthquake</strong>!<br></div><div class="battle-history"><small>It's super effective!</small><br></div><div class="battle-history"><small>(The opposing Gigalith lost 69% of its health!)</small><br></div><div class="spacer battle-history"><br></div><div class="battle-history">The opposing Gigalith fainted!<br></div><div class="spacer battle-history"><br></div><div class="battle-history"><strong>Violettes</strong> won the battle!<br></div><div class="chat"><small></small></div></div><div class="inner-preempt message-log"></div></div></div>
</div>
<script>
let daily = Math.floor(Date.now()/1000/60/60/24);document.write('<script src="https://dragonheaven.herokuapp.com/js/replay-embed.js?version'+daily+'"></'+'script>');
</script>
