<!DOCTYPE html>
<meta charset="utf-8" />
<!-- version 1 -->
<title>[Gen 8] Evolution Project replay: KeroseneZanchu vs. H2OPulse</title>
<style>
html,body {font-family:Verdana, sans-serif;font-size:10pt;margin:0;padding:0;}body{padding:12px 0;} .battle-log {font-family:Verdana, sans-serif;font-size:10pt;} .battle-log-inline {border:1px solid #AAAAAA;background:#EEF2F5;color:black;max-width:640px;margin:0 auto 80px;padding-bottom:5px;} .battle-log .inner {padding:4px 8px 0px 8px;} .battle-log .inner-preempt {padding:0 8px 4px 8px;} .battle-log .inner-after {margin-top:0.5em;} .battle-log h2 {margin:0.5em -8px;padding:4px 8px;border:1px solid #AAAAAA;background:#E0E7EA;border-left:0;border-right:0;font-family:Verdana, sans-serif;font-size:13pt;} .battle-log .chat {vertical-align:middle;padding:3px 0 3px 0;font-size:8pt;} .battle-log .chat strong {color:#40576A;} .battle-log .chat em {padding:1px 4px 1px 3px;color:#000000;font-style:normal;} .chat.mine {background:rgba(0,0,0,0.05);margin-left:-8px;margin-right:-8px;padding-left:8px;padding-right:8px;} .spoiler {color:#BBBBBB;background:#BBBBBB;padding:0px 3px;} .spoiler:hover, .spoiler:active, .spoiler-shown {color:#000000;background:#E2E2E2;padding:0px 3px;} .spoiler a {color:#BBBBBB;} .spoiler:hover a, .spoiler:active a, .spoiler-shown a {color:#2288CC;} .chat code, .chat .spoiler:hover code, .chat .spoiler:active code, .chat .spoiler-shown code {border:1px solid #C0C0C0;background:#EEEEEE;color:black;padding:0 2px;} .chat .spoiler code {border:1px solid #CCCCCC;background:#CCCCCC;color:#CCCCCC;} .battle-log .rated {padding:3px 4px;} .battle-log .rated strong {color:white;background:#89A;padding:1px 4px;border-radius:4px;} .spacer {margin-top:0.5em;} .message-announce {background:#6688AA;color:white;padding:1px 4px 2px;} .message-announce a, .broadcast-green a, .broadcast-blue a, .broadcast-red a {color:#DDEEFF;} .broadcast-green {background-color:#559955;color:white;padding:2px 4px;} .broadcast-blue {background-color:#6688AA;color:white;padding:2px 4px;} .infobox {border:1px solid #6688AA;padding:2px 4px;} .infobox-limited {max-height:200px;overflow:auto;overflow-x:hidden;} .broadcast-red {background-color:#AA5544;color:white;padding:2px 4px;} .message-learn-canlearn {font-weight:bold;color:#228822;text-decoration:underline;} .message-learn-cannotlearn {font-weight:bold;color:#CC2222;text-decoration:underline;} .message-effect-weak {font-weight:bold;color:#CC2222;} .message-effect-resist {font-weight:bold;color:#6688AA;} .message-effect-immune {font-weight:bold;color:#666666;} .message-learn-list {margin-top:0;margin-bottom:0;} .message-throttle-notice, .message-error {color:#992222;} .message-overflow, .chat small.message-overflow {font-size:0pt;} .message-overflow::before {font-size:9pt;content:'...';} .subtle {color:#3A4A66;}
</style>
<div class="wrapper replay-wrapper" style="max-width:1180px;margin:0 auto">
<input type="hidden" name="replayid" value="dragonheaven-gen8evolutionproject-60" />
<div class="battle"></div><div class="battle-log"></div><div class="replay-controls"></div><div class="replay-controls-2"></div>
<h1 style="font-weight:normal;text-align:center"><strong>[Gen 8] Evolution Project</strong><br /><a href="http://pokemonshowdown.com/users/kerosenezanchu" class="subtle" target="_blank">KeroseneZanchu</a> vs. <a href="http://pokemonshowdown.com/users/h2opulse" class="subtle" target="_blank">H2OPulse</a></h1>
<script type="text/plain" class="battle-log-data">|j|☆KeroseneZanchu
|j|☆H2OPulse
|t:|1657603323
|player|p1|KeroseneZanchu|riley|
|player|p2|H2OPulse|aetherfoundation|
|teamsize|p1|6
|teamsize|p2|6
|gametype|singles
|gen|8
|tier|[Gen 8] Evolution Project
|clearpoke
|poke|p1|Aleon, M|
|poke|p1|Naganadel-Terrestrial, M|
|poke|p1|Starly-Crown, M|
|poke|p1|Adourami, F|
|poke|p1|Boomblare, M|
|poke|p1|Bafflack, M|
|poke|p2|Orbeetle-Variant, M|
|poke|p2|Shiinotic-Kalos, F|
|poke|p2|Polteageist-Cold-Brew, F|
|poke|p2|Vaporeon, F|
|poke|p2|Noivern-Variant, M|
|poke|p2|Resurrectric, M|
|rule|HP Percentage Mod: HP is shown in percentages
|rule|Endless Battle Clause: Forcing endless battles is banned
|rule|OHKO Clause: OHKO moves are banned
|rule|Evasion Moves Clause: Evasion moves are banned
|rule|Species Clause: Limit one of each Pokémon
|rule|Dynamax Clause: You cannot dynamax
|rule|Sleep Clause Mod: Limit one foe put to sleep
|rule|Z-Move Clause: Type-based Z-Moves are banned
|teampreview
|j|~inkbug1

|c|☆H2OPulse|Good luck and have fun!!!
|c|~inkbug1|A CREATURE
|c|☆KeroseneZanchu|glhf
|c|~inkbug1|good lord 
|
|t:|1657603366
|start
|switch|p1a: Little Silver Man|Naganadel-Terrestrial, M|100\/100
|switch|p2a: Froelichia|Orbeetle-Variant, M|100\/100
|-start|p2a: Froelichia|typechange|Bug\/Electric|[silent]
|raw|<ul class="utilichart"><li class="result"><span class="col pokemonnamecol" style="white-space: nowrap">Orbeetle-Variant<\/span> <span class="col typecol"><img src="https:\/\/dragonheaven.herokuapp.com\/sprites\/types\/Bug.png" alt="Bug" height="14" width="32"><img src="https:\/\/dragonheaven.herokuapp.com\/sprites\/types\/Electric.png" alt="Electric" height="14" width="32"><\/span> <span style="float: left ; min-height: 26px"><span class="col abilitycol">Swarm \/ Frisk \/ Cotton Down<\/span><span class="col abilitycol"><\/span><\/span><\/li><li style="clear: both"><\/li><\/ul>
|raw|<ul class="utilichart"><li class="result"><span style="float: left ; min-height: 26px"><span class="col statcol"><em>HP<\/em><br>60<\/span> <span class="col statcol"><em>Atk<\/em><br>45<\/span> <span class="col statcol"><em>Def<\/em><br>110<\/span> <span class="col statcol"><em>SpA<\/em><br>120<\/span> <span class="col statcol"><em>SpD<\/em><br>80<\/span> <span class="col statcol"><em>Spe<\/em><br>90<\/span> <\/span><\/li><li style="clear: both"><\/li><\/ul>
|-hint|Orbeetle-Variant was created by Magmajudis!
|-item|p1a: Little Silver Man|Silver Powder|[from] ability: Frisk|[of] p2a: Froelichia|[identify]
|-start|p1a: Little Silver Man|typechange|Bug\/Dragon|[silent]
|raw|<ul class="utilichart"><li class="result"><span class="col pokemonnamecol" style="white-space: nowrap">Naganadel-Terrestrial<\/span> <span class="col typecol"><img src="https:\/\/dragonheaven.herokuapp.com\/sprites\/types\/Bug.png" alt="Bug" height="14" width="32"><img src="https:\/\/dragonheaven.herokuapp.com\/sprites\/types\/Dragon.png" alt="Dragon" height="14" width="32"><\/span> <span style="float: left ; min-height: 26px"><span class="col abilitycol">Regenerator \/ Beast Boost<\/span><span class="col abilitycol"><\/span><\/span><\/li><li style="clear: both"><\/li><\/ul>
|raw|<ul class="utilichart"><li class="result"><span style="float: left ; min-height: 26px"><span class="col statcol"><em>HP<\/em><br>73<\/span> <span class="col statcol"><em>Atk<\/em><br>127<\/span> <span class="col statcol"><em>Def<\/em><br>73<\/span> <span class="col statcol"><em>SpA<\/em><br>127<\/span> <span class="col statcol"><em>SpD<\/em><br>73<\/span> <span class="col statcol"><em>Spe<\/em><br>67<\/span> <\/span><\/li><li style="clear: both"><\/li><\/ul>
|-hint|Naganadel-Terrestrial was created by KeroseneZanchu!
|turn|1
|
|t:|1657603373
|move|p2a: Froelichia|Sticky Web|p1a: Little Silver Man
|-sidestart|p1: KeroseneZanchu|move: Sticky Web
|move|p1a: Little Silver Man|Draco Meteor|p2a: Froelichia
|-damage|p2a: Froelichia|32\/100
|-unboost|p1a: Little Silver Man|spa|2
|
|upkeep
|turn|2
|c|☆H2OPulse|Ow fair
|
|t:|1657603386
|move|p2a: Froelichia|Recover|p2a: Froelichia
|-heal|p2a: Froelichia|82\/100
|move|p1a: Little Silver Man|Fell Stinger|p2a: Froelichia
|-damage|p2a: Froelichia|56\/100
|
|upkeep
|turn|3
|c|~inkbug1|for some reason my brain keeps assuming orbeetle-v is the eterrain setter i think bc i associate it with mega vikavolt but didnt.. i dont think mega vikavolt ever had voltage i just run it in terrain- 
|c|~inkbug1|ever had surge* 
|c|☆H2OPulse|Adkjhg fair--
|
|t:|1657603406
|move|p2a: Froelichia|Recover|p2a: Froelichia
|-heal|p2a: Froelichia|100\/100
|move|p1a: Little Silver Man|U-turn|p2a: Froelichia
|-damage|p2a: Froelichia|64\/100
|
|t:|1657603411
|switch|p1a: Kings and Queens|Starly-Crown, M|100\/100|[from]move: U-turn
|-start|p1a: Kings and Queens|typechange|Normal\/Flying|[silent]
|raw|<ul class="utilichart"><li class="result"><span class="col pokemonnamecol" style="white-space: nowrap">Starly-Crown<\/span> <span class="col typecol"><img src="https:\/\/dragonheaven.herokuapp.com\/sprites\/types\/Normal.png" alt="Normal" height="14" width="32"><img src="https:\/\/dragonheaven.herokuapp.com\/sprites\/types\/Flying.png" alt="Flying" height="14" width="32"><\/span> <span style="float: left ; min-height: 26px"><span class="col abilitycol">Murmuration<\/span><span class="col abilitycol"><\/span><\/span><\/li><li style="clear: both"><\/li><\/ul>
|raw|<ul class="utilichart"><li class="result"><span style="float: left ; min-height: 26px"><span class="col statcol"><em>HP<\/em><br>40<\/span> <span class="col statcol"><em>Atk<\/em><br>55<\/span> <span class="col statcol"><em>Def<\/em><br>30<\/span> <span class="col statcol"><em>SpA<\/em><br>30<\/span> <span class="col statcol"><em>SpD<\/em><br>30<\/span> <span class="col statcol"><em>Spe<\/em><br>60<\/span> <\/span><\/li><li style="clear: both"><\/li><\/ul>
|-hint|Starly-Crown was created by KeroseneZanchu!
|-formechange|p1a: Kings and Queens|Starly-Crown-Cloud||[from] ability: Murmuration
|-message|Kings and Queens changed to Cloud Form!
|-start|p1a: Kings and Queens|typechange|Normal\/Flying|[silent]
|raw|<ul class="utilichart"><li class="result"><span class="col pokemonnamecol" style="white-space: nowrap">Starly-Crown-Cloud<\/span> <span class="col typecol"><img src="https:\/\/dragonheaven.herokuapp.com\/sprites\/types\/Normal.png" alt="Normal" height="14" width="32"><img src="https:\/\/dragonheaven.herokuapp.com\/sprites\/types\/Flying.png" alt="Flying" height="14" width="32"><\/span> <span style="float: left ; min-height: 26px"><span class="col abilitycol">Murmuration<\/span><span class="col abilitycol"><\/span><\/span><span style="float: left ; min-height: 26px"><span class="col statcol"><em>HP<\/em><br>40<\/span> <span class="col statcol"><em>Atk<\/em><br>120<\/span> <span class="col statcol"><em>Def<\/em><br>170<\/span> <span class="col statcol"><em>SpA<\/em><br>50<\/span> <span class="col statcol"><em>SpD<\/em><br>161<\/span> <span class="col statcol"><em>Spe<\/em><br>100<\/span> <\/span><\/li><li style="clear: both"><\/li><\/ul>
|
|-start|p1a: Kings and Queens|typechange|Normal\/Flying|[silent]
|upkeep
|turn|4
|
|t:|1657603419
|move|p2a: Froelichia|Electro Ball|p1a: Kings and Queens
|-supereffective|p1a: Kings and Queens
|-damage|p1a: Kings and Queens|68\/100
|move|p1a: Kings and Queens|Rapid Spin|p2a: Froelichia
|-damage|p2a: Froelichia|44\/100
|-boost|p1a: Kings and Queens|spe|1
|-sideend|p1: KeroseneZanchu|Sticky Web|[from] move: Rapid Spin|[of] p1a: Kings and Queens
|
|-start|p1a: Kings and Queens|typechange|Normal\/Flying|[silent]
|upkeep
|turn|5
|c|~inkbug1|and i was really confused why you had 
|c|~inkbug1|shiinotic on a terrain team 
|
|t:|1657603430
|move|p1a: Kings and Queens|Roost|p1a: Kings and Queens
|-heal|p1a: Kings and Queens|100\/100
|-singleturn|p1a: Kings and Queens|move: Roost
|move|p2a: Froelichia|Recover|p2a: Froelichia
|-heal|p2a: Froelichia|95\/100
|
|-start|p1a: Kings and Queens|typechange|Normal\/Flying|[silent]
|upkeep
|turn|6
|c|☆H2OPulse|Pff fair
|
|t:|1657603436
|move|p1a: Kings and Queens|Flurry|p2a: Froelichia
|-message|Kings and Queens called for help!
|move|p2a: Froelichia|U-turn|p1a: Kings and Queens
|-resisted|p1a: Kings and Queens
|-damage|p1a: Kings and Queens|96\/100
|
|t:|1657603451
|switch|p2a: Mango|Noivern-Variant, M|100\/100|[from]move: U-turn
|-start|p2a: Mango|typechange|Fighting\/Dragon|[silent]
|raw|<ul class="utilichart"><li class="result"><span class="col pokemonnamecol" style="white-space: nowrap">Noivern-Variant<\/span> <span class="col typecol"><img src="https:\/\/dragonheaven.herokuapp.com\/sprites\/types\/Fighting.png" alt="Fighting" height="14" width="32"><img src="https:\/\/dragonheaven.herokuapp.com\/sprites\/types\/Dragon.png" alt="Dragon" height="14" width="32"><\/span> <span style="float: left ; min-height: 26px"><span class="col abilitycol">Levitate<\/span><span class="col abilitycol"><\/span><\/span><\/li><li style="clear: both"><\/li><\/ul>
|raw|<ul class="utilichart"><li class="result"><span style="float: left ; min-height: 26px"><span class="col statcol"><em>HP<\/em><br>95<\/span> <span class="col statcol"><em>Atk<\/em><br>70<\/span> <span class="col statcol"><em>Def<\/em><br>80<\/span> <span class="col statcol"><em>SpA<\/em><br>97<\/span> <span class="col statcol"><em>SpD<\/em><br>80<\/span> <span class="col statcol"><em>Spe<\/em><br>113<\/span> <\/span><\/li><li style="clear: both"><\/li><\/ul>
|-hint|Noivern-Variant was created by Hematite!
|
|-message|Mango is being swarmed by a flurry of Starly!
|-anim|p1a: Kings and Queens|Sky Attack|p2a: Mango
|-supereffective|p2a: Mango
|-damage|p2a: Mango|77\/100
|-start|p1a: Kings and Queens|typechange|Normal\/Flying|[silent]
|upkeep
|turn|7
|
|t:|1657603463
|move|p2a: Mango|Draco Meteor|p1a: Kings and Queens
|-crit|p1a: Kings and Queens
|-damage|p1a: Kings and Queens|30\/100
|-unboost|p2a: Mango|spa|2
|-damage|p2a: Mango|67\/100|[from] item: Life Orb
|move|p1a: Kings and Queens|Rapid Spin|p2a: Mango
|-damage|p2a: Mango|44\/100
|-boost|p1a: Kings and Queens|spe|1
|
|-message|Mango is being swarmed by a flurry of Starly!
|-anim|p1a: Kings and Queens|Sky Attack|p2a: Mango
|-supereffective|p2a: Mango
|-damage|p2a: Mango|19\/100
|-start|p1a: Kings and Queens|typechange|Normal\/Flying|[silent]
|upkeep
|turn|8
|c|~inkbug1|physical chip damage like this is like extremely funny in this meta given some of our previous prompts
|c|☆H2OPulse|MMSGH SORRY
|
|t:|1657603491
|switch|p2a: Zantedeschia|Resurrectric, M|100\/100
|-start|p2a: Zantedeschia|typechange|Ground\/Electric|[silent]
|raw|<ul class="utilichart"><li class="result"><span class="col pokemonnamecol" style="white-space: nowrap">Resurrectric<\/span> <span class="col typecol"><img src="https:\/\/dragonheaven.herokuapp.com\/sprites\/types\/Ground.png" alt="Ground" height="14" width="32"><img src="https:\/\/dragonheaven.herokuapp.com\/sprites\/types\/Electric.png" alt="Electric" height="14" width="32"><\/span> <span style="float: left ; min-height: 26px"><span class="col abilitycol">Inner Focus \/ Lightning Rod \/ Battle Armor<\/span><span class="col abilitycol"><\/span><\/span><\/li><li style="clear: both"><\/li><\/ul>
|raw|<ul class="utilichart"><li class="result"><span style="float: left ; min-height: 26px"><span class="col statcol"><em>HP<\/em><br>80<\/span> <span class="col statcol"><em>Atk<\/em><br>60<\/span> <span class="col statcol"><em>Def<\/em><br>130<\/span> <span class="col statcol"><em>SpA<\/em><br>125<\/span> <span class="col statcol"><em>SpD<\/em><br>80<\/span> <span class="col statcol"><em>Spe<\/em><br>45<\/span> <\/span><\/li><li style="clear: both"><\/li><\/ul>
|-hint|Resurrectric was created by Hematite!
|move|p1a: Kings and Queens|Roost|p1a: Kings and Queens
|-heal|p1a: Kings and Queens|80\/100
|-singleturn|p1a: Kings and Queens|move: Roost
|
|-message|Zantedeschia is being swarmed by a flurry of Starly!
|-anim|p1a: Kings and Queens|Sky Attack|p2a: Zantedeschia
|-resisted|p2a: Zantedeschia
|-damage|p2a: Zantedeschia|98\/100
|-start|p1a: Kings and Queens|typechange|Normal\/Flying|[silent]
|upkeep
|turn|9
|c|~inkbug1|bc im jsut sitting here going "i wonder how much polteagiest\/shiinotic would take from that-" 
|c|☆H2OPulse|P f f f yeah--
|
|t:|1657603511
|move|p1a: Kings and Queens|U-turn|p2a: Zantedeschia
|-damage|p2a: Zantedeschia|83\/100
|
|t:|1657603514
|switch|p1a: Little Silver Man|Naganadel-Terrestrial, M|100\/100|[from]move: U-turn
|-start|p1a: Little Silver Man|typechange|Bug\/Dragon|[silent]
|move|p2a: Zantedeschia|Discharge|p1a: Little Silver Man
|-resisted|p1a: Little Silver Man
|-damage|p1a: Little Silver Man|67\/100
|
|-message|Zantedeschia is being swarmed by a flurry of Starly!
|-resisted|p2a: Zantedeschia
|-damage|p2a: Zantedeschia|81\/100
|upkeep
|turn|10
|
|t:|1657603524
|move|p1a: Little Silver Man|Draco Meteor|p2a: Zantedeschia
|-damage|p2a: Zantedeschia|38\/100
|-unboost|p1a: Little Silver Man|spa|2
|move|p2a: Zantedeschia|Ice Beam|p1a: Little Silver Man
|-supereffective|p1a: Little Silver Man
|-damage|p1a: Little Silver Man|0 fnt
|faint|p1a: Little Silver Man
|
|-message|Zantedeschia is being swarmed by a flurry of Starly!
|-resisted|p2a: Zantedeschia
|-damage|p2a: Zantedeschia|36\/100
|upkeep
|c|☆KeroseneZanchu|ow
|c|☆KeroseneZanchu|right
|
|t:|1657603554
|switch|p1a: Water Fowl|Bafflack, M|100\/100
|-start|p1a: Water Fowl|typechange|Water|[silent]
|raw|<ul class="utilichart"><li class="result"><span class="col pokemonnamecol" style="white-space: nowrap">Bafflack<\/span> <span class="col typecol"><img src="https:\/\/dragonheaven.herokuapp.com\/sprites\/types\/Water.png" alt="Water" height="14" width="32"><\/span> <span style="float: left ; min-height: 26px"><span class="col abilitycol">Psychic Surge \/ Cloud Nine \/ Pure Power<\/span><span class="col abilitycol"><\/span><\/span><\/li><li style="clear: both"><\/li><\/ul>
|raw|<ul class="utilichart"><li class="result"><span style="float: left ; min-height: 26px"><span class="col statcol"><em>HP<\/em><br>80<\/span> <span class="col statcol"><em>Atk<\/em><br>69<\/span> <span class="col statcol"><em>Def<\/em><br>18<\/span> <span class="col statcol"><em>SpA<\/em><br>135<\/span> <span class="col statcol"><em>SpD<\/em><br>110<\/span> <span class="col statcol"><em>Spe<\/em><br>105<\/span> <\/span><\/li><li style="clear: both"><\/li><\/ul>
|-hint|Bafflack was created by KeroseneZanchu!
|turn|11
|
|t:|1657603561
|switch|p1a: Chick Magnet|Boomblare, M|100\/100
|-start|p1a: Chick Magnet|typechange|Normal\/Electric|[silent]
|raw|<ul class="utilichart"><li class="result"><span class="col pokemonnamecol" style="white-space: nowrap">Boomblare<\/span> <span class="col typecol"><img src="https:\/\/dragonheaven.herokuapp.com\/sprites\/types\/Normal.png" alt="Normal" height="14" width="32"><img src="https:\/\/dragonheaven.herokuapp.com\/sprites\/types\/Electric.png" alt="Electric" height="14" width="32"><\/span> <span style="float: left ; min-height: 26px"><span class="col abilitycol">Blowout<\/span><span class="col abilitycol"><\/span><\/span><\/li><li style="clear: both"><\/li><\/ul>
|raw|<ul class="utilichart"><li class="result"><span style="float: left ; min-height: 26px"><span class="col statcol"><em>HP<\/em><br>104<\/span> <span class="col statcol"><em>Atk<\/em><br>116<\/span> <span class="col statcol"><em>Def<\/em><br>58<\/span> <span class="col statcol"><em>SpA<\/em><br>76<\/span> <span class="col statcol"><em>SpD<\/em><br>58<\/span> <span class="col statcol"><em>Spe<\/em><br>78<\/span> <\/span><\/li><li style="clear: both"><\/li><\/ul>
|-hint|Boomblare was created by ausma!
|switch|p2a: Cattail|Vaporeon, F|100\/100
|
|upkeep
|turn|12
|
|t:|1657603568
|move|p2a: Cattail|Protect|p2a: Cattail
|-singleturn|p2a: Cattail|Protect
|move|p1a: Chick Magnet|Boomburst|p2a: Cattail
|-activate|p2a: Cattail|move: Protect
|
|upkeep
|turn|13
|
|t:|1657603595
|switch|p1a: Silky Allen|Aleon, M|100\/100
|-start|p1a: Silky Allen|typechange|Normal|[silent]
|raw|<ul class="utilichart"><li class="result"><span class="col pokemonnamecol" style="white-space: nowrap">Aleon<\/span> <span class="col typecol"><img src="https:\/\/dragonheaven.herokuapp.com\/sprites\/types\/Normal.png" alt="Normal" height="14" width="32"><\/span> <span style="float: left ; min-height: 26px"><span class="col abilitycol">Adaptability \/ Normalize \/ Beast Boost<\/span><span class="col abilitycol"><\/span><\/span><\/li><li style="clear: both"><\/li><\/ul>
|raw|<ul class="utilichart"><li class="result"><span style="float: left ; min-height: 26px"><span class="col statcol"><em>HP<\/em><br>103<\/span> <span class="col statcol"><em>Atk<\/em><br>79<\/span> <span class="col statcol"><em>Def<\/em><br>53<\/span> <span class="col statcol"><em>SpA<\/em><br>89<\/span> <span class="col statcol"><em>SpD<\/em><br>67<\/span> <span class="col statcol"><em>Spe<\/em><br>134<\/span> <\/span><\/li><li style="clear: both"><\/li><\/ul>
|-hint|Aleon was created by inkbug!
|switch|p2a: Froelichia|Orbeetle-Variant, M|95\/100
|-start|p2a: Froelichia|typechange|Bug\/Electric|[silent]
|-item|p1a: Silky Allen|Silk Scarf|[from] ability: Frisk|[of] p2a: Froelichia|[identify]
|
|upkeep
|turn|14
|
|t:|1657603609
|move|p1a: Silky Allen|Scald|p2a: Froelichia
|-damage|p2a: Froelichia|47\/100
|move|p2a: Froelichia|Sticky Web|p1a: Silky Allen
|-sidestart|p1: KeroseneZanchu|move: Sticky Web
|
|upkeep
|turn|15
|c|☆H2OPulse|Oh that did a lot
|c|☆H2OPulse|Who needs a Normal resist anyway--
|
|t:|1657603657
|switch|p2a: Rubia|Polteageist-Cold-Brew, F|100\/100
|-start|p2a: Rubia|typechange|Dark\/Ice|[silent]
|raw|<ul class="utilichart"><li class="result"><span class="col pokemonnamecol" style="white-space: nowrap">Polteageist-Cold-Brew<\/span> <span class="col typecol"><img src="https:\/\/dragonheaven.herokuapp.com\/sprites\/types\/Dark.png" alt="Dark" height="14" width="32"><img src="https:\/\/dragonheaven.herokuapp.com\/sprites\/types\/Ice.png" alt="Ice" height="14" width="32"><\/span> <span style="float: left ; min-height: 26px"><span class="col abilitycol">Bulletproof \/ Insomnia<\/span><span class="col abilitycol"><\/span><\/span><\/li><li style="clear: both"><\/li><\/ul>
|raw|<ul class="utilichart"><li class="result"><span style="float: left ; min-height: 26px"><span class="col statcol"><em>HP<\/em><br>80<\/span> <span class="col statcol"><em>Atk<\/em><br>65<\/span> <span class="col statcol"><em>Def<\/em><br>45<\/span> <span class="col statcol"><em>SpA<\/em><br>114<\/span> <span class="col statcol"><em>SpD<\/em><br>134<\/span> <span class="col statcol"><em>Spe<\/em><br>70<\/span> <\/span><\/li><li style="clear: both"><\/li><\/ul>
|-hint|Polteageist-Cold-Brew was created by Hematite!
|move|p1a: Silky Allen|Scald|p2a: Rubia
|-damage|p2a: Rubia|72\/100
|-status|p2a: Rubia|brn
|
|-damage|p2a: Rubia|66\/100 brn|[from] brn
|upkeep
|turn|16
|c|~inkbug1|*that stilll did a lot*( 
|
|t:|1657603667
|move|p1a: Silky Allen|Volt Switch|p2a: Rubia
|-damage|p2a: Rubia|38\/100 brn
|
|t:|1657603672
|switch|p1a: Pixie Chick|Adourami, F|100\/100|[from]move: Volt Switch
|-activate|p1a: Pixie Chick|move: Sticky Web
|-unboost|p1a: Pixie Chick|spe|1
|-start|p1a: Pixie Chick|typechange|Water\/Fairy|[silent]
|raw|<ul class="utilichart"><li class="result"><span class="col pokemonnamecol" style="white-space: nowrap">Adourami<\/span> <span class="col typecol"><img src="https:\/\/dragonheaven.herokuapp.com\/sprites\/types\/Water.png" alt="Water" height="14" width="32"><img src="https:\/\/dragonheaven.herokuapp.com\/sprites\/types\/Fairy.png" alt="Fairy" height="14" width="32"><\/span> <span style="float: left ; min-height: 26px"><span class="col abilitycol">Swift Swim \/ Soul-Heart \/ Unburden<\/span><span class="col abilitycol"><\/span><\/span><\/li><li style="clear: both"><\/li><\/ul>
|raw|<ul class="utilichart"><li class="result"><span style="float: left ; min-height: 26px"><span class="col statcol"><em>HP<\/em><br>63<\/span> <span class="col statcol"><em>Atk<\/em><br>30<\/span> <span class="col statcol"><em>Def<\/em><br>85<\/span> <span class="col statcol"><em>SpA<\/em><br>95<\/span> <span class="col statcol"><em>SpD<\/em><br>105<\/span> <span class="col statcol"><em>Spe<\/em><br>112<\/span> <\/span><\/li><li style="clear: both"><\/li><\/ul>
|-hint|Adourami was created by BlueRay!
|move|p2a: Rubia|Ice Beam|p1a: Pixie Chick
|-resisted|p1a: Pixie Chick
|-damage|p1a: Pixie Chick|78\/100
|-status|p1a: Pixie Chick|frz
|
|-damage|p2a: Rubia|32\/100 brn|[from] brn
|upkeep
|turn|17
|c|☆H2OPulse|MMSKJGH
|c|☆KeroseneZanchu|AAGAIN
|c|~inkbug1|oh my god 
|c|☆KeroseneZanchu|HEMA
|
|t:|1657603690
|switch|p2a: Cattail|Vaporeon, F|100\/100
|cant|p1a: Pixie Chick|frz
|
|upkeep
|turn|18
|
|t:|1657603701
|switch|p1a: Kings and Queens|Starly-Crown, M|80\/100
|-start|p1a: Kings and Queens|typechange|Normal\/Flying|[silent]
|-formechange|p1a: Kings and Queens|Starly-Crown-Cloud||[from] ability: Murmuration
|-message|Kings and Queens changed to Cloud Form!
|-start|p1a: Kings and Queens|typechange|Normal\/Flying|[silent]
|move|p2a: Cattail|Wish|p2a: Cattail
|
|-start|p1a: Kings and Queens|typechange|Normal\/Flying|[silent]
|upkeep
|turn|19
|
|t:|1657603710
|move|p1a: Kings and Queens|Rapid Spin|p2a: Cattail
|-damage|p2a: Cattail|77\/100
|-boost|p1a: Kings and Queens|spe|1
|-sideend|p1: KeroseneZanchu|Sticky Web|[from] move: Rapid Spin|[of] p1a: Kings and Queens
|move|p2a: Cattail|Flip Turn|p1a: Kings and Queens
|-damage|p1a: Kings and Queens|68\/100
|c|~inkbug1|now im just remembering tht one match where pollugonal was full parad for like six consecutive turns
|
|t:|1657603722
|switch|p2a: Zantedeschia|Resurrectric, M|36\/100|[from]move: Flip Turn
|-start|p2a: Zantedeschia|typechange|Ground\/Electric|[silent]
|
|-heal|p2a: Zantedeschia|99\/100|[from] move: Wish|[wisher] Cattail
|-start|p1a: Kings and Queens|typechange|Normal\/Flying|[silent]
|upkeep
|turn|20
|
|t:|1657603740
|move|p1a: Kings and Queens|U-turn|p2a: Zantedeschia
|-damage|p2a: Zantedeschia|84\/100
|
|t:|1657603747
|switch|p1a: Chick Magnet|Boomblare, M|100\/100|[from]move: U-turn
|-start|p1a: Chick Magnet|typechange|Normal\/Electric|[silent]
|move|p2a: Zantedeschia|Volt Switch|p1a: Chick Magnet
|-resisted|p1a: Chick Magnet
|-damage|p1a: Chick Magnet|76\/100
|
|t:|1657603784
|switch|p2a: Foxfire|Shiinotic-Kalos, F|100\/100|[from]move: Volt Switch
|-start|p2a: Foxfire|typechange|Poison\/Fairy|[silent]
|raw|<ul class="utilichart"><li class="result"><span class="col pokemonnamecol" style="white-space: nowrap">Shiinotic-Kalos<\/span> <span class="col typecol"><img src="https:\/\/dragonheaven.herokuapp.com\/sprites\/types\/Poison.png" alt="Poison" height="14" width="32"><img src="https:\/\/dragonheaven.herokuapp.com\/sprites\/types\/Fairy.png" alt="Fairy" height="14" width="32"><\/span> <span style="float: left ; min-height: 26px"><span class="col abilitycol">Illuminate \/ Effect Spore \/ Technician<\/span><span class="col abilitycol"><\/span><\/span><\/li><li style="clear: both"><\/li><\/ul>
|raw|<ul class="utilichart"><li class="result"><span style="float: left ; min-height: 26px"><span class="col statcol"><em>HP<\/em><br>60<\/span> <span class="col statcol"><em>Atk<\/em><br>45<\/span> <span class="col statcol"><em>Def<\/em><br>60<\/span> <span class="col statcol"><em>SpA<\/em><br>90<\/span> <span class="col statcol"><em>SpD<\/em><br>80<\/span> <span class="col statcol"><em>Spe<\/em><br>70<\/span> <\/span><\/li><li style="clear: both"><\/li><\/ul>
|-hint|Shiinotic-Kalos was created by Hematite!
|
|upkeep
|turn|21
|
|t:|1657603792
|move|p2a: Foxfire|Spore|p1a: Chick Magnet
|-status|p1a: Chick Magnet|slp|[from] move: Spore
|cant|p1a: Chick Magnet|slp
|
|upkeep
|turn|22
|
|t:|1657603803
|switch|p2a: Cattail|Vaporeon, F|77\/100
|switch|p1a: Silky Allen|Aleon, M|100\/100
|-start|p1a: Silky Allen|typechange|Normal|[silent]
|
|-heal|p2a: Cattail|83\/100|[from] item: Leftovers
|upkeep
|turn|23
|
|t:|1657603809
|move|p1a: Silky Allen|Heal Bell|p1a: Silky Allen
|-activate|p1a: Silky Allen|move: Heal Bell
|-curestatus|p1: Pixie Chick|frz|[msg]
|-curestatus|p1: Chick Magnet|slp|[msg]
|move|p2a: Cattail|Wish|p2a: Cattail
|
|-heal|p2a: Cattail|89\/100|[from] item: Leftovers
|upkeep
|turn|24
|
|t:|1657603819
|move|p1a: Silky Allen|Wish|p1a: Silky Allen
|move|p2a: Cattail|Flip Turn|p1a: Silky Allen
|-damage|p1a: Silky Allen|79\/100
|
|t:|1657603835
|switch|p2a: Mango|Noivern-Variant, M|19\/100|[from]move: Flip Turn
|-start|p2a: Mango|typechange|Fighting\/Dragon|[silent]
|
|-heal|p2a: Mango|88\/100|[from] move: Wish|[wisher] Cattail
|upkeep
|turn|25
|
|t:|1657603854
|move|p2a: Mango|Vacuum Wave|p1a: Silky Allen
|-supereffective|p1a: Silky Allen
|-damage|p1a: Silky Allen|29\/100
|-damage|p2a: Mango|79\/100|[from] item: Life Orb
|move|p1a: Silky Allen|Volt Switch|p2a: Mango
|-damage|p2a: Mango|38\/100
|
|t:|1657603862
|switch|p1a: Pixie Chick|Adourami, F|78\/100|[from]move: Volt Switch
|-start|p1a: Pixie Chick|typechange|Water\/Fairy|[silent]
|
|-heal|p1a: Pixie Chick|100\/100|[from] move: Wish|[wisher] Silky Allen
|upkeep
|turn|26
|
|t:|1657603873
|switch|p2a: Cattail|Vaporeon, F|89\/100
|move|p1a: Pixie Chick|Dazzling Gleam|p2a: Cattail
|-damage|p2a: Cattail|65\/100
|
|-heal|p2a: Cattail|71\/100|[from] item: Leftovers
|upkeep
|turn|27
|
|t:|1657603895
|switch|p1a: Kings and Queens|Starly-Crown, M|68\/100
|-start|p1a: Kings and Queens|typechange|Normal\/Flying|[silent]
|-formechange|p1a: Kings and Queens|Starly-Crown-Cloud||[from] ability: Murmuration
|-message|Kings and Queens changed to Cloud Form!
|-start|p1a: Kings and Queens|typechange|Normal\/Flying|[silent]
|move|p2a: Cattail|Wish|p2a: Cattail
|
|-heal|p2a: Cattail|77\/100|[from] item: Leftovers
|-start|p1a: Kings and Queens|typechange|Normal\/Flying|[silent]
|upkeep
|turn|28
|
|t:|1657603904
|move|p1a: Kings and Queens|Flurry|p2a: Cattail
|-message|Kings and Queens called for help!
|move|p2a: Cattail|Flip Turn|p1a: Kings and Queens
|-damage|p1a: Kings and Queens|58\/100
|
|t:|1657603907
|switch|p2a: Rubia|Polteageist-Cold-Brew, F|32\/100 brn|[from]move: Flip Turn
|-start|p2a: Rubia|typechange|Dark\/Ice|[silent]
|
|-message|Rubia is being swarmed by a flurry of Starly!
|-anim|p1a: Kings and Queens|Sky Attack|p2a: Rubia
|-damage|p2a: Rubia|15\/100 brn
|-heal|p2a: Rubia|78\/100 brn|[from] move: Wish|[wisher] Cattail
|-damage|p2a: Rubia|72\/100 brn|[from] brn
|-start|p1a: Kings and Queens|typechange|Normal\/Flying|[silent]
|upkeep
|turn|29
|
|t:|1657603933
|move|p2a: Rubia|Ice Beam|p1a: Kings and Queens
|-supereffective|p1a: Kings and Queens
|-crit|p1a: Kings and Queens
|-damage|p1a: Kings and Queens|0 fnt
|faint|p1a: Kings and Queens
|
|-message|Rubia is being swarmed by a flurry of Starly!
|-damage|p2a: Rubia|63\/100 brn
|-damage|p2a: Rubia|57\/100 brn|[from] brn
|upkeep
|c|☆H2OPulse|__did that matter__
|c|☆H2OPulse|__I am begging for that not to have mattered__
|c|☆H2OPulse|__why__
|c|☆KeroseneZanchu|no idea
|
|t:|1657603964
|switch|p1a: Pixie Chick|Adourami, F|100\/100
|-start|p1a: Pixie Chick|typechange|Water\/Fairy|[silent]
|turn|30
|
|t:|1657603981
|switch|p2a: Foxfire|Shiinotic-Kalos, F|100\/100
|-start|p2a: Foxfire|typechange|Poison\/Fairy|[silent]
|move|p1a: Pixie Chick|Substitute|p1a: Pixie Chick
|-start|p1a: Pixie Chick|Substitute
|-damage|p1a: Pixie Chick|76\/100
|
|-message|Foxfire is being swarmed by a flurry of Starly!
|-damage|p2a: Foxfire|89\/100
|-heal|p2a: Foxfire|95\/100|[from] item: Black Sludge
|upkeep
|turn|31
|
|t:|1657603987
|move|p1a: Pixie Chick|Hydro Pump|p2a: Foxfire
|-damage|p2a: Foxfire|22\/100
|move|p2a: Foxfire|Acid Spray|p1a: Pixie Chick
|-supereffective|p1a: Pixie Chick
|-end|p1a: Pixie Chick|Substitute
|
|-message|Foxfire is being swarmed by a flurry of Starly!
|-crit|p2a: Foxfire
|-damage|p2a: Foxfire|6\/100
|-heal|p2a: Foxfire|12\/100|[from] item: Black Sludge
|upkeep
|turn|32
|c|☆H2OPulse|Ow fair
|
|t:|1657604005
|switch|p2a: Cattail|Vaporeon, F|77\/100
|move|p1a: Pixie Chick|Substitute|p1a: Pixie Chick
|-start|p1a: Pixie Chick|Substitute
|-damage|p1a: Pixie Chick|51\/100
|
|-message|Cattail is being swarmed by a flurry of Starly!
|-damage|p2a: Cattail|71\/100
|-heal|p2a: Cattail|77\/100|[from] item: Leftovers
|upkeep
|turn|33
|
|t:|1657604008
|move|p1a: Pixie Chick|Dazzling Gleam|p2a: Cattail
|-damage|p2a: Cattail|54\/100
|move|p2a: Cattail|Wish|p2a: Cattail
|
|-heal|p2a: Cattail|61\/100|[from] item: Leftovers
|upkeep
|turn|34
|
|t:|1657604015
|move|p1a: Pixie Chick|Draining Kiss|p2a: Cattail
|-damage|p2a: Cattail|47\/100
|-heal|p1a: Pixie Chick|69\/100|[from] drain|[of] p2a: Cattail
|move|p2a: Cattail|Flip Turn|p1a: Pixie Chick
|-resisted|p1a: Pixie Chick
|-activate|p1a: Pixie Chick|move: Substitute|[damage]
|
|t:|1657604020
|switch|p2a: Foxfire|Shiinotic-Kalos, F|12\/100|[from]move: Flip Turn
|-start|p2a: Foxfire|typechange|Poison\/Fairy|[silent]
|
|-heal|p2a: Foxfire|99\/100|[from] move: Wish|[wisher] Cattail
|-heal|p2a: Foxfire|100\/100|[from] item: Black Sludge
|upkeep
|turn|35
|
|t:|1657604028
|switch|p2a: Cattail|Vaporeon, F|47\/100
|move|p1a: Pixie Chick|Draining Kiss|p2a: Cattail
|-damage|p2a: Cattail|34\/100
|-heal|p1a: Pixie Chick|86\/100|[from] drain|[of] p2a: Cattail
|
|-heal|p2a: Cattail|40\/100|[from] item: Leftovers
|upkeep
|turn|36
|
|t:|1657604037
|move|p1a: Pixie Chick|Dazzling Gleam|p2a: Cattail
|-damage|p2a: Cattail|17\/100
|move|p2a: Cattail|Wish|p2a: Cattail
|
|-heal|p2a: Cattail|23\/100|[from] item: Leftovers
|upkeep
|turn|37
|
|t:|1657604043
|move|p2a: Cattail|Protect|p2a: Cattail
|-singleturn|p2a: Cattail|Protect
|move|p1a: Pixie Chick|Dazzling Gleam|p2a: Cattail
|-activate|p2a: Cattail|move: Protect
|
|-heal|p2a: Cattail|73\/100|[from] move: Wish|[wisher] Cattail
|-heal|p2a: Cattail|79\/100|[from] item: Leftovers
|upkeep
|turn|38
|
|t:|1657604049
|move|p1a: Pixie Chick|Draining Kiss|p2a: Cattail
|-damage|p2a: Cattail|66\/100
|-heal|p1a: Pixie Chick|100\/100|[from] drain|[of] p2a: Cattail
|move|p2a: Cattail|Wish|p2a: Cattail
|
|-heal|p2a: Cattail|72\/100|[from] item: Leftovers
|upkeep
|turn|39
|c|☆H2OPulse|we are both just chilling here
|c|☆KeroseneZanchu|one more than the other
|c|~inkbug1|i am extremely not looking forward to when hematite tries out adourami
|c|☆H2OPulse|well you could have been chilling more but you used Heal Bell--
|j|+Gekokeso
|c|☆KeroseneZanchu|hema i am going to strangle you
|c|☆H2OPulse|<3
|
|t:|1657604108
|switch|p1a: Chick Magnet|Boomblare, M|76\/100
|-start|p1a: Chick Magnet|typechange|Normal\/Electric|[silent]
|move|p2a: Cattail|Flip Turn|p1a: Chick Magnet
|-damage|p1a: Chick Magnet|58\/100
|c|+Gekokeso|kero don't auto lose to a bulky water challenge
|c|+Gekokeso|(impossible)
|
|t:|1657604127
|switch|p2a: Froelichia|Orbeetle-Variant, M|47\/100|[from]move: Flip Turn
|-start|p2a: Froelichia|typechange|Bug\/Electric|[silent]
|-item|p1a: Chick Magnet|Magnet|[from] ability: Frisk|[of] p2a: Froelichia|[identify]
|
|-heal|p2a: Froelichia|100\/100|[from] move: Wish|[wisher] Cattail
|upkeep
|turn|40
|c|☆KeroseneZanchu|not even
|c|☆H2OPulse|:eyes: waaaait a sec
|c|☆H2OPulse|Starly is down--
|c|☆KeroseneZanchu|don't autolose to a bulky water when there's lightningrod on the enemy team
|c|☆KeroseneZanchu|is more apt
|c|☆KeroseneZanchu|aka
|c|~inkbug1|i dont think hes running lightningrod but i cant prove it
|c|☆KeroseneZanchu|never forsake the fwg core despite grass being the worst type in the meta
|c|☆KeroseneZanchu|doesn't matter, he's still a ground type
|c|☆H2OPulse|(Oh I am Lightning Rod)
|c|☆KeroseneZanchu|lightningrod just makes it worse
|c|~inkbug1|fair ok
|c|☆KeroseneZanchu|because boosted boltbeam
|
|t:|1657604205
|move|p2a: Froelichia|Sticky Web|p1a: Chick Magnet
|-sidestart|p1: KeroseneZanchu|move: Sticky Web
|move|p1a: Chick Magnet|Boomburst|p2a: Froelichia
|-damage|p2a: Froelichia|2\/100
|-ability|p1a: Chick Magnet|Blowout
|-ability|p2a: Froelichia|Soundproof
|-message|Froelichia lost its hearing!
|
|upkeep
|turn|41
|
|t:|1657604214
|move|p2a: Froelichia|Recover|p2a: Froelichia
|-heal|p2a: Froelichia|52\/100
|move|p1a: Chick Magnet|Volt Switch|p2a: Froelichia
|-resisted|p2a: Froelichia
|-damage|p2a: Froelichia|31\/100
|
|t:|1657604221
|switch|p1a: Water Fowl|Bafflack, M|100\/100|[from]move: Volt Switch
|-start|p1a: Water Fowl|typechange|Water|[silent]
|-activate|p1a: Water Fowl|move: Sticky Web
|-unboost|p1a: Water Fowl|spe|1
|
|upkeep
|turn|42
|c|☆H2OPulse|I did just remember that was demonstrated to be a roll last time so I am very lucky
|
|t:|1657604231
|move|p1a: Water Fowl|Aqua Jet|p2a: Froelichia
|-damage|p2a: Froelichia|0 fnt
|faint|p2a: Froelichia
|
|upkeep
|c|☆KeroseneZanchu|as always :P
|c|☆H2OPulse|Okay it didn't matter
|c|☆H2OPulse|PF yeah--
|c|~inkbug1|oomg
|
|t:|1657604248
|switch|p2a: Cattail|Vaporeon, F|72\/100
|turn|43
|c|~inkbug1|yeah that WAS you i fought in tht match-
|
|t:|1657604257
|move|p1a: Water Fowl|Ice Punch|p2a: Cattail
|-resisted|p2a: Cattail
|-damage|p2a: Cattail|53\/100
|move|p2a: Cattail|Toxic|p1a: Water Fowl|[miss]
|-miss|p2a: Cattail|p1a: Water Fowl
|
|-heal|p2a: Cattail|59\/100|[from] item: Leftovers
|upkeep
|turn|44
|
|t:|1657604266
|move|p1a: Water Fowl|Ice Punch|p2a: Cattail
|-resisted|p2a: Cattail
|-damage|p2a: Cattail|39\/100
|move|p2a: Cattail|Toxic|p1a: Water Fowl
|-status|p1a: Water Fowl|tox
|
|-heal|p2a: Cattail|45\/100|[from] item: Leftovers
|-damage|p1a: Water Fowl|95\/100 tox|[from] psn
|upkeep
|turn|45
|
|t:|1657604284
|move|p1a: Water Fowl|Ice Punch|p2a: Cattail
|-resisted|p2a: Cattail
|-damage|p2a: Cattail|25\/100
|move|p2a: Cattail|Wish|p2a: Cattail
|
|-heal|p2a: Cattail|31\/100|[from] item: Leftovers
|-damage|p1a: Water Fowl|83\/100 tox|[from] psn
|upkeep
|turn|46
|
|t:|1657604292
|switch|p1a: Chick Magnet|Boomblare, M|58\/100
|-start|p1a: Chick Magnet|typechange|Normal\/Electric|[silent]
|-activate|p1a: Chick Magnet|move: Sticky Web
|-unboost|p1a: Chick Magnet|spe|1
|move|p2a: Cattail|Protect||[still]
|-fail|p2a: Cattail
|
|-heal|p2a: Cattail|81\/100|[from] move: Wish|[wisher] Cattail
|-heal|p2a: Cattail|87\/100|[from] item: Leftovers
|upkeep
|turn|47
|c|~inkbug1|kero this is when youre supposed to reveal focus punch -
|c|☆H2OPulse|PF
|
|t:|1657604304
|switch|p2a: Zantedeschia|Resurrectric, M|84\/100
|-start|p2a: Zantedeschia|typechange|Ground\/Electric|[silent]
|move|p1a: Chick Magnet|Boomburst|p2a: Zantedeschia
|-damage|p2a: Zantedeschia|28\/100
|-ability|p1a: Chick Magnet|Blowout
|-ability|p2a: Zantedeschia|Soundproof
|-message|Zantedeschia lost its hearing!
|
|upkeep
|turn|48
|
|t:|1657604330
|switch|p1a: Silky Allen|Aleon, M|29\/100
|-activate|p1a: Silky Allen|move: Sticky Web
|-unboost|p1a: Silky Allen|spe|1
|-start|p1a: Silky Allen|typechange|Normal|[silent]
|move|p2a: Zantedeschia|Earth Power|p1a: Silky Allen
|-damage|p1a: Silky Allen|0 fnt
|faint|p1a: Silky Allen
|
|upkeep
|
|t:|1657604338
|switch|p1a: Water Fowl|Bafflack, M|83\/100 tox
|-start|p1a: Water Fowl|typechange|Water|[silent]
|-activate|p1a: Water Fowl|move: Sticky Web
|-unboost|p1a: Water Fowl|spe|1
|turn|49
|
|t:|1657604343
|switch|p2a: Cattail|Vaporeon, F|87\/100
|move|p1a: Water Fowl|Ice Punch|p2a: Cattail
|-resisted|p2a: Cattail
|-damage|p2a: Cattail|68\/100
|
|-heal|p2a: Cattail|74\/100|[from] item: Leftovers
|-damage|p1a: Water Fowl|77\/100 tox|[from] psn
|upkeep
|turn|50
|
|t:|1657604359
|move|p1a: Water Fowl|Ice Punch|p2a: Cattail
|-resisted|p2a: Cattail
|-damage|p2a: Cattail|55\/100
|move|p2a: Cattail|Wish|p2a: Cattail
|
|-heal|p2a: Cattail|61\/100|[from] item: Leftovers
|-damage|p1a: Water Fowl|65\/100 tox|[from] psn
|upkeep
|turn|51
|c|☆H2OPulse|you will get the freeze eventually
|
|t:|1657604369
|switch|p1a: Chick Magnet|Boomblare, M|58\/100
|-activate|p1a: Chick Magnet|move: Sticky Web
|-unboost|p1a: Chick Magnet|spe|1
|-start|p1a: Chick Magnet|typechange|Normal\/Electric|[silent]
|move|p2a: Cattail|Flip Turn|p1a: Chick Magnet
|-damage|p1a: Chick Magnet|40\/100
|
|t:|1657604371
|switch|p2a: Zantedeschia|Resurrectric, M|28\/100|[from]move: Flip Turn
|-start|p2a: Zantedeschia|typechange|Ground\/Electric|[silent]
|
|-heal|p2a: Zantedeschia|91\/100|[from] move: Wish|[wisher] Cattail
|upkeep
|turn|52
|c|~inkbug1|i believe
|
|t:|1657604380
|switch|p1a: Pixie Chick|Adourami, F|100\/100
|-activate|p1a: Pixie Chick|move: Sticky Web
|-unboost|p1a: Pixie Chick|spe|1
|-start|p1a: Pixie Chick|typechange|Water\/Fairy|[silent]
|move|p2a: Zantedeschia|Earth Power|p1a: Pixie Chick
|-damage|p1a: Pixie Chick|44\/100
|
|upkeep
|turn|53
|
|t:|1657604391
|switch|p2a: Cattail|Vaporeon, F|61\/100
|move|p1a: Pixie Chick|Substitute|p1a: Pixie Chick
|-start|p1a: Pixie Chick|Substitute
|-damage|p1a: Pixie Chick|19\/100
|
|-heal|p2a: Cattail|67\/100|[from] item: Leftovers
|upkeep
|turn|54
|
|t:|1657604408
|move|p1a: Pixie Chick|Draining Kiss|p2a: Cattail
|-crit|p2a: Cattail
|-damage|p2a: Cattail|46\/100
|-heal|p1a: Pixie Chick|47\/100|[from] drain|[of] p2a: Cattail
|move|p2a: Cattail|Wish|p2a: Cattail
|
|-heal|p2a: Cattail|52\/100|[from] item: Leftovers
|upkeep
|turn|55
|
|t:|1657604416
|move|p1a: Pixie Chick|Draining Kiss|p2a: Cattail
|-damage|p2a: Cattail|37\/100
|-heal|p1a: Pixie Chick|66\/100|[from] drain|[of] p2a: Cattail
|move|p2a: Cattail|Flip Turn|p1a: Pixie Chick
|-resisted|p1a: Pixie Chick
|-activate|p1a: Pixie Chick|move: Substitute|[damage]
|
|t:|1657604418
|switch|p2a: Mango|Noivern-Variant, M|38\/100|[from]move: Flip Turn
|-start|p2a: Mango|typechange|Fighting\/Dragon|[silent]
|
|-heal|p2a: Mango|100\/100|[from] move: Wish|[wisher] Cattail
|upkeep
|turn|56
|
|t:|1657604429
|switch|p2a: Cattail|Vaporeon, F|37\/100
|move|p1a: Pixie Chick|Dazzling Gleam|p2a: Cattail
|-damage|p2a: Cattail|15\/100
|
|-heal|p2a: Cattail|21\/100|[from] item: Leftovers
|upkeep
|turn|57
|
|t:|1657604437
|move|p2a: Cattail|Protect|p2a: Cattail
|-singleturn|p2a: Cattail|Protect
|move|p1a: Pixie Chick|Dazzling Gleam|p2a: Cattail
|-activate|p2a: Cattail|move: Protect
|
|-heal|p2a: Cattail|27\/100|[from] item: Leftovers
|upkeep
|turn|58
|
|t:|1657604439
|move|p1a: Pixie Chick|Dazzling Gleam|p2a: Cattail
|-damage|p2a: Cattail|4\/100
|move|p2a: Cattail|Wish|p2a: Cattail
|
|-heal|p2a: Cattail|10\/100|[from] item: Leftovers
|upkeep
|turn|59
|c|☆H2OPulse|I am taking too many risks I think
|
|t:|1657604459
|switch|p1a: Chick Magnet|Boomblare, M|40\/100
|-activate|p1a: Chick Magnet|move: Sticky Web
|-unboost|p1a: Chick Magnet|spe|1
|-start|p1a: Chick Magnet|typechange|Normal\/Electric|[silent]
|move|p2a: Cattail|Protect||[still]
|-fail|p2a: Cattail
|
|-heal|p2a: Cattail|60\/100|[from] move: Wish|[wisher] Cattail
|-heal|p2a: Cattail|66\/100|[from] item: Leftovers
|upkeep
|turn|60
|
|t:|1657604467
|move|p2a: Cattail|Protect|p2a: Cattail
|-singleturn|p2a: Cattail|Protect
|move|p1a: Chick Magnet|Boomburst|p2a: Cattail
|-activate|p2a: Cattail|move: Protect
|
|-heal|p2a: Cattail|72\/100|[from] item: Leftovers
|upkeep
|turn|61
|
|t:|1657604474
|switch|p2a: Zantedeschia|Resurrectric, M|91\/100
|-start|p2a: Zantedeschia|typechange|Ground\/Electric|[silent]
|move|p1a: Chick Magnet|Boomburst|p2a: Zantedeschia
|-damage|p2a: Zantedeschia|40\/100
|-ability|p1a: Chick Magnet|Blowout
|-ability|p2a: Zantedeschia|Soundproof
|-message|Zantedeschia lost its hearing!
|
|upkeep
|turn|62
|
|t:|1657604493
|switch|p1a: Pixie Chick|Adourami, F|66\/100
|-start|p1a: Pixie Chick|typechange|Water\/Fairy|[silent]
|-activate|p1a: Pixie Chick|move: Sticky Web
|-unboost|p1a: Pixie Chick|spe|1
|move|p2a: Zantedeschia|Discharge|p1a: Pixie Chick
|-supereffective|p1a: Pixie Chick
|-damage|p1a: Pixie Chick|0 fnt
|faint|p1a: Pixie Chick
|
|upkeep
|
|t:|1657604500
|switch|p1a: Water Fowl|Bafflack, M|65\/100 tox
|-start|p1a: Water Fowl|typechange|Water|[silent]
|-activate|p1a: Water Fowl|move: Sticky Web
|-unboost|p1a: Water Fowl|spe|1
|turn|63
|
|t:|1657604514
|switch|p2a: Cattail|Vaporeon, F|72\/100
|move|p1a: Water Fowl|Ice Punch|p2a: Cattail
|-resisted|p2a: Cattail
|-damage|p2a: Cattail|54\/100
|
|-heal|p2a: Cattail|60\/100|[from] item: Leftovers
|-damage|p1a: Water Fowl|59\/100 tox|[from] psn
|upkeep
|turn|64
|
|t:|1657604521
|move|p1a: Water Fowl|Ice Punch|p2a: Cattail
|-resisted|p2a: Cattail
|-damage|p2a: Cattail|41\/100
|move|p2a: Cattail|Wish|p2a: Cattail
|
|-heal|p2a: Cattail|47\/100|[from] item: Leftovers
|-damage|p1a: Water Fowl|47\/100 tox|[from] psn
|upkeep
|turn|65
|
|t:|1657604532
|move|p1a: Water Fowl|Ice Punch|p2a: Cattail
|-resisted|p2a: Cattail
|-crit|p2a: Cattail
|-damage|p2a: Cattail|17\/100
|move|p2a: Cattail|Flip Turn|p1a: Water Fowl
|-resisted|p1a: Water Fowl
|-damage|p1a: Water Fowl|17\/100 tox
|
|t:|1657604535
|switch|p2a: Zantedeschia|Resurrectric, M|40\/100|[from]move: Flip Turn
|-start|p2a: Zantedeschia|typechange|Ground\/Electric|[silent]
|
|-heal|p2a: Zantedeschia|100\/100|[from] move: Wish|[wisher] Cattail
|-damage|p1a: Water Fowl|0 fnt|[from] psn
|faint|p1a: Water Fowl
|upkeep
|c|☆H2OPulse|you got the crit before a freeze I'm so sorry
|c|☆KeroseneZanchu|gg
|
|t:|1657604551
|switch|p1a: Chick Magnet|Boomblare, M|40\/100
|-start|p1a: Chick Magnet|typechange|Normal\/Electric|[silent]
|-activate|p1a: Chick Magnet|move: Sticky Web
|-unboost|p1a: Chick Magnet|spe|1
|turn|66
|c|☆H2OPulse|Good game!!!
|
|t:|1657604558
|move|p1a: Chick Magnet|Boomburst|p2a: Zantedeschia
|-damage|p2a: Zantedeschia|43\/100
|-ability|p1a: Chick Magnet|Blowout
|-ability|p2a: Zantedeschia|Soundproof
|-message|Zantedeschia lost its hearing!
|move|p2a: Zantedeschia|Earth Power|p1a: Chick Magnet
|-supereffective|p1a: Chick Magnet
|-damage|p1a: Chick Magnet|0 fnt
|faint|p1a: Chick Magnet
|
|win|H2OPulse</script>
</div>
<div class="battle-log battle-log-inline"><div class="inner"><div class="battle-options"><div style="padding-top: 3px; padding-right: 3px; text-align: right"><button class="icon button" name="openBattleOptions" title="Options">Battle Options</button></div></div><div class="inner message-log"><div class="chat"><small>☆KeroseneZanchu and ☆H2OPulse joined</small></div><div class=""><small>Format:</small> <br><strong>[Gen 8] Evolution Project</strong></div><div class=""><small><em>HP Percentage Mod:</em> HP is shown in percentages</small></div><div class=""><small><em>Endless Battle Clause:</em> Forcing endless battles is banned</small></div><div class=""><small><em>OHKO Clause:</em> OHKO moves are banned</small></div><div class=""><small><em>Evasion Moves Clause:</em> Evasion moves are banned</small></div><div class=""><small><em>Species Clause:</em> Limit one of each Pokémon</small></div><div class=""><small><em>Dynamax Clause:</em> You cannot dynamax</small></div><div class=""><small><em>Sleep Clause Mod:</em> Limit one foe put to sleep</small></div><div class=""><small><em>Z-Move Clause:</em> Type-based Z-Moves are banned</small></div><div class="chat battle-history"><strong>KeroseneZanchu's team:</strong> <em style="color:#445566;display:block;">Aleon / Naganadel-Terrestrial / Starly-Crown / Adourami / Boomblare / Bafflack</em></div><div class="chat battle-history"><strong>H2OPulse's team:</strong> <em style="color:#445566;display:block;">Orbeetle-Variant / Shiinotic-Kalos / Polteageist-Cold-Brew / Vaporeon / Noivern-Variant / Resurrectric</em></div><div class="chat"><small>~inkbug1 joined</small></div><div class="chat chatmessage-h2opulse"><strong style="color:#6e8c2b"><small>☆</small><span class="username" data-name="H2OPulse">H2OPulse</span>:</strong> <em>Good luck and have fun!!!</em></div><div class="chat chatmessage-inkbug1 mine"><strong style="color:#e46e0f"><small>~</small><span class="username" data-name="inkbug1">inkbug1</span>:</strong> <em>A CREATURE</em></div><div class="chat chatmessage-kerosenezanchu"><strong style="color:#4094b0"><small>☆</small><span class="username" data-name="KeroseneZanchu">KeroseneZanchu</span>:</strong> <em>glhf</em></div><div class="chat chatmessage-inkbug1 mine"><strong style="color:#e46e0f"><small>~</small><span class="username" data-name="inkbug1">inkbug1</span>:</strong> <em>good lord </em></div><div class="spacer battle-history"><br></div><div class="battle-history">Battle started between KeroseneZanchu and H2OPulse!<br></div><div class="spacer battle-history"><br></div><div class="battle-history">Go! Little Silver Man (<strong>Naganadel-Terrestrial</strong>)!<br></div><div class="spacer battle-history"><br></div><div class="battle-history">H2OPulse sent out Froelichia (<strong>Orbeetle-Variant</strong>)!<br></div><div class="chat"><ul class="utilichart"><li class="result"><span class="col pokemonnamecol" style="white-space: nowrap">Orbeetle-Variant</span> <span class="col typecol"><img src="https://dragonheaven.herokuapp.com/sprites/types/Bug.png" alt="Bug" height="14" width="32"><img src="https://dragonheaven.herokuapp.com/sprites/types/Electric.png" alt="Electric" height="14" width="32"></span> <span style="float: left ; min-height: 26px"><span class="col abilitycol">Swarm / Frisk / Cotton Down</span><span class="col abilitycol"></span></span></li><li style="clear: both"></li></ul></div><div class="chat"><ul class="utilichart"><li class="result"><span style="float: left ; min-height: 26px"><span class="col statcol"><em>HP</em><br>60</span> <span class="col statcol"><em>Atk</em><br>45</span> <span class="col statcol"><em>Def</em><br>110</span> <span class="col statcol"><em>SpA</em><br>120</span> <span class="col statcol"><em>SpD</em><br>80</span> <span class="col statcol"><em>Spe</em><br>90</span> </span></li><li style="clear: both"></li></ul></div><div class="battle-history"><small>(Orbeetle-Variant was created by Magmajudis!)</small><br></div><div class="battle-history">[The opposing Froelichia's Frisk]<br><small>The opposing Froelichia frisked Little Silver Man and found its Silver Powder!</small><br></div><div class="chat"><ul class="utilichart"><li class="result"><span class="col pokemonnamecol" style="white-space: nowrap">Naganadel-Terrestrial</span> <span class="col typecol"><img src="https://dragonheaven.herokuapp.com/sprites/types/Bug.png" alt="Bug" height="14" width="32"><img src="https://dragonheaven.herokuapp.com/sprites/types/Dragon.png" alt="Dragon" height="14" width="32"></span> <span style="float: left ; min-height: 26px"><span class="col abilitycol">Regenerator / Beast Boost</span><span class="col abilitycol"></span></span></li><li style="clear: both"></li></ul></div><div class="chat"><ul class="utilichart"><li class="result"><span style="float: left ; min-height: 26px"><span class="col statcol"><em>HP</em><br>73</span> <span class="col statcol"><em>Atk</em><br>127</span> <span class="col statcol"><em>Def</em><br>73</span> <span class="col statcol"><em>SpA</em><br>127</span> <span class="col statcol"><em>SpD</em><br>73</span> <span class="col statcol"><em>Spe</em><br>67</span> </span></li><li style="clear: both"></li></ul></div><div class="battle-history"><small>(Naganadel-Terrestrial was created by KeroseneZanchu!)</small><br></div><div class="spacer battle-history"><br></div><h2 class="battle-history">Turn 1</h2><div class="spacer battle-history"><br></div><div class="battle-history">The opposing Froelichia used <strong>Sticky Web</strong>!<br></div><div class="battle-history"><small>A sticky web has been laid out on the ground around your team!</small><br></div><div class="spacer battle-history"><br></div><div class="battle-history">Little Silver Man used <strong>Draco Meteor</strong>!<br></div><div class="battle-history"><small>(The opposing Froelichia lost 68% of its health!)</small><br></div><div class="battle-history"><small>Little Silver Man's Sp. Atk fell harshly!</small><br></div><div class="spacer battle-history"><br></div><h2 class="battle-history">Turn 2</h2><div class="chat chatmessage-h2opulse"><strong style="color:#6e8c2b"><small>☆</small><span class="username" data-name="H2OPulse">H2OPulse</span>:</strong> <em>Ow fair</em></div><div class="spacer battle-history"><br></div><div class="battle-history">The opposing Froelichia used <strong>Recover</strong>!<br></div><div class="battle-history"><small>The opposing Froelichia had its HP restored.</small><br></div><div class="spacer battle-history"><br></div><div class="battle-history">Little Silver Man used <strong>Fell Stinger</strong>!<br></div><div class="battle-history"><small>(The opposing Froelichia lost 26% of its health!)</small><br></div><div class="spacer battle-history"><br></div><h2 class="battle-history">Turn 3</h2><div class="chat chatmessage-inkbug1 mine"><strong style="color:#e46e0f"><small>~</small><span class="username" data-name="inkbug1">inkbug1</span>:</strong> <em>for some reason my brain keeps assuming orbeetle-v is the eterrain setter i think bc i associate it with mega vikavolt but didnt.. i dont think mega vikavolt ever had voltage i just run it in terrain- </em></div><div class="chat chatmessage-inkbug1 mine"><strong style="color:#e46e0f"><small>~</small><span class="username" data-name="inkbug1">inkbug1</span>:</strong> <em>ever had surge* </em></div><div class="chat chatmessage-h2opulse"><strong style="color:#6e8c2b"><small>☆</small><span class="username" data-name="H2OPulse">H2OPulse</span>:</strong> <em>Adkjhg fair--</em></div><div class="spacer battle-history"><br></div><div class="battle-history">The opposing Froelichia used <strong>Recover</strong>!<br></div><div class="battle-history"><small>The opposing Froelichia had its HP restored.</small><br></div><div class="spacer battle-history"><br></div><div class="battle-history">Little Silver Man used <strong>U-turn</strong>!<br></div><div class="battle-history"><small>(The opposing Froelichia lost 36% of its health!)</small><br></div><div class="spacer battle-history"><br></div><div class="battle-history">Little Silver Man went back to KeroseneZanchu!<br></div><div class="battle-history">Go! Kings and Queens (<strong>Starly-Crown</strong>)!<br></div><div class="chat"><ul class="utilichart"><li class="result"><span class="col pokemonnamecol" style="white-space: nowrap">Starly-Crown</span> <span class="col typecol"><img src="https://dragonheaven.herokuapp.com/sprites/types/Normal.png" alt="Normal" height="14" width="32"><img src="https://dragonheaven.herokuapp.com/sprites/types/Flying.png" alt="Flying" height="14" width="32"></span> <span style="float: left ; min-height: 26px"><span class="col abilitycol">Murmuration</span><span class="col abilitycol"></span></span></li><li style="clear: both"></li></ul></div><div class="chat"><ul class="utilichart"><li class="result"><span style="float: left ; min-height: 26px"><span class="col statcol"><em>HP</em><br>40</span> <span class="col statcol"><em>Atk</em><br>55</span> <span class="col statcol"><em>Def</em><br>30</span> <span class="col statcol"><em>SpA</em><br>30</span> <span class="col statcol"><em>SpD</em><br>30</span> <span class="col statcol"><em>Spe</em><br>60</span> </span></li><li style="clear: both"></li></ul></div><div class="battle-history"><small>(Starly-Crown was created by KeroseneZanchu!)</small><br></div><div class="battle-history">[Kings and Queens's Murmuration]<br></div><div class="battle-history"><small>Kings and Queens changed to Cloud Form!</small><br></div><div class="chat"><ul class="utilichart"><li class="result"><span class="col pokemonnamecol" style="white-space: nowrap">Starly-Crown-Cloud</span> <span class="col typecol"><img src="https://dragonheaven.herokuapp.com/sprites/types/Normal.png" alt="Normal" height="14" width="32"><img src="https://dragonheaven.herokuapp.com/sprites/types/Flying.png" alt="Flying" height="14" width="32"></span> <span style="float: left ; min-height: 26px"><span class="col abilitycol">Murmuration</span><span class="col abilitycol"></span></span><span style="float: left ; min-height: 26px"><span class="col statcol"><em>HP</em><br>40</span> <span class="col statcol"><em>Atk</em><br>120</span> <span class="col statcol"><em>Def</em><br>170</span> <span class="col statcol"><em>SpA</em><br>50</span> <span class="col statcol"><em>SpD</em><br>161</span> <span class="col statcol"><em>Spe</em><br>100</span> </span></li><li style="clear: both"></li></ul></div><div class="spacer battle-history"><br></div><h2 class="battle-history">Turn 4</h2><div class="spacer battle-history"><br></div><div class="battle-history">The opposing Froelichia used <strong>Electro Ball</strong>!<br></div><div class="battle-history"><small>It's super effective!</small><br></div><div class="battle-history"><small>(Kings and Queens lost 32% of its health!)</small><br></div><div class="spacer battle-history"><br></div><div class="battle-history">Kings and Queens used <strong>Rapid Spin</strong>!<br></div><div class="battle-history"><small>(The opposing Froelichia lost 20% of its health!)</small><br></div><div class="battle-history"><small>Kings and Queens's Speed rose!</small><br></div><div class="battle-history"><small>The sticky web has disappeared from the ground around your team!</small><br></div><div class="spacer battle-history"><br></div><h2 class="battle-history">Turn 5</h2><div class="chat chatmessage-inkbug1 mine"><strong style="color:#e46e0f"><small>~</small><span class="username" data-name="inkbug1">inkbug1</span>:</strong> <em>and i was really confused why you had </em></div><div class="chat chatmessage-inkbug1 mine"><strong style="color:#e46e0f"><small>~</small><span class="username" data-name="inkbug1">inkbug1</span>:</strong> <em>shiinotic on a terrain team </em></div><div class="spacer battle-history"><br></div><div class="battle-history">Kings and Queens used <strong>Roost</strong>!<br></div><div class="battle-history"><small>Kings and Queens had its HP restored.</small><br></div><div class="battle-history"><small>(Kings and Queens loses Flying type this turn.)</small><br></div><div class="spacer battle-history"><br></div><div class="battle-history">The opposing Froelichia used <strong>Recover</strong>!<br></div><div class="battle-history"><small>The opposing Froelichia had its HP restored.</small><br></div><div class="spacer battle-history"><br></div><h2 class="battle-history">Turn 6</h2><div class="chat chatmessage-h2opulse"><strong style="color:#6e8c2b"><small>☆</small><span class="username" data-name="H2OPulse">H2OPulse</span>:</strong> <em>Pff fair</em></div><div class="spacer battle-history"><br></div><div class="battle-history">Kings and Queens used <strong>Flurry</strong>!<br></div><div class="battle-history"><small>Kings and Queens called for help!</small><br></div><div class="spacer battle-history"><br></div><div class="battle-history">The opposing Froelichia used <strong>U-turn</strong>!<br></div><div class="battle-history"><small>It's not very effective...</small><br></div><div class="battle-history"><small>(Kings and Queens lost 4% of its health!)</small><br></div><div class="spacer battle-history"><br></div><div class="battle-history">The opposing Froelichia went back to H2OPulse!<br></div><div class="battle-history">H2OPulse sent out Mango (<strong>Noivern-Variant</strong>)!<br></div><div class="chat"><ul class="utilichart"><li class="result"><span class="col pokemonnamecol" style="white-space: nowrap">Noivern-Variant</span> <span class="col typecol"><img src="https://dragonheaven.herokuapp.com/sprites/types/Fighting.png" alt="Fighting" height="14" width="32"><img src="https://dragonheaven.herokuapp.com/sprites/types/Dragon.png" alt="Dragon" height="14" width="32"></span> <span style="float: left ; min-height: 26px"><span class="col abilitycol">Levitate</span><span class="col abilitycol"></span></span></li><li style="clear: both"></li></ul></div><div class="chat"><ul class="utilichart"><li class="result"><span style="float: left ; min-height: 26px"><span class="col statcol"><em>HP</em><br>95</span> <span class="col statcol"><em>Atk</em><br>70</span> <span class="col statcol"><em>Def</em><br>80</span> <span class="col statcol"><em>SpA</em><br>97</span> <span class="col statcol"><em>SpD</em><br>80</span> <span class="col statcol"><em>Spe</em><br>113</span> </span></li><li style="clear: both"></li></ul></div><div class="battle-history"><small>(Noivern-Variant was created by Hematite!)</small><br></div><div class="spacer battle-history"><br></div><div class="battle-history"><small>Mango is being swarmed by a flurry of Starly!</small><br></div><div class="battle-history"><small>It's super effective!</small><br></div><div class="battle-history"><small>(The opposing Mango lost 23% of its health!)</small><br></div><div class="spacer battle-history"><br></div><h2 class="battle-history">Turn 7</h2><div class="spacer battle-history"><br></div><div class="battle-history">The opposing Mango used <strong>Draco Meteor</strong>!<br></div><div class="battle-history"><small>A critical hit!</small><br></div><div class="battle-history"><small>(Kings and Queens lost 66% of its health!)</small><br></div><div class="battle-history"><small>The opposing Mango's Sp. Atk fell harshly!</small><br></div><div class="battle-history"><small>The opposing Mango lost some of its HP!</small><br></div><div class="spacer battle-history"><br></div><div class="battle-history">Kings and Queens used <strong>Rapid Spin</strong>!<br></div><div class="battle-history"><small>(The opposing Mango lost 23% of its health!)</small><br></div><div class="battle-history"><small>Kings and Queens's Speed rose!</small><br></div><div class="spacer battle-history"><br></div><div class="battle-history"><small>Mango is being swarmed by a flurry of Starly!</small><br></div><div class="battle-history"><small>It's super effective!</small><br></div><div class="battle-history"><small>(The opposing Mango lost 25% of its health!)</small><br></div><div class="spacer battle-history"><br></div><h2 class="battle-history">Turn 8</h2><div class="chat chatmessage-inkbug1 mine"><strong style="color:#e46e0f"><small>~</small><span class="username" data-name="inkbug1">inkbug1</span>:</strong> <em>physical chip damage like this is like extremely funny in this meta given some of our previous prompts</em></div><div class="chat chatmessage-h2opulse"><strong style="color:#6e8c2b"><small>☆</small><span class="username" data-name="H2OPulse">H2OPulse</span>:</strong> <em>MMSGH SORRY</em></div><div class="spacer battle-history"><br></div><div class="battle-history">H2OPulse withdrew Mango!<br></div><div class="battle-history">H2OPulse sent out Zantedeschia (<strong>Resurrectric</strong>)!<br></div><div class="chat"><ul class="utilichart"><li class="result"><span class="col pokemonnamecol" style="white-space: nowrap">Resurrectric</span> <span class="col typecol"><img src="https://dragonheaven.herokuapp.com/sprites/types/Ground.png" alt="Ground" height="14" width="32"><img src="https://dragonheaven.herokuapp.com/sprites/types/Electric.png" alt="Electric" height="14" width="32"></span> <span style="float: left ; min-height: 26px"><span class="col abilitycol">Inner Focus / Lightning Rod / Battle Armor</span><span class="col abilitycol"></span></span></li><li style="clear: both"></li></ul></div><div class="chat"><ul class="utilichart"><li class="result"><span style="float: left ; min-height: 26px"><span class="col statcol"><em>HP</em><br>80</span> <span class="col statcol"><em>Atk</em><br>60</span> <span class="col statcol"><em>Def</em><br>130</span> <span class="col statcol"><em>SpA</em><br>125</span> <span class="col statcol"><em>SpD</em><br>80</span> <span class="col statcol"><em>Spe</em><br>45</span> </span></li><li style="clear: both"></li></ul></div><div class="battle-history"><small>(Resurrectric was created by Hematite!)</small><br></div><div class="spacer battle-history"><br></div><div class="battle-history">Kings and Queens used <strong>Roost</strong>!<br></div><div class="battle-history"><small>Kings and Queens had its HP restored.</small><br></div><div class="battle-history"><small>(Kings and Queens loses Flying type this turn.)</small><br></div><div class="spacer battle-history"><br></div><div class="battle-history"><small>Zantedeschia is being swarmed by a flurry of Starly!</small><br></div><div class="battle-history"><small>It's not very effective...</small><br></div><div class="battle-history"><small>(The opposing Zantedeschia lost 2% of its health!)</small><br></div><div class="spacer battle-history"><br></div><h2 class="battle-history">Turn 9</h2><div class="chat chatmessage-inkbug1 mine"><strong style="color:#e46e0f"><small>~</small><span class="username" data-name="inkbug1">inkbug1</span>:</strong> <em>bc im jsut sitting here going "i wonder how much polteagiest/shiinotic would take from that-" </em></div><div class="chat chatmessage-h2opulse"><strong style="color:#6e8c2b"><small>☆</small><span class="username" data-name="H2OPulse">H2OPulse</span>:</strong> <em>P f f f yeah--</em></div><div class="spacer battle-history"><br></div><div class="battle-history">Kings and Queens used <strong>U-turn</strong>!<br></div><div class="battle-history"><small>(The opposing Zantedeschia lost 15% of its health!)</small><br></div><div class="spacer battle-history"><br></div><div class="battle-history">Kings and Queens went back to KeroseneZanchu!<br></div><div class="battle-history">Go! Little Silver Man (<strong>Naganadel-Terrestrial</strong>)!<br></div><div class="spacer battle-history"><br></div><div class="battle-history">The opposing Zantedeschia used <strong>Discharge</strong>!<br></div><div class="battle-history"><small>It's not very effective...</small><br></div><div class="battle-history"><small>(Little Silver Man lost 33% of its health!)</small><br></div><div class="spacer battle-history"><br></div><div class="battle-history"><small>Zantedeschia is being swarmed by a flurry of Starly!</small><br></div><div class="battle-history"><small>It's not very effective...</small><br></div><div class="battle-history"><small>(The opposing Zantedeschia lost 2% of its health!)</small><br></div><div class="spacer battle-history"><br></div><h2 class="battle-history">Turn 10</h2><div class="spacer battle-history"><br></div><div class="battle-history">Little Silver Man used <strong>Draco Meteor</strong>!<br></div><div class="battle-history"><small>(The opposing Zantedeschia lost 43% of its health!)</small><br></div><div class="battle-history"><small>Little Silver Man's Sp. Atk fell harshly!</small><br></div><div class="spacer battle-history"><br></div><div class="battle-history">The opposing Zantedeschia used <strong>Ice Beam</strong>!<br></div><div class="battle-history"><small>It's super effective!</small><br></div><div class="battle-history"><small>(Little Silver Man lost 67% of its health!)</small><br></div><div class="spacer battle-history"><br></div><div class="battle-history">Little Silver Man fainted!<br></div><div class="spacer battle-history"><br></div><div class="battle-history"><small>Zantedeschia is being swarmed by a flurry of Starly!</small><br></div><div class="battle-history"><small>It's not very effective...</small><br></div><div class="battle-history"><small>(The opposing Zantedeschia lost 2% of its health!)</small><br></div><div class="chat chatmessage-kerosenezanchu"><strong style="color:#4094b0"><small>☆</small><span class="username" data-name="KeroseneZanchu">KeroseneZanchu</span>:</strong> <em>ow</em></div><div class="chat chatmessage-kerosenezanchu"><strong style="color:#4094b0"><small>☆</small><span class="username" data-name="KeroseneZanchu">KeroseneZanchu</span>:</strong> <em>right</em></div><div class="spacer battle-history"><br></div><div class="battle-history">Go! Water Fowl (<strong>Bafflack</strong>)!<br></div><div class="chat"><ul class="utilichart"><li class="result"><span class="col pokemonnamecol" style="white-space: nowrap">Bafflack</span> <span class="col typecol"><img src="https://dragonheaven.herokuapp.com/sprites/types/Water.png" alt="Water" height="14" width="32"></span> <span style="float: left ; min-height: 26px"><span class="col abilitycol">Psychic Surge / Cloud Nine / Pure Power</span><span class="col abilitycol"></span></span></li><li style="clear: both"></li></ul></div><div class="chat"><ul class="utilichart"><li class="result"><span style="float: left ; min-height: 26px"><span class="col statcol"><em>HP</em><br>80</span> <span class="col statcol"><em>Atk</em><br>69</span> <span class="col statcol"><em>Def</em><br>18</span> <span class="col statcol"><em>SpA</em><br>135</span> <span class="col statcol"><em>SpD</em><br>110</span> <span class="col statcol"><em>Spe</em><br>105</span> </span></li><li style="clear: both"></li></ul></div><div class="battle-history"><small>(Bafflack was created by KeroseneZanchu!)</small><br></div><div class="spacer battle-history"><br></div><h2 class="battle-history">Turn 11</h2><div class="spacer battle-history"><br></div><div class="battle-history">Water Fowl, come back!<br></div><div class="battle-history">Go! Chick Magnet (<strong>Boomblare</strong>)!<br></div><div class="chat"><ul class="utilichart"><li class="result"><span class="col pokemonnamecol" style="white-space: nowrap">Boomblare</span> <span class="col typecol"><img src="https://dragonheaven.herokuapp.com/sprites/types/Normal.png" alt="Normal" height="14" width="32"><img src="https://dragonheaven.herokuapp.com/sprites/types/Electric.png" alt="Electric" height="14" width="32"></span> <span style="float: left ; min-height: 26px"><span class="col abilitycol">Blowout</span><span class="col abilitycol"></span></span></li><li style="clear: both"></li></ul></div><div class="chat"><ul class="utilichart"><li class="result"><span style="float: left ; min-height: 26px"><span class="col statcol"><em>HP</em><br>104</span> <span class="col statcol"><em>Atk</em><br>116</span> <span class="col statcol"><em>Def</em><br>58</span> <span class="col statcol"><em>SpA</em><br>76</span> <span class="col statcol"><em>SpD</em><br>58</span> <span class="col statcol"><em>Spe</em><br>78</span> </span></li><li style="clear: both"></li></ul></div><div class="battle-history"><small>(Boomblare was created by ausma!)</small><br></div><div class="spacer battle-history"><br></div><div class="battle-history">H2OPulse withdrew Zantedeschia!<br></div><div class="battle-history">H2OPulse sent out Cattail (<strong>Vaporeon</strong>)!<br></div><div class="spacer battle-history"><br></div><h2 class="battle-history">Turn 12</h2><div class="spacer battle-history"><br></div><div class="battle-history">The opposing Cattail used <strong>Protect</strong>!<br></div><div class="battle-history"><small>The opposing Cattail protected itself!</small><br></div><div class="spacer battle-history"><br></div><div class="battle-history">Chick Magnet used <strong>Boomburst</strong>!<br></div><div class="battle-history"><small>The opposing Cattail protected itself!</small><br></div><div class="spacer battle-history"><br></div><h2 class="battle-history">Turn 13</h2><div class="spacer battle-history"><br></div><div class="battle-history">Chick Magnet, come back!<br></div><div class="battle-history">Go! Silky Allen (<strong>Aleon</strong>)!<br></div><div class="chat"><ul class="utilichart"><li class="result"><span class="col pokemonnamecol" style="white-space: nowrap">Aleon</span> <span class="col typecol"><img src="https://dragonheaven.herokuapp.com/sprites/types/Normal.png" alt="Normal" height="14" width="32"></span> <span style="float: left ; min-height: 26px"><span class="col abilitycol">Adaptability / Normalize / Beast Boost</span><span class="col abilitycol"></span></span></li><li style="clear: both"></li></ul></div><div class="chat"><ul class="utilichart"><li class="result"><span style="float: left ; min-height: 26px"><span class="col statcol"><em>HP</em><br>103</span> <span class="col statcol"><em>Atk</em><br>79</span> <span class="col statcol"><em>Def</em><br>53</span> <span class="col statcol"><em>SpA</em><br>89</span> <span class="col statcol"><em>SpD</em><br>67</span> <span class="col statcol"><em>Spe</em><br>134</span> </span></li><li style="clear: both"></li></ul></div><div class="battle-history"><small>(Aleon was created by inkbug!)</small><br></div><div class="spacer battle-history"><br></div><div class="battle-history">H2OPulse withdrew Cattail!<br></div><div class="battle-history">H2OPulse sent out Froelichia (<strong>Orbeetle-Variant</strong>)!<br></div><div class="battle-history">[The opposing Froelichia's Frisk]<br><small>The opposing Froelichia frisked Silky Allen and found its Silk Scarf!</small><br></div><div class="spacer battle-history"><br></div><h2 class="battle-history">Turn 14</h2><div class="spacer battle-history"><br></div><div class="battle-history">Silky Allen used <strong>Scald</strong>!<br></div><div class="battle-history"><small>(The opposing Froelichia lost 48% of its health!)</small><br></div><div class="spacer battle-history"><br></div><div class="battle-history">The opposing Froelichia used <strong>Sticky Web</strong>!<br></div><div class="battle-history"><small>A sticky web has been laid out on the ground around your team!</small><br></div><div class="spacer battle-history"><br></div><h2 class="battle-history">Turn 15</h2><div class="chat chatmessage-h2opulse"><strong style="color:#6e8c2b"><small>☆</small><span class="username" data-name="H2OPulse">H2OPulse</span>:</strong> <em>Oh that did a lot</em></div><div class="chat chatmessage-h2opulse"><strong style="color:#6e8c2b"><small>☆</small><span class="username" data-name="H2OPulse">H2OPulse</span>:</strong> <em>Who needs a Normal resist anyway--</em></div><div class="spacer battle-history"><br></div><div class="battle-history">H2OPulse withdrew Froelichia!<br></div><div class="battle-history">H2OPulse sent out Rubia (<strong>Polteageist-Cold-Brew</strong>)!<br></div><div class="chat"><ul class="utilichart"><li class="result"><span class="col pokemonnamecol" style="white-space: nowrap">Polteageist-Cold-Brew</span> <span class="col typecol"><img src="https://dragonheaven.herokuapp.com/sprites/types/Dark.png" alt="Dark" height="14" width="32"><img src="https://dragonheaven.herokuapp.com/sprites/types/Ice.png" alt="Ice" height="14" width="32"></span> <span style="float: left ; min-height: 26px"><span class="col abilitycol">Bulletproof / Insomnia</span><span class="col abilitycol"></span></span></li><li style="clear: both"></li></ul></div><div class="chat"><ul class="utilichart"><li class="result"><span style="float: left ; min-height: 26px"><span class="col statcol"><em>HP</em><br>80</span> <span class="col statcol"><em>Atk</em><br>65</span> <span class="col statcol"><em>Def</em><br>45</span> <span class="col statcol"><em>SpA</em><br>114</span> <span class="col statcol"><em>SpD</em><br>134</span> <span class="col statcol"><em>Spe</em><br>70</span> </span></li><li style="clear: both"></li></ul></div><div class="battle-history"><small>(Polteageist-Cold-Brew was created by Hematite!)</small><br></div><div class="spacer battle-history"><br></div><div class="battle-history">Silky Allen used <strong>Scald</strong>!<br></div><div class="battle-history"><small>(The opposing Rubia lost 28% of its health!)</small><br></div><div class="battle-history"><small>The opposing Rubia was burned!</small><br></div><div class="spacer battle-history"><br></div><div class="battle-history"><small>The opposing Rubia was hurt by its burn!</small><br></div><div class="spacer battle-history"><br></div><h2 class="battle-history">Turn 16</h2><div class="chat chatmessage-inkbug1 mine"><strong style="color:#e46e0f"><small>~</small><span class="username" data-name="inkbug1">inkbug1</span>:</strong> <em>*that stilll did a lot*( </em></div><div class="spacer battle-history"><br></div><div class="battle-history">Silky Allen used <strong>Volt Switch</strong>!<br></div><div class="battle-history"><small>(The opposing Rubia lost 28% of its health!)</small><br></div><div class="spacer battle-history"><br></div><div class="battle-history">Silky Allen went back to KeroseneZanchu!<br></div><div class="battle-history">Go! Pixie Chick (<strong>Adourami</strong>)!<br></div><div class="battle-history"><small>Pixie Chick was caught in a sticky web!</small><br></div><div class="battle-history"><small>Pixie Chick's Speed fell!</small><br></div><div class="chat"><ul class="utilichart"><li class="result"><span class="col pokemonnamecol" style="white-space: nowrap">Adourami</span> <span class="col typecol"><img src="https://dragonheaven.herokuapp.com/sprites/types/Water.png" alt="Water" height="14" width="32"><img src="https://dragonheaven.herokuapp.com/sprites/types/Fairy.png" alt="Fairy" height="14" width="32"></span> <span style="float: left ; min-height: 26px"><span class="col abilitycol">Swift Swim / Soul-Heart / Unburden</span><span class="col abilitycol"></span></span></li><li style="clear: both"></li></ul></div><div class="chat"><ul class="utilichart"><li class="result"><span style="float: left ; min-height: 26px"><span class="col statcol"><em>HP</em><br>63</span> <span class="col statcol"><em>Atk</em><br>30</span> <span class="col statcol"><em>Def</em><br>85</span> <span class="col statcol"><em>SpA</em><br>95</span> <span class="col statcol"><em>SpD</em><br>105</span> <span class="col statcol"><em>Spe</em><br>112</span> </span></li><li style="clear: both"></li></ul></div><div class="battle-history"><small>(Adourami was created by BlueRay!)</small><br></div><div class="spacer battle-history"><br></div><div class="battle-history">The opposing Rubia used <strong>Ice Beam</strong>!<br></div><div class="battle-history"><small>It's not very effective...</small><br></div><div class="battle-history"><small>(Pixie Chick lost 22% of its health!)</small><br></div><div class="battle-history"><small>Pixie Chick was frozen solid!</small><br></div><div class="spacer battle-history"><br></div><div class="battle-history"><small>The opposing Rubia was hurt by its burn!</small><br></div><div class="spacer battle-history"><br></div><h2 class="battle-history">Turn 17</h2><div class="chat chatmessage-h2opulse"><strong style="color:#6e8c2b"><small>☆</small><span class="username" data-name="H2OPulse">H2OPulse</span>:</strong> <em>MMSKJGH</em></div><div class="chat chatmessage-kerosenezanchu"><strong style="color:#4094b0"><small>☆</small><span class="username" data-name="KeroseneZanchu">KeroseneZanchu</span>:</strong> <em>AAGAIN</em></div><div class="chat chatmessage-inkbug1 mine"><strong style="color:#e46e0f"><small>~</small><span class="username" data-name="inkbug1">inkbug1</span>:</strong> <em>oh my god </em></div><div class="chat chatmessage-kerosenezanchu"><strong style="color:#4094b0"><small>☆</small><span class="username" data-name="KeroseneZanchu">KeroseneZanchu</span>:</strong> <em>HEMA</em></div><div class="spacer battle-history"><br></div><div class="battle-history">H2OPulse withdrew Rubia!<br></div><div class="battle-history">H2OPulse sent out Cattail (<strong>Vaporeon</strong>)!<br></div><div class="spacer battle-history"><br></div><div class="battle-history">Pixie Chick is frozen solid!<br></div><div class="spacer battle-history"><br></div><h2 class="battle-history">Turn 18</h2><div class="spacer battle-history"><br></div><div class="battle-history">Pixie Chick, come back!<br></div><div class="battle-history">Go! Kings and Queens (<strong>Starly-Crown</strong>)!<br></div><div class="battle-history">[Kings and Queens's Murmuration]<br></div><div class="battle-history"><small>Kings and Queens changed to Cloud Form!</small><br></div><div class="spacer battle-history"><br></div><div class="battle-history">The opposing Cattail used <strong>Wish</strong>!<br></div><div class="spacer battle-history"><br></div><h2 class="battle-history">Turn 19</h2><div class="spacer battle-history"><br></div><div class="battle-history">Kings and Queens used <strong>Rapid Spin</strong>!<br></div><div class="battle-history"><small>(The opposing Cattail lost 23% of its health!)</small><br></div><div class="battle-history"><small>Kings and Queens's Speed rose!</small><br></div><div class="battle-history"><small>The sticky web has disappeared from the ground around your team!</small><br></div><div class="spacer battle-history"><br></div><div class="battle-history">The opposing Cattail used <strong>Flip Turn</strong>!<br></div><div class="battle-history"><small>(Kings and Queens lost 12% of its health!)</small><br></div><div class="chat chatmessage-inkbug1 mine"><strong style="color:#e46e0f"><small>~</small><span class="username" data-name="inkbug1">inkbug1</span>:</strong> <em>now im just remembering tht one match where pollugonal was full parad for like six consecutive turns</em></div><div class="spacer battle-history"><br></div><div class="battle-history">H2OPulse withdrew Cattail!<br></div><div class="battle-history">H2OPulse sent out Zantedeschia (<strong>Resurrectric</strong>)!<br></div><div class="spacer battle-history"><br></div><div class="battle-history"><small>Cattail's wish came true!</small><br></div><div class="spacer battle-history"><br></div><h2 class="battle-history">Turn 20</h2><div class="spacer battle-history"><br></div><div class="battle-history">Kings and Queens used <strong>U-turn</strong>!<br></div><div class="battle-history"><small>(The opposing Zantedeschia lost 15% of its health!)</small><br></div><div class="spacer battle-history"><br></div><div class="battle-history">Kings and Queens went back to KeroseneZanchu!<br></div><div class="battle-history">Go! Chick Magnet (<strong>Boomblare</strong>)!<br></div><div class="spacer battle-history"><br></div><div class="battle-history">The opposing Zantedeschia used <strong>Volt Switch</strong>!<br></div><div class="battle-history"><small>It's not very effective...</small><br></div><div class="battle-history"><small>(Chick Magnet lost 24% of its health!)</small><br></div><div class="spacer battle-history"><br></div><div class="battle-history">The opposing Zantedeschia went back to H2OPulse!<br></div><div class="battle-history">H2OPulse sent out Foxfire (<strong>Shiinotic-Kalos</strong>)!<br></div><div class="chat"><ul class="utilichart"><li class="result"><span class="col pokemonnamecol" style="white-space: nowrap">Shiinotic-Kalos</span> <span class="col typecol"><img src="https://dragonheaven.herokuapp.com/sprites/types/Poison.png" alt="Poison" height="14" width="32"><img src="https://dragonheaven.herokuapp.com/sprites/types/Fairy.png" alt="Fairy" height="14" width="32"></span> <span style="float: left ; min-height: 26px"><span class="col abilitycol">Illuminate / Effect Spore / Technician</span><span class="col abilitycol"></span></span></li><li style="clear: both"></li></ul></div><div class="chat"><ul class="utilichart"><li class="result"><span style="float: left ; min-height: 26px"><span class="col statcol"><em>HP</em><br>60</span> <span class="col statcol"><em>Atk</em><br>45</span> <span class="col statcol"><em>Def</em><br>60</span> <span class="col statcol"><em>SpA</em><br>90</span> <span class="col statcol"><em>SpD</em><br>80</span> <span class="col statcol"><em>Spe</em><br>70</span> </span></li><li style="clear: both"></li></ul></div><div class="battle-history"><small>(Shiinotic-Kalos was created by Hematite!)</small><br></div><div class="spacer battle-history"><br></div><h2 class="battle-history">Turn 21</h2><div class="spacer battle-history"><br></div><div class="battle-history">The opposing Foxfire used <strong>Spore</strong>!<br></div><div class="battle-history"><small>Chick Magnet fell asleep!</small><br></div><div class="spacer battle-history"><br></div><div class="battle-history">Chick Magnet is fast asleep.<br></div><div class="spacer battle-history"><br></div><h2 class="battle-history">Turn 22</h2><div class="spacer battle-history"><br></div><div class="battle-history">H2OPulse withdrew Foxfire!<br></div><div class="battle-history">H2OPulse sent out Cattail (<strong>Vaporeon</strong>)!<br></div><div class="spacer battle-history"><br></div><div class="battle-history">Chick Magnet, come back!<br></div><div class="battle-history">Go! Silky Allen (<strong>Aleon</strong>)!<br></div><div class="spacer battle-history"><br></div><div class="battle-history"><small>The opposing Cattail restored a little HP using its Leftovers!</small><br></div><div class="spacer battle-history"><br></div><h2 class="battle-history">Turn 23</h2><div class="spacer battle-history"><br></div><div class="battle-history">Silky Allen used <strong>Heal Bell</strong>!<br></div><div class="battle-history"><small>A bell chimed!</small><br></div><div class="battle-history"><small>Pixie Chick thawed out!</small><br></div><div class="battle-history"><small>Chick Magnet woke up!</small><br></div><div class="spacer battle-history"><br></div><div class="battle-history">The opposing Cattail used <strong>Wish</strong>!<br></div><div class="spacer battle-history"><br></div><div class="battle-history"><small>The opposing Cattail restored a little HP using its Leftovers!</small><br></div><div class="spacer battle-history"><br></div><h2 class="battle-history">Turn 24</h2><div class="spacer battle-history"><br></div><div class="battle-history">Silky Allen used <strong>Wish</strong>!<br></div><div class="spacer battle-history"><br></div><div class="battle-history">The opposing Cattail used <strong>Flip Turn</strong>!<br></div><div class="battle-history"><small>(Silky Allen lost 21% of its health!)</small><br></div><div class="spacer battle-history"><br></div><div class="battle-history">H2OPulse withdrew Cattail!<br></div><div class="battle-history">H2OPulse sent out Mango (<strong>Noivern-Variant</strong>)!<br></div><div class="spacer battle-history"><br></div><div class="battle-history"><small>Cattail's wish came true!</small><br></div><div class="spacer battle-history"><br></div><h2 class="battle-history">Turn 25</h2><div class="spacer battle-history"><br></div><div class="battle-history">The opposing Mango used <strong>Vacuum Wave</strong>!<br></div><div class="battle-history"><small>It's super effective!</small><br></div><div class="battle-history"><small>(Silky Allen lost 50% of its health!)</small><br></div><div class="battle-history"><small>The opposing Mango lost some of its HP!</small><br></div><div class="spacer battle-history"><br></div><div class="battle-history">Silky Allen used <strong>Volt Switch</strong>!<br></div><div class="battle-history"><small>(The opposing Mango lost 41% of its health!)</small><br></div><div class="spacer battle-history"><br></div><div class="battle-history">Silky Allen went back to KeroseneZanchu!<br></div><div class="battle-history">Go! Pixie Chick (<strong>Adourami</strong>)!<br></div><div class="spacer battle-history"><br></div><div class="battle-history"><small>Silky Allen's wish came true!</small><br></div><div class="spacer battle-history"><br></div><h2 class="battle-history">Turn 26</h2><div class="spacer battle-history"><br></div><div class="battle-history">H2OPulse withdrew Mango!<br></div><div class="battle-history">H2OPulse sent out Cattail (<strong>Vaporeon</strong>)!<br></div><div class="spacer battle-history"><br></div><div class="battle-history">Pixie Chick used <strong>Dazzling Gleam</strong>!<br></div><div class="battle-history"><small>(The opposing Cattail lost 24% of its health!)</small><br></div><div class="spacer battle-history"><br></div><div class="battle-history"><small>The opposing Cattail restored a little HP using its Leftovers!</small><br></div><div class="spacer battle-history"><br></div><h2 class="battle-history">Turn 27</h2><div class="spacer battle-history"><br></div><div class="battle-history">Pixie Chick, come back!<br></div><div class="battle-history">Go! Kings and Queens (<strong>Starly-Crown</strong>)!<br></div><div class="battle-history">[Kings and Queens's Murmuration]<br></div><div class="battle-history"><small>Kings and Queens changed to Cloud Form!</small><br></div><div class="spacer battle-history"><br></div><div class="battle-history">The opposing Cattail used <strong>Wish</strong>!<br></div><div class="spacer battle-history"><br></div><div class="battle-history"><small>The opposing Cattail restored a little HP using its Leftovers!</small><br></div><div class="spacer battle-history"><br></div><h2 class="battle-history">Turn 28</h2><div class="spacer battle-history"><br></div><div class="battle-history">Kings and Queens used <strong>Flurry</strong>!<br></div><div class="battle-history"><small>Kings and Queens called for help!</small><br></div><div class="spacer battle-history"><br></div><div class="battle-history">The opposing Cattail used <strong>Flip Turn</strong>!<br></div><div class="battle-history"><small>(Kings and Queens lost 10% of its health!)</small><br></div><div class="spacer battle-history"><br></div><div class="battle-history">H2OPulse withdrew Cattail!<br></div><div class="battle-history">H2OPulse sent out Rubia (<strong>Polteageist-Cold-Brew</strong>)!<br></div><div class="spacer battle-history"><br></div><div class="battle-history"><small>Rubia is being swarmed by a flurry of Starly!</small><br></div><div class="battle-history"><small>(The opposing Rubia lost 17% of its health!)</small><br></div><div class="battle-history"><small>Cattail's wish came true!</small><br></div><div class="battle-history"><small>The opposing Rubia was hurt by its burn!</small><br></div><div class="spacer battle-history"><br></div><h2 class="battle-history">Turn 29</h2><div class="spacer battle-history"><br></div><div class="battle-history">The opposing Rubia used <strong>Ice Beam</strong>!<br></div><div class="battle-history"><small>It's super effective!</small><br></div><div class="battle-history"><small>A critical hit!</small><br></div><div class="battle-history"><small>(Kings and Queens lost 58% of its health!)</small><br></div><div class="spacer battle-history"><br></div><div class="battle-history">Kings and Queens fainted!<br></div><div class="spacer battle-history"><br></div><div class="battle-history"><small>Rubia is being swarmed by a flurry of Starly!</small><br></div><div class="battle-history"><small>(The opposing Rubia lost 9% of its health!)</small><br></div><div class="battle-history"><small>The opposing Rubia was hurt by its burn!</small><br></div><div class="chat chatmessage-h2opulse"><strong style="color:#6e8c2b"><small>☆</small><span class="username" data-name="H2OPulse">H2OPulse</span>:</strong> <em><i>did that matter</i></em></div><div class="chat chatmessage-h2opulse"><strong style="color:#6e8c2b"><small>☆</small><span class="username" data-name="H2OPulse">H2OPulse</span>:</strong> <em><i>I am begging for that not to have mattered</i></em></div><div class="chat chatmessage-h2opulse"><strong style="color:#6e8c2b"><small>☆</small><span class="username" data-name="H2OPulse">H2OPulse</span>:</strong> <em><i>why</i></em></div><div class="chat chatmessage-kerosenezanchu"><strong style="color:#4094b0"><small>☆</small><span class="username" data-name="KeroseneZanchu">KeroseneZanchu</span>:</strong> <em>no idea</em></div><div class="spacer battle-history"><br></div><div class="battle-history">Go! Pixie Chick (<strong>Adourami</strong>)!<br></div><div class="spacer battle-history"><br></div><h2 class="battle-history">Turn 30</h2><div class="spacer battle-history"><br></div><div class="battle-history">H2OPulse withdrew Rubia!<br></div><div class="battle-history">H2OPulse sent out Foxfire (<strong>Shiinotic-Kalos</strong>)!<br></div><div class="spacer battle-history"><br></div><div class="battle-history">Pixie Chick used <strong>Substitute</strong>!<br></div><div class="battle-history"><small>Pixie Chick put in a substitute!</small><br></div><div class="battle-history"><small>(Pixie Chick lost 24% of its health!)</small><br></div><div class="spacer battle-history"><br></div><div class="battle-history"><small>Foxfire is being swarmed by a flurry of Starly!</small><br></div><div class="battle-history"><small>(The opposing Foxfire lost 11% of its health!)</small><br></div><div class="battle-history"><small>The opposing Foxfire restored a little HP using its Black Sludge!</small><br></div><div class="spacer battle-history"><br></div><h2 class="battle-history">Turn 31</h2><div class="spacer battle-history"><br></div><div class="battle-history">Pixie Chick used <strong>Hydro Pump</strong>!<br></div><div class="battle-history"><small>(The opposing Foxfire lost 73% of its health!)</small><br></div><div class="spacer battle-history"><br></div><div class="battle-history">The opposing Foxfire used <strong>Acid Spray</strong>!<br></div><div class="battle-history"><small>It's super effective!</small><br></div><div class="battle-history"><small>Pixie Chick's substitute faded!</small><br></div><div class="spacer battle-history"><br></div><div class="battle-history"><small>Foxfire is being swarmed by a flurry of Starly!</small><br></div><div class="battle-history"><small>A critical hit!</small><br></div><div class="battle-history"><small>(The opposing Foxfire lost 16% of its health!)</small><br></div><div class="battle-history"><small>The opposing Foxfire restored a little HP using its Black Sludge!</small><br></div><div class="spacer battle-history"><br></div><h2 class="battle-history">Turn 32</h2><div class="chat chatmessage-h2opulse"><strong style="color:#6e8c2b"><small>☆</small><span class="username" data-name="H2OPulse">H2OPulse</span>:</strong> <em>Ow fair</em></div><div class="spacer battle-history"><br></div><div class="battle-history">H2OPulse withdrew Foxfire!<br></div><div class="battle-history">H2OPulse sent out Cattail (<strong>Vaporeon</strong>)!<br></div><div class="spacer battle-history"><br></div><div class="battle-history">Pixie Chick used <strong>Substitute</strong>!<br></div><div class="battle-history"><small>Pixie Chick put in a substitute!</small><br></div><div class="battle-history"><small>(Pixie Chick lost 25% of its health!)</small><br></div><div class="spacer battle-history"><br></div><div class="battle-history"><small>Cattail is being swarmed by a flurry of Starly!</small><br></div><div class="battle-history"><small>(The opposing Cattail lost 6% of its health!)</small><br></div><div class="battle-history"><small>The opposing Cattail restored a little HP using its Leftovers!</small><br></div><div class="spacer battle-history"><br></div><h2 class="battle-history">Turn 33</h2><div class="spacer battle-history"><br></div><div class="battle-history">Pixie Chick used <strong>Dazzling Gleam</strong>!<br></div><div class="battle-history"><small>(The opposing Cattail lost 23% of its health!)</small><br></div><div class="spacer battle-history"><br></div><div class="battle-history">The opposing Cattail used <strong>Wish</strong>!<br></div><div class="spacer battle-history"><br></div><div class="battle-history"><small>The opposing Cattail restored a little HP using its Leftovers!</small><br></div><div class="spacer battle-history"><br></div><h2 class="battle-history">Turn 34</h2><div class="spacer battle-history"><br></div><div class="battle-history">Pixie Chick used <strong>Draining Kiss</strong>!<br></div><div class="battle-history"><small>(The opposing Cattail lost 14% of its health!)</small><br></div><div class="battle-history"><small>The opposing Cattail had its energy drained!</small><br></div><div class="spacer battle-history"><br></div><div class="battle-history">The opposing Cattail used <strong>Flip Turn</strong>!<br></div><div class="battle-history"><small>It's not very effective...</small><br></div><div class="battle-history"><small>The substitute took damage for Pixie Chick!</small><br></div><div class="spacer battle-history"><br></div><div class="battle-history">H2OPulse withdrew Cattail!<br></div><div class="battle-history">H2OPulse sent out Foxfire (<strong>Shiinotic-Kalos</strong>)!<br></div><div class="spacer battle-history"><br></div><div class="battle-history"><small>Cattail's wish came true!</small><br></div><div class="battle-history"><small>The opposing Foxfire restored a little HP using its Black Sludge!</small><br></div><div class="spacer battle-history"><br></div><h2 class="battle-history">Turn 35</h2><div class="spacer battle-history"><br></div><div class="battle-history">H2OPulse withdrew Foxfire!<br></div><div class="battle-history">H2OPulse sent out Cattail (<strong>Vaporeon</strong>)!<br></div><div class="spacer battle-history"><br></div><div class="battle-history">Pixie Chick used <strong>Draining Kiss</strong>!<br></div><div class="battle-history"><small>(The opposing Cattail lost 13% of its health!)</small><br></div><div class="battle-history"><small>The opposing Cattail had its energy drained!</small><br></div><div class="spacer battle-history"><br></div><div class="battle-history"><small>The opposing Cattail restored a little HP using its Leftovers!</small><br></div><div class="spacer battle-history"><br></div><h2 class="battle-history">Turn 36</h2><div class="spacer battle-history"><br></div><div class="battle-history">Pixie Chick used <strong>Dazzling Gleam</strong>!<br></div><div class="battle-history"><small>(The opposing Cattail lost 23% of its health!)</small><br></div><div class="spacer battle-history"><br></div><div class="battle-history">The opposing Cattail used <strong>Wish</strong>!<br></div><div class="spacer battle-history"><br></div><div class="battle-history"><small>The opposing Cattail restored a little HP using its Leftovers!</small><br></div><div class="spacer battle-history"><br></div><h2 class="battle-history">Turn 37</h2><div class="spacer battle-history"><br></div><div class="battle-history">The opposing Cattail used <strong>Protect</strong>!<br></div><div class="battle-history"><small>The opposing Cattail protected itself!</small><br></div><div class="spacer battle-history"><br></div><div class="battle-history">Pixie Chick used <strong>Dazzling Gleam</strong>!<br></div><div class="battle-history"><small>The opposing Cattail protected itself!</small><br></div><div class="spacer battle-history"><br></div><div class="battle-history"><small>Cattail's wish came true!</small><br></div><div class="battle-history"><small>The opposing Cattail restored a little HP using its Leftovers!</small><br></div><div class="spacer battle-history"><br></div><h2 class="battle-history">Turn 38</h2><div class="spacer battle-history"><br></div><div class="battle-history">Pixie Chick used <strong>Draining Kiss</strong>!<br></div><div class="battle-history"><small>(The opposing Cattail lost 13% of its health!)</small><br></div><div class="battle-history"><small>The opposing Cattail had its energy drained!</small><br></div><div class="spacer battle-history"><br></div><div class="battle-history">The opposing Cattail used <strong>Wish</strong>!<br></div><div class="spacer battle-history"><br></div><div class="battle-history"><small>The opposing Cattail restored a little HP using its Leftovers!</small><br></div><div class="spacer battle-history"><br></div><h2 class="battle-history">Turn 39</h2><div class="chat chatmessage-h2opulse"><strong style="color:#6e8c2b"><small>☆</small><span class="username" data-name="H2OPulse">H2OPulse</span>:</strong> <em>we are both just chilling here</em></div><div class="chat chatmessage-kerosenezanchu"><strong style="color:#4094b0"><small>☆</small><span class="username" data-name="KeroseneZanchu">KeroseneZanchu</span>:</strong> <em>one more than the other</em></div><div class="chat chatmessage-inkbug1 mine"><strong style="color:#e46e0f"><small>~</small><span class="username" data-name="inkbug1">inkbug1</span>:</strong> <em>i am extremely not looking forward to when hematite tries out adourami</em></div><div class="chat chatmessage-h2opulse"><strong style="color:#6e8c2b"><small>☆</small><span class="username" data-name="H2OPulse">H2OPulse</span>:</strong> <em>well you could have been chilling more but you used Heal Bell--</em></div><div class="chat"><small>+Gekokeso joined</small></div><div class="chat chatmessage-kerosenezanchu"><strong style="color:#4094b0"><small>☆</small><span class="username" data-name="KeroseneZanchu">KeroseneZanchu</span>:</strong> <em>hema i am going to strangle you</em></div><div class="chat chatmessage-h2opulse"><strong style="color:#6e8c2b"><small>☆</small><span class="username" data-name="H2OPulse">H2OPulse</span>:</strong> <em>&lt;3</em></div><div class="spacer battle-history"><br></div><div class="battle-history">Pixie Chick, come back!<br></div><div class="battle-history">Go! Chick Magnet (<strong>Boomblare</strong>)!<br></div><div class="spacer battle-history"><br></div><div class="battle-history">The opposing Cattail used <strong>Flip Turn</strong>!<br></div><div class="battle-history"><small>(Chick Magnet lost 18% of its health!)</small><br></div><div class="chat chatmessage-gekokeso"><strong style="color:#9b940e"><small>+</small><span class="username" data-name="Gekokeso">Gekokeso</span>:</strong> <em>kero don't auto lose to a bulky water challenge</em></div><div class="chat chatmessage-gekokeso"><strong style="color:#9b940e"><small>+</small><span class="username" data-name="Gekokeso">Gekokeso</span>:</strong> <em>(impossible)</em></div><div class="spacer battle-history"><br></div><div class="battle-history">H2OPulse withdrew Cattail!<br></div><div class="battle-history">H2OPulse sent out Froelichia (<strong>Orbeetle-Variant</strong>)!<br></div><div class="battle-history">[The opposing Froelichia's Frisk]<br><small>The opposing Froelichia frisked Chick Magnet and found its Magnet!</small><br></div><div class="spacer battle-history"><br></div><div class="battle-history"><small>Cattail's wish came true!</small><br></div><div class="spacer battle-history"><br></div><h2 class="battle-history">Turn 40</h2><div class="chat chatmessage-kerosenezanchu"><strong style="color:#4094b0"><small>☆</small><span class="username" data-name="KeroseneZanchu">KeroseneZanchu</span>:</strong> <em>not even</em></div><div class="chat chatmessage-h2opulse"><strong style="color:#6e8c2b"><small>☆</small><span class="username" data-name="H2OPulse">H2OPulse</span>:</strong> <em>:eyes: waaaait a sec</em></div><div class="chat chatmessage-h2opulse"><strong style="color:#6e8c2b"><small>☆</small><span class="username" data-name="H2OPulse">H2OPulse</span>:</strong> <em>Starly is down--</em></div><div class="chat chatmessage-kerosenezanchu"><strong style="color:#4094b0"><small>☆</small><span class="username" data-name="KeroseneZanchu">KeroseneZanchu</span>:</strong> <em>don't autolose to a bulky water when there's lightningrod on the enemy team</em></div><div class="chat chatmessage-kerosenezanchu"><strong style="color:#4094b0"><small>☆</small><span class="username" data-name="KeroseneZanchu">KeroseneZanchu</span>:</strong> <em>is more apt</em></div><div class="chat chatmessage-kerosenezanchu"><strong style="color:#4094b0"><small>☆</small><span class="username" data-name="KeroseneZanchu">KeroseneZanchu</span>:</strong> <em>aka</em></div><div class="chat chatmessage-inkbug1 mine"><strong style="color:#e46e0f"><small>~</small><span class="username" data-name="inkbug1">inkbug1</span>:</strong> <em>i dont think hes running lightningrod but i cant prove it</em></div><div class="chat chatmessage-kerosenezanchu"><strong style="color:#4094b0"><small>☆</small><span class="username" data-name="KeroseneZanchu">KeroseneZanchu</span>:</strong> <em>never forsake the fwg core despite grass being the worst type in the meta</em></div><div class="chat chatmessage-kerosenezanchu"><strong style="color:#4094b0"><small>☆</small><span class="username" data-name="KeroseneZanchu">KeroseneZanchu</span>:</strong> <em>doesn't matter, he's still a ground type</em></div><div class="chat chatmessage-h2opulse"><strong style="color:#6e8c2b"><small>☆</small><span class="username" data-name="H2OPulse">H2OPulse</span>:</strong> <em>(Oh I am Lightning Rod)</em></div><div class="chat chatmessage-kerosenezanchu"><strong style="color:#4094b0"><small>☆</small><span class="username" data-name="KeroseneZanchu">KeroseneZanchu</span>:</strong> <em>lightningrod just makes it worse</em></div><div class="chat chatmessage-inkbug1 mine"><strong style="color:#e46e0f"><small>~</small><span class="username" data-name="inkbug1">inkbug1</span>:</strong> <em>fair ok</em></div><div class="chat chatmessage-kerosenezanchu"><strong style="color:#4094b0"><small>☆</small><span class="username" data-name="KeroseneZanchu">KeroseneZanchu</span>:</strong> <em>because boosted boltbeam</em></div><div class="spacer battle-history"><br></div><div class="battle-history">The opposing Froelichia used <strong>Sticky Web</strong>!<br></div><div class="battle-history"><small>A sticky web has been laid out on the ground around your team!</small><br></div><div class="spacer battle-history"><br></div><div class="battle-history">Chick Magnet used <strong>Boomburst</strong>!<br></div><div class="battle-history"><small>(The opposing Froelichia lost 98% of its health!)</small><br></div><div class="battle-history">[Chick Magnet's Blowout]<br></div><div class="battle-history">[The opposing Froelichia's Soundproof]<br></div><div class="battle-history"><small>Froelichia lost its hearing!</small><br></div><div class="spacer battle-history"><br></div><h2 class="battle-history">Turn 41</h2><div class="spacer battle-history"><br></div><div class="battle-history">The opposing Froelichia used <strong>Recover</strong>!<br></div><div class="battle-history"><small>The opposing Froelichia had its HP restored.</small><br></div><div class="spacer battle-history"><br></div><div class="battle-history">Chick Magnet used <strong>Volt Switch</strong>!<br></div><div class="battle-history"><small>It's not very effective...</small><br></div><div class="battle-history"><small>(The opposing Froelichia lost 21% of its health!)</small><br></div><div class="spacer battle-history"><br></div><div class="battle-history">Chick Magnet went back to KeroseneZanchu!<br></div><div class="battle-history">Go! Water Fowl (<strong>Bafflack</strong>)!<br></div><div class="battle-history"><small>Water Fowl was caught in a sticky web!</small><br></div><div class="battle-history"><small>Water Fowl's Speed fell!</small><br></div><div class="spacer battle-history"><br></div><h2 class="battle-history">Turn 42</h2><div class="chat chatmessage-h2opulse"><strong style="color:#6e8c2b"><small>☆</small><span class="username" data-name="H2OPulse">H2OPulse</span>:</strong> <em>I did just remember that was demonstrated to be a roll last time so I am very lucky</em></div><div class="spacer battle-history"><br></div><div class="battle-history">Water Fowl used <strong>Aqua Jet</strong>!<br></div><div class="battle-history"><small>(The opposing Froelichia lost 31% of its health!)</small><br></div><div class="spacer battle-history"><br></div><div class="battle-history">The opposing Froelichia fainted!<br></div><div class="chat chatmessage-kerosenezanchu"><strong style="color:#4094b0"><small>☆</small><span class="username" data-name="KeroseneZanchu">KeroseneZanchu</span>:</strong> <em>as always :P</em></div><div class="chat chatmessage-h2opulse"><strong style="color:#6e8c2b"><small>☆</small><span class="username" data-name="H2OPulse">H2OPulse</span>:</strong> <em>Okay it didn't matter</em></div><div class="chat chatmessage-h2opulse"><strong style="color:#6e8c2b"><small>☆</small><span class="username" data-name="H2OPulse">H2OPulse</span>:</strong> <em>PF yeah--</em></div><div class="chat chatmessage-inkbug1 mine"><strong style="color:#e46e0f"><small>~</small><span class="username" data-name="inkbug1">inkbug1</span>:</strong> <em>oomg</em></div><div class="spacer battle-history"><br></div><div class="battle-history">H2OPulse sent out Cattail (<strong>Vaporeon</strong>)!<br></div><div class="spacer battle-history"><br></div><h2 class="battle-history">Turn 43</h2><div class="chat chatmessage-inkbug1 mine"><strong style="color:#e46e0f"><small>~</small><span class="username" data-name="inkbug1">inkbug1</span>:</strong> <em>yeah that WAS you i fought in tht match-</em></div><div class="spacer battle-history"><br></div><div class="battle-history">Water Fowl used <strong>Ice Punch</strong>!<br></div><div class="battle-history"><small>It's not very effective...</small><br></div><div class="battle-history"><small>(The opposing Cattail lost 19% of its health!)</small><br></div><div class="spacer battle-history"><br></div><div class="battle-history">The opposing Cattail used <strong>Toxic</strong>!<br></div><div class="battle-history"><small>Water Fowl avoided the attack!</small><br></div><div class="spacer battle-history"><br></div><div class="battle-history"><small>The opposing Cattail restored a little HP using its Leftovers!</small><br></div><div class="spacer battle-history"><br></div><h2 class="battle-history">Turn 44</h2><div class="spacer battle-history"><br></div><div class="battle-history">Water Fowl used <strong>Ice Punch</strong>!<br></div><div class="battle-history"><small>It's not very effective...</small><br></div><div class="battle-history"><small>(The opposing Cattail lost 20% of its health!)</small><br></div><div class="spacer battle-history"><br></div><div class="battle-history">The opposing Cattail used <strong>Toxic</strong>!<br></div><div class="battle-history"><small>Water Fowl was badly poisoned!</small><br></div><div class="spacer battle-history"><br></div><div class="battle-history"><small>The opposing Cattail restored a little HP using its Leftovers!</small><br></div><div class="battle-history"><small>Water Fowl was hurt by poison!</small><br></div><div class="spacer battle-history"><br></div><h2 class="battle-history">Turn 45</h2><div class="spacer battle-history"><br></div><div class="battle-history">Water Fowl used <strong>Ice Punch</strong>!<br></div><div class="battle-history"><small>It's not very effective...</small><br></div><div class="battle-history"><small>(The opposing Cattail lost 20% of its health!)</small><br></div><div class="spacer battle-history"><br></div><div class="battle-history">The opposing Cattail used <strong>Wish</strong>!<br></div><div class="spacer battle-history"><br></div><div class="battle-history"><small>The opposing Cattail restored a little HP using its Leftovers!</small><br></div><div class="battle-history"><small>Water Fowl was hurt by poison!</small><br></div><div class="spacer battle-history"><br></div><h2 class="battle-history">Turn 46</h2><div class="spacer battle-history"><br></div><div class="battle-history">Water Fowl, come back!<br></div><div class="battle-history">Go! Chick Magnet (<strong>Boomblare</strong>)!<br></div><div class="battle-history"><small>Chick Magnet was caught in a sticky web!</small><br></div><div class="battle-history"><small>Chick Magnet's Speed fell!</small><br></div><div class="spacer battle-history"><br></div><div class="battle-history">The opposing Cattail used <strong>Protect</strong>!<br></div><div class="battle-history"><small>But it failed!</small><br></div><div class="spacer battle-history"><br></div><div class="battle-history"><small>Cattail's wish came true!</small><br></div><div class="battle-history"><small>The opposing Cattail restored a little HP using its Leftovers!</small><br></div><div class="spacer battle-history"><br></div><h2 class="battle-history">Turn 47</h2><div class="chat chatmessage-inkbug1 mine"><strong style="color:#e46e0f"><small>~</small><span class="username" data-name="inkbug1">inkbug1</span>:</strong> <em>kero this is when youre supposed to reveal focus punch -</em></div><div class="chat chatmessage-h2opulse"><strong style="color:#6e8c2b"><small>☆</small><span class="username" data-name="H2OPulse">H2OPulse</span>:</strong> <em>PF</em></div><div class="spacer battle-history"><br></div><div class="battle-history">H2OPulse withdrew Cattail!<br></div><div class="battle-history">H2OPulse sent out Zantedeschia (<strong>Resurrectric</strong>)!<br></div><div class="spacer battle-history"><br></div><div class="battle-history">Chick Magnet used <strong>Boomburst</strong>!<br></div><div class="battle-history"><small>(The opposing Zantedeschia lost 56% of its health!)</small><br></div><div class="battle-history">[Chick Magnet's Blowout]<br></div><div class="battle-history">[The opposing Zantedeschia's Soundproof]<br></div><div class="battle-history"><small>Zantedeschia lost its hearing!</small><br></div><div class="spacer battle-history"><br></div><h2 class="battle-history">Turn 48</h2><div class="spacer battle-history"><br></div><div class="battle-history">Chick Magnet, come back!<br></div><div class="battle-history">Go! Silky Allen (<strong>Aleon</strong>)!<br></div><div class="battle-history"><small>Silky Allen was caught in a sticky web!</small><br></div><div class="battle-history"><small>Silky Allen's Speed fell!</small><br></div><div class="spacer battle-history"><br></div><div class="battle-history">The opposing Zantedeschia used <strong>Earth Power</strong>!<br></div><div class="battle-history"><small>(Silky Allen lost 29% of its health!)</small><br></div><div class="spacer battle-history"><br></div><div class="battle-history">Silky Allen fainted!<br></div><div class="spacer battle-history"><br></div><div class="battle-history">Go! Water Fowl (<strong>Bafflack</strong>)!<br></div><div class="battle-history"><small>Water Fowl was caught in a sticky web!</small><br></div><div class="battle-history"><small>Water Fowl's Speed fell!</small><br></div><div class="spacer battle-history"><br></div><h2 class="battle-history">Turn 49</h2><div class="spacer battle-history"><br></div><div class="battle-history">H2OPulse withdrew Zantedeschia!<br></div><div class="battle-history">H2OPulse sent out Cattail (<strong>Vaporeon</strong>)!<br></div><div class="spacer battle-history"><br></div><div class="battle-history">Water Fowl used <strong>Ice Punch</strong>!<br></div><div class="battle-history"><small>It's not very effective...</small><br></div><div class="battle-history"><small>(The opposing Cattail lost 19% of its health!)</small><br></div><div class="spacer battle-history"><br></div><div class="battle-history"><small>The opposing Cattail restored a little HP using its Leftovers!</small><br></div><div class="battle-history"><small>Water Fowl was hurt by poison!</small><br></div><div class="spacer battle-history"><br></div><h2 class="battle-history">Turn 50</h2><div class="spacer battle-history"><br></div><div class="battle-history">Water Fowl used <strong>Ice Punch</strong>!<br></div><div class="battle-history"><small>It's not very effective...</small><br></div><div class="battle-history"><small>(The opposing Cattail lost 19% of its health!)</small><br></div><div class="spacer battle-history"><br></div><div class="battle-history">The opposing Cattail used <strong>Wish</strong>!<br></div><div class="spacer battle-history"><br></div><div class="battle-history"><small>The opposing Cattail restored a little HP using its Leftovers!</small><br></div><div class="battle-history"><small>Water Fowl was hurt by poison!</small><br></div><div class="spacer battle-history"><br></div><h2 class="battle-history">Turn 51</h2><div class="chat chatmessage-h2opulse"><strong style="color:#6e8c2b"><small>☆</small><span class="username" data-name="H2OPulse">H2OPulse</span>:</strong> <em>you will get the freeze eventually</em></div><div class="spacer battle-history"><br></div><div class="battle-history">Water Fowl, come back!<br></div><div class="battle-history">Go! Chick Magnet (<strong>Boomblare</strong>)!<br></div><div class="battle-history"><small>Chick Magnet was caught in a sticky web!</small><br></div><div class="battle-history"><small>Chick Magnet's Speed fell!</small><br></div><div class="spacer battle-history"><br></div><div class="battle-history">The opposing Cattail used <strong>Flip Turn</strong>!<br></div><div class="battle-history"><small>(Chick Magnet lost 18% of its health!)</small><br></div><div class="spacer battle-history"><br></div><div class="battle-history">H2OPulse withdrew Cattail!<br></div><div class="battle-history">H2OPulse sent out Zantedeschia (<strong>Resurrectric</strong>)!<br></div><div class="spacer battle-history"><br></div><div class="battle-history"><small>Cattail's wish came true!</small><br></div><div class="spacer battle-history"><br></div><h2 class="battle-history">Turn 52</h2><div class="chat chatmessage-inkbug1 mine"><strong style="color:#e46e0f"><small>~</small><span class="username" data-name="inkbug1">inkbug1</span>:</strong> <em>i believe</em></div><div class="spacer battle-history"><br></div><div class="battle-history">Chick Magnet, come back!<br></div><div class="battle-history">Go! Pixie Chick (<strong>Adourami</strong>)!<br></div><div class="battle-history"><small>Pixie Chick was caught in a sticky web!</small><br></div><div class="battle-history"><small>Pixie Chick's Speed fell!</small><br></div><div class="spacer battle-history"><br></div><div class="battle-history">The opposing Zantedeschia used <strong>Earth Power</strong>!<br></div><div class="battle-history"><small>(Pixie Chick lost 56% of its health!)</small><br></div><div class="spacer battle-history"><br></div><h2 class="battle-history">Turn 53</h2><div class="spacer battle-history"><br></div><div class="battle-history">H2OPulse withdrew Zantedeschia!<br></div><div class="battle-history">H2OPulse sent out Cattail (<strong>Vaporeon</strong>)!<br></div><div class="spacer battle-history"><br></div><div class="battle-history">Pixie Chick used <strong>Substitute</strong>!<br></div><div class="battle-history"><small>Pixie Chick put in a substitute!</small><br></div><div class="battle-history"><small>(Pixie Chick lost 25% of its health!)</small><br></div><div class="spacer battle-history"><br></div><div class="battle-history"><small>The opposing Cattail restored a little HP using its Leftovers!</small><br></div><div class="spacer battle-history"><br></div><h2 class="battle-history">Turn 54</h2><div class="spacer battle-history"><br></div><div class="battle-history">Pixie Chick used <strong>Draining Kiss</strong>!<br></div><div class="battle-history"><small>A critical hit!</small><br></div><div class="battle-history"><small>(The opposing Cattail lost 21% of its health!)</small><br></div><div class="battle-history"><small>The opposing Cattail had its energy drained!</small><br></div><div class="spacer battle-history"><br></div><div class="battle-history">The opposing Cattail used <strong>Wish</strong>!<br></div><div class="spacer battle-history"><br></div><div class="battle-history"><small>The opposing Cattail restored a little HP using its Leftovers!</small><br></div><div class="spacer battle-history"><br></div><h2 class="battle-history">Turn 55</h2><div class="spacer battle-history"><br></div><div class="battle-history">Pixie Chick used <strong>Draining Kiss</strong>!<br></div><div class="battle-history"><small>(The opposing Cattail lost 15% of its health!)</small><br></div><div class="battle-history"><small>The opposing Cattail had its energy drained!</small><br></div><div class="spacer battle-history"><br></div><div class="battle-history">The opposing Cattail used <strong>Flip Turn</strong>!<br></div><div class="battle-history"><small>It's not very effective...</small><br></div><div class="battle-history"><small>The substitute took damage for Pixie Chick!</small><br></div><div class="spacer battle-history"><br></div><div class="battle-history">H2OPulse withdrew Cattail!<br></div><div class="battle-history">H2OPulse sent out Mango (<strong>Noivern-Variant</strong>)!<br></div><div class="spacer battle-history"><br></div><div class="battle-history"><small>Cattail's wish came true!</small><br></div><div class="spacer battle-history"><br></div><h2 class="battle-history">Turn 56</h2><div class="spacer battle-history"><br></div><div class="battle-history">H2OPulse withdrew Mango!<br></div><div class="battle-history">H2OPulse sent out Cattail (<strong>Vaporeon</strong>)!<br></div><div class="spacer battle-history"><br></div><div class="battle-history">Pixie Chick used <strong>Dazzling Gleam</strong>!<br></div><div class="battle-history"><small>(The opposing Cattail lost 22% of its health!)</small><br></div><div class="spacer battle-history"><br></div><div class="battle-history"><small>The opposing Cattail restored a little HP using its Leftovers!</small><br></div><div class="spacer battle-history"><br></div><h2 class="battle-history">Turn 57</h2><div class="spacer battle-history"><br></div><div class="battle-history">The opposing Cattail used <strong>Protect</strong>!<br></div><div class="battle-history"><small>The opposing Cattail protected itself!</small><br></div><div class="spacer battle-history"><br></div><div class="battle-history">Pixie Chick used <strong>Dazzling Gleam</strong>!<br></div><div class="battle-history"><small>The opposing Cattail protected itself!</small><br></div><div class="spacer battle-history"><br></div><div class="battle-history"><small>The opposing Cattail restored a little HP using its Leftovers!</small><br></div><div class="spacer battle-history"><br></div><h2 class="battle-history">Turn 58</h2><div class="spacer battle-history"><br></div><div class="battle-history">Pixie Chick used <strong>Dazzling Gleam</strong>!<br></div><div class="battle-history"><small>(The opposing Cattail lost 23% of its health!)</small><br></div><div class="spacer battle-history"><br></div><div class="battle-history">The opposing Cattail used <strong>Wish</strong>!<br></div><div class="spacer battle-history"><br></div><div class="battle-history"><small>The opposing Cattail restored a little HP using its Leftovers!</small><br></div><div class="spacer battle-history"><br></div><h2 class="battle-history">Turn 59</h2><div class="chat chatmessage-h2opulse"><strong style="color:#6e8c2b"><small>☆</small><span class="username" data-name="H2OPulse">H2OPulse</span>:</strong> <em>I am taking too many risks I think</em></div><div class="spacer battle-history"><br></div><div class="battle-history">Pixie Chick, come back!<br></div><div class="battle-history">Go! Chick Magnet (<strong>Boomblare</strong>)!<br></div><div class="battle-history"><small>Chick Magnet was caught in a sticky web!</small><br></div><div class="battle-history"><small>Chick Magnet's Speed fell!</small><br></div><div class="spacer battle-history"><br></div><div class="battle-history">The opposing Cattail used <strong>Protect</strong>!<br></div><div class="battle-history"><small>But it failed!</small><br></div><div class="spacer battle-history"><br></div><div class="battle-history"><small>Cattail's wish came true!</small><br></div><div class="battle-history"><small>The opposing Cattail restored a little HP using its Leftovers!</small><br></div><div class="spacer battle-history"><br></div><h2 class="battle-history">Turn 60</h2><div class="spacer battle-history"><br></div><div class="battle-history">The opposing Cattail used <strong>Protect</strong>!<br></div><div class="battle-history"><small>The opposing Cattail protected itself!</small><br></div><div class="spacer battle-history"><br></div><div class="battle-history">Chick Magnet used <strong>Boomburst</strong>!<br></div><div class="battle-history"><small>The opposing Cattail protected itself!</small><br></div><div class="spacer battle-history"><br></div><div class="battle-history"><small>The opposing Cattail restored a little HP using its Leftovers!</small><br></div><div class="spacer battle-history"><br></div><h2 class="battle-history">Turn 61</h2><div class="spacer battle-history"><br></div><div class="battle-history">H2OPulse withdrew Cattail!<br></div><div class="battle-history">H2OPulse sent out Zantedeschia (<strong>Resurrectric</strong>)!<br></div><div class="spacer battle-history"><br></div><div class="battle-history">Chick Magnet used <strong>Boomburst</strong>!<br></div><div class="battle-history"><small>(The opposing Zantedeschia lost 51% of its health!)</small><br></div><div class="battle-history">[Chick Magnet's Blowout]<br></div><div class="battle-history">[The opposing Zantedeschia's Soundproof]<br></div><div class="battle-history"><small>Zantedeschia lost its hearing!</small><br></div><div class="spacer battle-history"><br></div><h2 class="battle-history">Turn 62</h2><div class="spacer battle-history"><br></div><div class="battle-history">Chick Magnet, come back!<br></div><div class="battle-history">Go! Pixie Chick (<strong>Adourami</strong>)!<br></div><div class="battle-history"><small>Pixie Chick was caught in a sticky web!</small><br></div><div class="battle-history"><small>Pixie Chick's Speed fell!</small><br></div><div class="spacer battle-history"><br></div><div class="battle-history">The opposing Zantedeschia used <strong>Discharge</strong>!<br></div><div class="battle-history"><small>It's super effective!</small><br></div><div class="battle-history"><small>(Pixie Chick lost 66% of its health!)</small><br></div><div class="spacer battle-history"><br></div><div class="battle-history">Pixie Chick fainted!<br></div><div class="spacer battle-history"><br></div><div class="battle-history">Go! Water Fowl (<strong>Bafflack</strong>)!<br></div><div class="battle-history"><small>Water Fowl was caught in a sticky web!</small><br></div><div class="battle-history"><small>Water Fowl's Speed fell!</small><br></div><div class="spacer battle-history"><br></div><h2 class="battle-history">Turn 63</h2><div class="spacer battle-history"><br></div><div class="battle-history">H2OPulse withdrew Zantedeschia!<br></div><div class="battle-history">H2OPulse sent out Cattail (<strong>Vaporeon</strong>)!<br></div><div class="spacer battle-history"><br></div><div class="battle-history">Water Fowl used <strong>Ice Punch</strong>!<br></div><div class="battle-history"><small>It's not very effective...</small><br></div><div class="battle-history"><small>(The opposing Cattail lost 18% of its health!)</small><br></div><div class="spacer battle-history"><br></div><div class="battle-history"><small>The opposing Cattail restored a little HP using its Leftovers!</small><br></div><div class="battle-history"><small>Water Fowl was hurt by poison!</small><br></div><div class="spacer battle-history"><br></div><h2 class="battle-history">Turn 64</h2><div class="spacer battle-history"><br></div><div class="battle-history">Water Fowl used <strong>Ice Punch</strong>!<br></div><div class="battle-history"><small>It's not very effective...</small><br></div><div class="battle-history"><small>(The opposing Cattail lost 19% of its health!)</small><br></div><div class="spacer battle-history"><br></div><div class="battle-history">The opposing Cattail used <strong>Wish</strong>!<br></div><div class="spacer battle-history"><br></div><div class="battle-history"><small>The opposing Cattail restored a little HP using its Leftovers!</small><br></div><div class="battle-history"><small>Water Fowl was hurt by poison!</small><br></div><div class="spacer battle-history"><br></div><h2 class="battle-history">Turn 65</h2><div class="spacer battle-history"><br></div><div class="battle-history">Water Fowl used <strong>Ice Punch</strong>!<br></div><div class="battle-history"><small>It's not very effective...</small><br></div><div class="battle-history"><small>A critical hit!</small><br></div><div class="battle-history"><small>(The opposing Cattail lost 30% of its health!)</small><br></div><div class="spacer battle-history"><br></div><div class="battle-history">The opposing Cattail used <strong>Flip Turn</strong>!<br></div><div class="battle-history"><small>It's not very effective...</small><br></div><div class="battle-history"><small>(Water Fowl lost 30% of its health!)</small><br></div><div class="spacer battle-history"><br></div><div class="battle-history">H2OPulse withdrew Cattail!<br></div><div class="battle-history">H2OPulse sent out Zantedeschia (<strong>Resurrectric</strong>)!<br></div><div class="spacer battle-history"><br></div><div class="battle-history"><small>Cattail's wish came true!</small><br></div><div class="battle-history"><small>Water Fowl was hurt by poison!</small><br></div><div class="spacer battle-history"><br></div><div class="battle-history">Water Fowl fainted!<br></div><div class="chat chatmessage-h2opulse"><strong style="color:#6e8c2b"><small>☆</small><span class="username" data-name="H2OPulse">H2OPulse</span>:</strong> <em>you got the crit before a freeze I'm so sorry</em></div><div class="chat chatmessage-kerosenezanchu"><strong style="color:#4094b0"><small>☆</small><span class="username" data-name="KeroseneZanchu">KeroseneZanchu</span>:</strong> <em>gg</em></div><div class="spacer battle-history"><br></div><div class="battle-history">Go! Chick Magnet (<strong>Boomblare</strong>)!<br></div><div class="battle-history"><small>Chick Magnet was caught in a sticky web!</small><br></div><div class="battle-history"><small>Chick Magnet's Speed fell!</small><br></div><div class="spacer battle-history"><br></div><h2 class="battle-history">Turn 66</h2><div class="chat chatmessage-h2opulse"><strong style="color:#6e8c2b"><small>☆</small><span class="username" data-name="H2OPulse">H2OPulse</span>:</strong> <em>Good game!!!</em></div><div class="spacer battle-history"><br></div><div class="battle-history">Chick Magnet used <strong>Boomburst</strong>!<br></div><div class="battle-history"><small>(The opposing Zantedeschia lost 57% of its health!)</small><br></div><div class="battle-history">[Chick Magnet's Blowout]<br></div><div class="battle-history">[The opposing Zantedeschia's Soundproof]<br></div><div class="battle-history"><small>Zantedeschia lost its hearing!</small><br></div><div class="spacer battle-history"><br></div><div class="battle-history">The opposing Zantedeschia used <strong>Earth Power</strong>!<br></div><div class="battle-history"><small>It's super effective!</small><br></div><div class="battle-history"><small>(Chick Magnet lost 40% of its health!)</small><br></div><div class="spacer battle-history"><br></div><div class="battle-history">Chick Magnet fainted!<br></div><div class="spacer battle-history"><br></div><div class="battle-history"><strong>H2OPulse</strong> won the battle!<br></div></div><div class="inner-preempt message-log"></div></div></div>
</div>
<script>
let daily = Math.floor(Date.now()/1000/60/60/24);document.write('<script src="https://dragonheaven.herokuapp.com/js/replay-embed.js?version'+daily+'"></'+'script>');
</script>
