<!DOCTYPE html>
<meta charset="utf-8" />
<!-- version 1 -->
<title>[Gen 8] Evolution Project replay: Violettes vs. god of joe</title>
<style>
html,body {font-family:Verdana, sans-serif;font-size:10pt;margin:0;padding:0;}body{padding:12px 0;} .battle-log {font-family:Verdana, sans-serif;font-size:10pt;} .battle-log-inline {border:1px solid #AAAAAA;background:#EEF2F5;color:black;max-width:640px;margin:0 auto 80px;padding-bottom:5px;} .battle-log .inner {padding:4px 8px 0px 8px;} .battle-log .inner-preempt {padding:0 8px 4px 8px;} .battle-log .inner-after {margin-top:0.5em;} .battle-log h2 {margin:0.5em -8px;padding:4px 8px;border:1px solid #AAAAAA;background:#E0E7EA;border-left:0;border-right:0;font-family:Verdana, sans-serif;font-size:13pt;} .battle-log .chat {vertical-align:middle;padding:3px 0 3px 0;font-size:8pt;} .battle-log .chat strong {color:#40576A;} .battle-log .chat em {padding:1px 4px 1px 3px;color:#000000;font-style:normal;} .chat.mine {background:rgba(0,0,0,0.05);margin-left:-8px;margin-right:-8px;padding-left:8px;padding-right:8px;} .spoiler {color:#BBBBBB;background:#BBBBBB;padding:0px 3px;} .spoiler:hover, .spoiler:active, .spoiler-shown {color:#000000;background:#E2E2E2;padding:0px 3px;} .spoiler a {color:#BBBBBB;} .spoiler:hover a, .spoiler:active a, .spoiler-shown a {color:#2288CC;} .chat code, .chat .spoiler:hover code, .chat .spoiler:active code, .chat .spoiler-shown code {border:1px solid #C0C0C0;background:#EEEEEE;color:black;padding:0 2px;} .chat .spoiler code {border:1px solid #CCCCCC;background:#CCCCCC;color:#CCCCCC;} .battle-log .rated {padding:3px 4px;} .battle-log .rated strong {color:white;background:#89A;padding:1px 4px;border-radius:4px;} .spacer {margin-top:0.5em;} .message-announce {background:#6688AA;color:white;padding:1px 4px 2px;} .message-announce a, .broadcast-green a, .broadcast-blue a, .broadcast-red a {color:#DDEEFF;} .broadcast-green {background-color:#559955;color:white;padding:2px 4px;} .broadcast-blue {background-color:#6688AA;color:white;padding:2px 4px;} .infobox {border:1px solid #6688AA;padding:2px 4px;} .infobox-limited {max-height:200px;overflow:auto;overflow-x:hidden;} .broadcast-red {background-color:#AA5544;color:white;padding:2px 4px;} .message-learn-canlearn {font-weight:bold;color:#228822;text-decoration:underline;} .message-learn-cannotlearn {font-weight:bold;color:#CC2222;text-decoration:underline;} .message-effect-weak {font-weight:bold;color:#CC2222;} .message-effect-resist {font-weight:bold;color:#6688AA;} .message-effect-immune {font-weight:bold;color:#666666;} .message-learn-list {margin-top:0;margin-bottom:0;} .message-throttle-notice, .message-error {color:#992222;} .message-overflow, .chat small.message-overflow {font-size:0pt;} .message-overflow::before {font-size:9pt;content:'...';} .subtle {color:#3A4A66;}
</style>
<div class="wrapper replay-wrapper" style="max-width:1180px;margin:0 auto">
<input type="hidden" name="replayid" value="dragonheaven-gen8evolutionproject-63" />
<div class="battle"></div><div class="battle-log"></div><div class="replay-controls"></div><div class="replay-controls-2"></div>
<h1 style="font-weight:normal;text-align:center"><strong>[Gen 8] Evolution Project</strong><br /><a href="http://pokemonshowdown.com/users/violettes" class="subtle" target="_blank">Violettes</a> vs. <a href="http://pokemonshowdown.com/users/godofjoe" class="subtle" target="_blank">god of joe</a></h1>
<script type="text/plain" class="battle-log-data">|j|☆Violettes
|j|☆god of joe
|t:|1658361207
|player|p1|Violettes|furisodegirl-pink|
|player|p2|god of joe|caitlin|
|teamsize|p1|6
|teamsize|p2|6
|gametype|singles
|gen|8
|tier|[Gen 8] Evolution Project
|clearpoke
|poke|p1|Resurrectric, M|
|poke|p1|Carnivenom, F|
|poke|p1|Mienshao, M|
|poke|p1|Playdol, M|
|poke|p1|Adourami, F|
|poke|p1|Arcanine, M|
|poke|p2|Tyrandra, F|
|poke|p2|Naganadel-Terrestrial, M|
|poke|p2|Alchemissus, M|
|poke|p2|Steelix, F|
|poke|p2|Rotom-Wash|
|poke|p2|Starly-Crown, M|
|rule|HP Percentage Mod: HP is shown in percentages
|rule|Endless Battle Clause: Forcing endless battles is banned
|rule|OHKO Clause: OHKO moves are banned
|rule|Evasion Moves Clause: Evasion moves are banned
|rule|Species Clause: Limit one of each Pokémon
|rule|Dynamax Clause: You cannot dynamax
|rule|Sleep Clause Mod: Limit one foe put to sleep
|rule|Z-Move Clause: Type-based Z-Moves are banned
|teampreview
|j|~inkbug1

|j|+H2OPulse
|
|t:|1658361247
|start
|switch|p1a: Yaoguain't|Mienshao, M|100\/100
|switch|p2a: Naganadel-Terrestr|Naganadel-Terrestrial, M|100\/100
|-start|p2a: Naganadel-Terrestr|typechange|Bug\/Dragon|[silent]
|raw|<ul class="utilichart"><li class="result"><span class="col pokemonnamecol" style="white-space: nowrap">Naganadel-Terrestrial<\/span> <span class="col typecol"><img src="https:\/\/dragonheaven.herokuapp.com\/sprites\/types\/Bug.png" alt="Bug" height="14" width="32"><img src="https:\/\/dragonheaven.herokuapp.com\/sprites\/types\/Dragon.png" alt="Dragon" height="14" width="32"><\/span> <span style="float: left ; min-height: 26px"><span class="col abilitycol">Regenerator \/ Beast Boost<\/span><span class="col abilitycol"><\/span><\/span><\/li><li style="clear: both"><\/li><\/ul>
|raw|<ul class="utilichart"><li class="result"><span style="float: left ; min-height: 26px"><span class="col statcol"><em>HP<\/em><br>73<\/span> <span class="col statcol"><em>Atk<\/em><br>127<\/span> <span class="col statcol"><em>Def<\/em><br>73<\/span> <span class="col statcol"><em>SpA<\/em><br>127<\/span> <span class="col statcol"><em>SpD<\/em><br>73<\/span> <span class="col statcol"><em>Spe<\/em><br>67<\/span> <\/span><\/li><li style="clear: both"><\/li><\/ul>
|-hint|Naganadel-Terrestrial was created by KeroseneZanchu!
|turn|1
|
|t:|1658361267
|move|p1a: Yaoguain't|Knock Off|p2a: Naganadel-Terrestr
|-damage|p2a: Naganadel-Terrestr|41\/100
|-enditem|p2a: Naganadel-Terrestr|Heavy-Duty Boots|[from] move: Knock Off|[of] p1a: Yaoguain't
|move|p2a: Naganadel-Terrestr|Toxic Spikes|p1a: Yaoguain't
|-sidestart|p1: Violettes|move: Toxic Spikes
|
|upkeep
|turn|2
|
|t:|1658361286
|move|p1a: Yaoguain't|Knock Off|p2a: Naganadel-Terrestr
|-damage|p2a: Naganadel-Terrestr|6\/100
|move|p2a: Naganadel-Terrestr|U-turn|p1a: Yaoguain't
|-resisted|p1a: Yaoguain't
|-damage|p1a: Yaoguain't|72\/100
|
|t:|1658361339
|switch|p2a: Starly|Starly-Crown, M|100\/100|[from]move: U-turn
|-start|p2a: Starly|typechange|Normal\/Flying|[silent]
|raw|<ul class="utilichart"><li class="result"><span class="col pokemonnamecol" style="white-space: nowrap">Starly-Crown<\/span> <span class="col typecol"><img src="https:\/\/dragonheaven.herokuapp.com\/sprites\/types\/Normal.png" alt="Normal" height="14" width="32"><img src="https:\/\/dragonheaven.herokuapp.com\/sprites\/types\/Flying.png" alt="Flying" height="14" width="32"><\/span> <span style="float: left ; min-height: 26px"><span class="col abilitycol">Murmuration<\/span><span class="col abilitycol"><\/span><\/span><\/li><li style="clear: both"><\/li><\/ul>
|raw|<ul class="utilichart"><li class="result"><span style="float: left ; min-height: 26px"><span class="col statcol"><em>HP<\/em><br>40<\/span> <span class="col statcol"><em>Atk<\/em><br>55<\/span> <span class="col statcol"><em>Def<\/em><br>30<\/span> <span class="col statcol"><em>SpA<\/em><br>30<\/span> <span class="col statcol"><em>SpD<\/em><br>30<\/span> <span class="col statcol"><em>Spe<\/em><br>60<\/span> <\/span><\/li><li style="clear: both"><\/li><\/ul>
|-hint|Starly-Crown was created by KeroseneZanchu!
|detailschange|p2a: Starly|Starly-Crown-Cloud, M
|-start|p2a: Starly|typechange|Normal\/Flying|[silent]
|raw|<ul class="utilichart"><li class="result"><span class="col pokemonnamecol" style="white-space: nowrap">Starly-Crown-Cloud<\/span> <span class="col typecol"><img src="https:\/\/dragonheaven.herokuapp.com\/sprites\/types\/Normal.png" alt="Normal" height="14" width="32"><img src="https:\/\/dragonheaven.herokuapp.com\/sprites\/types\/Flying.png" alt="Flying" height="14" width="32"><\/span> <span style="float: left ; min-height: 26px"><span class="col abilitycol">Murmuration<\/span><span class="col abilitycol"><\/span><\/span><span style="float: left ; min-height: 26px"><span class="col statcol"><em>HP<\/em><br>40<\/span> <span class="col statcol"><em>Atk<\/em><br>120<\/span> <span class="col statcol"><em>Def<\/em><br>170<\/span> <span class="col statcol"><em>SpA<\/em><br>50<\/span> <span class="col statcol"><em>SpD<\/em><br>161<\/span> <span class="col statcol"><em>Spe<\/em><br>100<\/span> <\/span><\/li><li style="clear: both"><\/li><\/ul>
|-message|Starly changed to Cloud Form!
|-start|p2a: Starly|typechange|Normal\/Flying|[silent]
|raw|<ul class="utilichart"><li class="result"><span class="col pokemonnamecol" style="white-space: nowrap">Starly-Crown-Cloud<\/span> <span class="col typecol"><img src="https:\/\/dragonheaven.herokuapp.com\/sprites\/types\/Normal.png" alt="Normal" height="14" width="32"><img src="https:\/\/dragonheaven.herokuapp.com\/sprites\/types\/Flying.png" alt="Flying" height="14" width="32"><\/span> <span style="float: left ; min-height: 26px"><span class="col abilitycol">Murmuration<\/span><span class="col abilitycol"><\/span><\/span><span style="float: left ; min-height: 26px"><span class="col statcol"><em>HP<\/em><br>40<\/span> <span class="col statcol"><em>Atk<\/em><br>120<\/span> <span class="col statcol"><em>Def<\/em><br>170<\/span> <span class="col statcol"><em>SpA<\/em><br>50<\/span> <span class="col statcol"><em>SpD<\/em><br>161<\/span> <span class="col statcol"><em>Spe<\/em><br>100<\/span> <\/span><\/li><li style="clear: both"><\/li><\/ul>
|
|-start|p2a: Starly|typechange|Normal\/Flying|[silent]
|upkeep
|turn|3
|
|t:|1658361350
|switch|p1a: Barghest|Arcanine, M|100\/100
|-ability|p1a: Barghest|Intimidate|boost
|-unboost|p2a: Starly|atk|1
|move|p2a: Starly|Flurry|p1a: Barghest
|-message|Starly called for help!
|
|-message|Barghest is being swarmed by a flurry of Starly!
|-anim|p2a: Starly|Sky Attack|p1a: Barghest
|-damage|p1a: Barghest|93\/100
|-start|p2a: Starly|typechange|Normal\/Flying|[silent]
|upkeep
|turn|4
|
|t:|1658361378
|move|p2a: Starly|U-turn|p1a: Barghest
|-resisted|p1a: Barghest
|-damage|p1a: Barghest|85\/100
|
|t:|1658361382
|switch|p2a: Rotom|Rotom-Wash|100\/100|[from]move: U-turn
|move|p1a: Barghest|Teleport|p1a: Barghest
|
|t:|1658361387
|switch|p1a: Venus|Carnivenom, F|100\/100|[from]move: Teleport
|-start|p1a: Venus|typechange|Grass\/Poison|[silent]
|raw|<ul class="utilichart"><li class="result"><span class="col pokemonnamecol" style="white-space: nowrap">Carnivenom<\/span> <span class="col typecol"><img src="https:\/\/dragonheaven.herokuapp.com\/sprites\/types\/Grass.png" alt="Grass" height="14" width="32"><img src="https:\/\/dragonheaven.herokuapp.com\/sprites\/types\/Poison.png" alt="Poison" height="14" width="32"><\/span> <span style="float: left ; min-height: 26px"><span class="col abilitycol">Levitate<\/span><span class="col abilitycol"><\/span><\/span><\/li><li style="clear: both"><\/li><\/ul>
|raw|<ul class="utilichart"><li class="result"><span style="float: left ; min-height: 26px"><span class="col statcol"><em>HP<\/em><br>94<\/span> <span class="col statcol"><em>Atk<\/em><br>105<\/span> <span class="col statcol"><em>Def<\/em><br>82<\/span> <span class="col statcol"><em>SpA<\/em><br>100<\/span> <span class="col statcol"><em>SpD<\/em><br>102<\/span> <span class="col statcol"><em>Spe<\/em><br>51<\/span> <\/span><\/li><li style="clear: both"><\/li><\/ul>
|-hint|Carnivenom was created by inkbug!
|
|-message|Venus is being swarmed by a flurry of Starly!
|-supereffective|p1a: Venus
|-damage|p1a: Venus|86\/100
|-heal|p1a: Venus|92\/100|[from] item: Black Sludge
|upkeep
|turn|5
|
|t:|1658361401
|move|p2a: Rotom|Volt Switch|p1a: Venus
|-resisted|p1a: Venus
|-damage|p1a: Venus|81\/100
|
|t:|1658361409
|switch|p2a: Alchemissus|Alchemissus, M|100\/100|[from]move: Volt Switch
|-start|p2a: Alchemissus|typechange|Ghost\/Poison|[silent]
|raw|<ul class="utilichart"><li class="result"><span class="col pokemonnamecol" style="white-space: nowrap">Alchemissus<\/span> <span class="col typecol"><img src="https:\/\/dragonheaven.herokuapp.com\/sprites\/types\/Ghost.png" alt="Ghost" height="14" width="32"><img src="https:\/\/dragonheaven.herokuapp.com\/sprites\/types\/Poison.png" alt="Poison" height="14" width="32"><\/span> <span style="float: left ; min-height: 26px"><span class="col abilitycol">Levitate \/ Corrosion \/ Gluttony<\/span><span class="col abilitycol"><\/span><\/span><\/li><li style="clear: both"><\/li><\/ul>
|raw|<ul class="utilichart"><li class="result"><span style="float: left ; min-height: 26px"><span class="col statcol"><em>HP<\/em><br>66<\/span> <span class="col statcol"><em>Atk<\/em><br>66<\/span> <span class="col statcol"><em>Def<\/em><br>66<\/span> <span class="col statcol"><em>SpA<\/em><br>114<\/span> <span class="col statcol"><em>SpD<\/em><br>113<\/span> <span class="col statcol"><em>Spe<\/em><br>107<\/span> <\/span><\/li><li style="clear: both"><\/li><\/ul>
|-hint|Alchemissus was created by KeroseneZanchu!
|move|p1a: Venus|Defog|p2a: Alchemissus
|-unboost|p2a: Alchemissus|evasion|1
|-sideend|p1: Violettes|Toxic Spikes|[from] move: Defog|[of] p1a: Venus
|
|-message|Venus is being swarmed by a flurry of Starly!
|-supereffective|p1a: Venus
|-damage|p1a: Venus|65\/100
|-heal|p1a: Venus|72\/100|[from] item: Black Sludge
|upkeep
|turn|6
|
|t:|1658361421
|move|p2a: Alchemissus|Toxic|p1a: Venus
|-status|p1a: Venus|tox
|move|p1a: Venus|Knock Off|p2a: Alchemissus
|-supereffective|p2a: Alchemissus
|-damage|p2a: Alchemissus|33\/100
|-enditem|p2a: Alchemissus|Black Sludge|[from] move: Knock Off|[of] p1a: Venus
|
|-message|Venus is being swarmed by a flurry of Starly!
|-supereffective|p1a: Venus
|-damage|p1a: Venus|56\/100 tox
|-heal|p1a: Venus|62\/100 tox|[from] item: Black Sludge
|-damage|p1a: Venus|56\/100 tox|[from] psn
|upkeep
|turn|7
|
|t:|1658361451
|move|p2a: Alchemissus|Pain Split|p1a: Venus
|-sethp|p1a: Venus|42\/100 tox|[from] move: Pain Split|[silent]
|-sethp|p2a: Alchemissus|49\/100|[from] move: Pain Split
|move|p1a: Venus|Knock Off|p2a: Alchemissus
|-supereffective|p2a: Alchemissus
|-damage|p2a: Alchemissus|2\/100
|
|-message|Venus is being swarmed by a flurry of Starly!
|-supereffective|p1a: Venus
|-damage|p1a: Venus|28\/100 tox
|-message|The flurry of Starly dispersed!
|-heal|p1a: Venus|34\/100 tox|[from] item: Black Sludge
|-damage|p1a: Venus|22\/100 tox|[from] psn
|upkeep
|turn|8
|
|t:|1658361474
|move|p2a: Alchemissus|Hex|p1a: Venus
|-damage|p1a: Venus|0 fnt
|faint|p1a: Venus
|
|upkeep
|
|t:|1658361481
|switch|p1a: Yaoguain't|Mienshao, M|100\/100
|turn|9
|
|t:|1658361485
|move|p1a: Yaoguain't|U-turn|p2a: Alchemissus
|-resisted|p2a: Alchemissus
|-damage|p2a: Alchemissus|0 fnt
|faint|p2a: Alchemissus
|
|t:|1658361496
|switch|p1a: Teyolitia|Playdol, M|100\/100|[from]move: U-turn
|-start|p1a: Teyolitia|typechange|Normal\/Ghost|[silent]
|raw|<ul class="utilichart"><li class="result"><span class="col pokemonnamecol" style="white-space: nowrap">Playdol<\/span> <span class="col typecol"><img src="https:\/\/dragonheaven.herokuapp.com\/sprites\/types\/Normal.png" alt="Normal" height="14" width="32"><img src="https:\/\/dragonheaven.herokuapp.com\/sprites\/types\/Ghost.png" alt="Ghost" height="14" width="32"><\/span> <span style="float: left ; min-height: 26px"><span class="col abilitycol">Telepathy \/ Anticipation<\/span><span class="col abilitycol"><\/span><\/span><\/li><li style="clear: both"><\/li><\/ul>
|raw|<ul class="utilichart"><li class="result"><span style="float: left ; min-height: 26px"><span class="col statcol"><em>HP<\/em><br>60<\/span> <span class="col statcol"><em>Atk<\/em><br>85<\/span> <span class="col statcol"><em>Def<\/em><br>90<\/span> <span class="col statcol"><em>SpA<\/em><br>85<\/span> <span class="col statcol"><em>SpD<\/em><br>105<\/span> <span class="col statcol"><em>Spe<\/em><br>75<\/span> <\/span><\/li><li style="clear: both"><\/li><\/ul>
|-hint|Playdol was created by Violet!
|
|upkeep
|
|t:|1658361506
|switch|p2a: Naganadel-Terrestr|Naganadel-Terrestrial, M|39\/100
|-start|p2a: Naganadel-Terrestr|typechange|Bug\/Dragon|[silent]
|turn|10
|
|t:|1658361515
|move|p1a: Teyolitia|Work Up|p1a: Teyolitia
|-boost|p1a: Teyolitia|atk|1
|-boost|p1a: Teyolitia|spa|1
|move|p2a: Naganadel-Terrestr|Toxic Spikes|p1a: Teyolitia
|-sidestart|p1: Violettes|move: Toxic Spikes
|
|upkeep
|turn|11
|
|t:|1658361525
|switch|p2a: Steelix|Steelix, F|100\/100
|move|p1a: Teyolitia|Rapid Spin|p2a: Steelix
|-resisted|p2a: Steelix
|-damage|p2a: Steelix|94\/100
|-boost|p1a: Teyolitia|spe|1
|-sideend|p1: Violettes|Toxic Spikes|[from] move: Rapid Spin|[of] p1a: Teyolitia
|
|-heal|p2a: Steelix|99\/100|[from] item: Leftovers
|upkeep
|turn|12
|j|+time to chill
|
|t:|1658361541
|move|p1a: Teyolitia|Work Up|p1a: Teyolitia
|-boost|p1a: Teyolitia|atk|1
|-boost|p1a: Teyolitia|spa|1
|move|p2a: Steelix|Gyro Ball|p1a: Teyolitia
|-damage|p1a: Teyolitia|32\/100
|
|-heal|p2a: Steelix|100\/100|[from] item: Leftovers
|upkeep
|turn|13
|
|t:|1658361547
|move|p1a: Teyolitia|Shadow Ball|p2a: Steelix
|-damage|p2a: Steelix|41\/100
|move|p2a: Steelix|Stealth Rock|p1a: Teyolitia
|-sidestart|p1: Violettes|move: Stealth Rock
|
|-heal|p2a: Steelix|47\/100|[from] item: Leftovers
|upkeep
|turn|14
|
|t:|1658361551
|move|p2a: Steelix|Protect|p2a: Steelix
|-singleturn|p2a: Steelix|Protect
|move|p1a: Teyolitia|Shadow Ball|p2a: Steelix
|-activate|p2a: Steelix|move: Protect
|
|-heal|p2a: Steelix|53\/100|[from] item: Leftovers
|upkeep
|turn|15
|
|t:|1658361553
|switch|p2a: Starly|Starly-Crown-Cloud, M|100\/100
|-start|p2a: Starly|typechange|Normal\/Flying|[silent]
|-start|p2a: Starly|typechange|Normal\/Flying|[silent]
|move|p1a: Teyolitia|Shadow Ball|p2a: Starly
|-immune|p2a: Starly
|
|-start|p2a: Starly|typechange|Normal\/Flying|[silent]
|upkeep
|turn|16
|
|t:|1658361557
|switch|p2a: Steelix|Steelix, F|53\/100
|move|p1a: Teyolitia|Body Slam|p2a: Steelix
|-resisted|p2a: Steelix
|-damage|p2a: Steelix|36\/100
|-status|p2a: Steelix|par
|
|-heal|p2a: Steelix|43\/100 par|[from] item: Leftovers
|upkeep
|turn|17
|
|t:|1658361569
|move|p1a: Teyolitia|Shadow Ball|p2a: Steelix
|-damage|p2a: Steelix|0 fnt
|faint|p2a: Steelix
|
|upkeep
|
|t:|1658361575
|switch|p2a: Tyrandra|Tyrandra, F|100\/100
|-start|p2a: Tyrandra|typechange|Dark\/Dragon|[silent]
|raw|<ul class="utilichart"><li class="result"><span class="col pokemonnamecol" style="white-space: nowrap">Tyrandra<\/span> <span class="col typecol"><img src="https:\/\/dragonheaven.herokuapp.com\/sprites\/types\/Dark.png" alt="Dark" height="14" width="32"><img src="https:\/\/dragonheaven.herokuapp.com\/sprites\/types\/Dragon.png" alt="Dragon" height="14" width="32"><\/span> <span style="float: left ; min-height: 26px"><span class="col abilitycol">Poison Point \/ Merciless \/ Damp<\/span><span class="col abilitycol"><\/span><\/span><\/li><li style="clear: both"><\/li><\/ul>
|raw|<ul class="utilichart"><li class="result"><span style="float: left ; min-height: 26px"><span class="col statcol"><em>HP<\/em><br>70<\/span> <span class="col statcol"><em>Atk<\/em><br>90<\/span> <span class="col statcol"><em>Def<\/em><br>95<\/span> <span class="col statcol"><em>SpA<\/em><br>90<\/span> <span class="col statcol"><em>SpD<\/em><br>95<\/span> <span class="col statcol"><em>Spe<\/em><br>100<\/span> <\/span><\/li><li style="clear: both"><\/li><\/ul>
|-hint|Tyrandra was created by ausma!
|turn|18
|
|t:|1658361584
|move|p1a: Teyolitia|Body Slam|p2a: Tyrandra
|-damage|p2a: Tyrandra|30\/100
|move|p2a: Tyrandra|Dark Pulse|p1a: Teyolitia
|-supereffective|p1a: Teyolitia
|-enditem|p1a: Teyolitia|Colbur Berry|[eat]
|-enditem|p1a: Teyolitia|Colbur Berry|[weaken]
|-damage|p1a: Teyolitia|0 fnt
|faint|p1a: Teyolitia
|
|upkeep
|
|t:|1658361597
|switch|p1a: Heart Scale|Adourami, F|100\/100
|-damage|p1a: Heart Scale|88\/100|[from] Stealth Rock
|-start|p1a: Heart Scale|typechange|Water\/Fairy|[silent]
|raw|<ul class="utilichart"><li class="result"><span class="col pokemonnamecol" style="white-space: nowrap">Adourami<\/span> <span class="col typecol"><img src="https:\/\/dragonheaven.herokuapp.com\/sprites\/types\/Water.png" alt="Water" height="14" width="32"><img src="https:\/\/dragonheaven.herokuapp.com\/sprites\/types\/Fairy.png" alt="Fairy" height="14" width="32"><\/span> <span style="float: left ; min-height: 26px"><span class="col abilitycol">Swift Swim \/ Soul-Heart \/ Unburden<\/span><span class="col abilitycol"><\/span><\/span><\/li><li style="clear: both"><\/li><\/ul>
|raw|<ul class="utilichart"><li class="result"><span style="float: left ; min-height: 26px"><span class="col statcol"><em>HP<\/em><br>63<\/span> <span class="col statcol"><em>Atk<\/em><br>30<\/span> <span class="col statcol"><em>Def<\/em><br>85<\/span> <span class="col statcol"><em>SpA<\/em><br>95<\/span> <span class="col statcol"><em>SpD<\/em><br>105<\/span> <span class="col statcol"><em>Spe<\/em><br>112<\/span> <\/span><\/li><li style="clear: both"><\/li><\/ul>
|-hint|Adourami was created by BlueRay!
|turn|19
|l|+H2OPulse
|
|t:|1658361615
|switch|p2a: Starly|Starly-Crown-Cloud, M|100\/100
|-start|p2a: Starly|typechange|Normal\/Flying|[silent]
|-start|p2a: Starly|typechange|Normal\/Flying|[silent]
|move|p1a: Heart Scale|Dazzling Gleam|p2a: Starly
|-damage|p2a: Starly|72\/100
|
|-heal|p1a: Heart Scale|94\/100|[from] item: Leftovers
|-start|p2a: Starly|typechange|Normal\/Flying|[silent]
|upkeep
|turn|20
|
|t:|1658361625
|move|p1a: Heart Scale|Substitute|p1a: Heart Scale
|-start|p1a: Heart Scale|Substitute
|-damage|p1a: Heart Scale|69\/100
|move|p2a: Starly|U-turn|p1a: Heart Scale
|-resisted|p1a: Heart Scale
|-activate|p1a: Heart Scale|move: Substitute|[damage]
|
|t:|1658361632
|switch|p2a: Rotom|Rotom-Wash|100\/100|[from]move: U-turn
|
|-heal|p1a: Heart Scale|75\/100|[from] item: Leftovers
|upkeep
|turn|21
|
|t:|1658361635
|move|p1a: Heart Scale|Dazzling Gleam|p2a: Rotom
|-damage|p2a: Rotom|68\/100
|move|p2a: Rotom|Volt Switch|p1a: Heart Scale
|-supereffective|p1a: Heart Scale
|-end|p1a: Heart Scale|Substitute
|
|t:|1658361640
|switch|p2a: Starly|Starly-Crown-Cloud, M|72\/100|[from]move: Volt Switch
|-start|p2a: Starly|typechange|Normal\/Flying|[silent]
|-start|p2a: Starly|typechange|Normal\/Flying|[silent]
|
|-heal|p1a: Heart Scale|81\/100|[from] item: Leftovers
|-start|p2a: Starly|typechange|Normal\/Flying|[silent]
|upkeep
|turn|22
|
|t:|1658361645
|move|p1a: Heart Scale|Substitute|p1a: Heart Scale
|-start|p1a: Heart Scale|Substitute
|-damage|p1a: Heart Scale|57\/100
|move|p2a: Starly|Flurry|p1a: Heart Scale
|-message|Starly called for help!
|
|-message|Heart Scale is being swarmed by a flurry of Starly!
|-anim|p2a: Starly|Sky Attack|p1a: Heart Scale
|-activate|p1a: Heart Scale|move: Substitute|[damage]
|-heal|p1a: Heart Scale|63\/100|[from] item: Leftovers
|-start|p2a: Starly|typechange|Normal\/Flying|[silent]
|upkeep
|turn|23
|
|t:|1658361656
|move|p1a: Heart Scale|Ice Beam|p2a: Starly
|-supereffective|p2a: Starly
|-damage|p2a: Starly|29\/100
|move|p2a: Starly|U-turn|p1a: Heart Scale
|-resisted|p1a: Heart Scale
|-end|p1a: Heart Scale|Substitute
|
|t:|1658361662
|switch|p2a: Rotom|Rotom-Wash|68\/100|[from]move: U-turn
|
|-message|Heart Scale is being swarmed by a flurry of Starly!
|-damage|p1a: Heart Scale|47\/100
|-heal|p1a: Heart Scale|53\/100|[from] item: Leftovers
|-heal|p2a: Rotom|74\/100|[from] item: Leftovers
|upkeep
|turn|24
|
|t:|1658361668
|move|p1a: Heart Scale|Substitute|p1a: Heart Scale
|-start|p1a: Heart Scale|Substitute
|-damage|p1a: Heart Scale|28\/100
|move|p2a: Rotom|Nasty Plot|p2a: Rotom
|-boost|p2a: Rotom|spa|2
|
|-message|Heart Scale is being swarmed by a flurry of Starly!
|-activate|p1a: Heart Scale|move: Substitute|[damage]
|-heal|p1a: Heart Scale|34\/100|[from] item: Leftovers
|-heal|p2a: Rotom|80\/100|[from] item: Leftovers
|upkeep
|turn|25
|
|t:|1658361672
|move|p1a: Heart Scale|Dazzling Gleam|p2a: Rotom
|-damage|p2a: Rotom|45\/100
|move|p2a: Rotom|Hydro Pump|p1a: Heart Scale
|-resisted|p1a: Heart Scale
|-end|p1a: Heart Scale|Substitute
|
|-message|Heart Scale is being swarmed by a flurry of Starly!
|-damage|p1a: Heart Scale|19\/100
|-heal|p1a: Heart Scale|25\/100|[from] item: Leftovers
|-heal|p2a: Rotom|51\/100|[from] item: Leftovers
|upkeep
|turn|26
|
|t:|1658361689
|switch|p1a: Barghest|Arcanine, M|85\/100
|-ability|p1a: Barghest|Intimidate|boost
|-unboost|p2a: Rotom|atk|1
|move|p2a: Rotom|Hydro Pump|p1a: Barghest
|-supereffective|p1a: Barghest
|-damage|p1a: Barghest|0 fnt
|faint|p1a: Barghest
|
|-hint|Flurry did not hit because the target is the user.
|-heal|p2a: Rotom|58\/100|[from] item: Leftovers
|upkeep
|
|t:|1658361692
|switch|p1a: Yaoguain't|Mienshao, M|100\/100
|-damage|p1a: Yaoguain't|95\/100|[from] Stealth Rock
|turn|27
|
|t:|1658361698
|switch|p2a: Starly|Starly-Crown-Cloud, M|29\/100
|-start|p2a: Starly|typechange|Normal\/Flying|[silent]
|-start|p2a: Starly|typechange|Normal\/Flying|[silent]
|move|p1a: Yaoguain't|Close Combat|p2a: Starly
|-damage|p2a: Starly|0 fnt
|-unboost|p1a: Yaoguain't|def|1
|-unboost|p1a: Yaoguain't|spd|1
|faint|p2a: Starly
|detailschange|p2a: Starly|Starly-Crown, M
|-message|Starly changed to Solo Form...
|
|upkeep
|
|t:|1658361700
|switch|p2a: Naganadel-Terrestr|Naganadel-Terrestrial, M|72\/100
|-start|p2a: Naganadel-Terrestr|typechange|Bug\/Dragon|[silent]
|turn|28
|
|t:|1658361716
|switch|p1a: Heart Scale|Adourami, F|25\/100
|-start|p1a: Heart Scale|typechange|Water\/Fairy|[silent]
|-damage|p1a: Heart Scale|13\/100|[from] Stealth Rock
|move|p2a: Naganadel-Terrestr|Toxic Spikes|p1a: Heart Scale
|-sidestart|p1: Violettes|move: Toxic Spikes
|
|-heal|p1a: Heart Scale|19\/100|[from] item: Leftovers
|upkeep
|turn|29
|
|t:|1658361720
|move|p1a: Heart Scale|Dazzling Gleam|p2a: Naganadel-Terrestr
|-supereffective|p2a: Naganadel-Terrestr
|-damage|p2a: Naganadel-Terrestr|0 fnt
|faint|p2a: Naganadel-Terrestr
|-ability|p1a: Heart Scale|Soul-Heart|boost
|-boost|p1a: Heart Scale|spa|1
|
|-heal|p1a: Heart Scale|25\/100|[from] item: Leftovers
|upkeep
|
|t:|1658361724
|switch|p2a: Rotom|Rotom-Wash|58\/100
|turn|30
|
|t:|1658361734
|move|p1a: Heart Scale|Dazzling Gleam|p2a: Rotom
|-damage|p2a: Rotom|3\/100
|move|p2a: Rotom|Volt Switch|p1a: Heart Scale
|-supereffective|p1a: Heart Scale
|-crit|p1a: Heart Scale
|-damage|p1a: Heart Scale|0 fnt
|faint|p1a: Heart Scale
|
|t:|1658361736
|switch|p2a: Tyrandra|Tyrandra, F|30\/100|[from]move: Volt Switch
|-start|p2a: Tyrandra|typechange|Dark\/Dragon|[silent]
|
|upkeep
|
|t:|1658361740
|switch|p1a: Yaoguain't|Mienshao, M|100\/100
|-damage|p1a: Yaoguain't|95\/100|[from] Stealth Rock
|-status|p1a: Yaoguain't|psn
|turn|31
|
|t:|1658361770
|move|p1a: Yaoguain't|Close Combat|p2a: Tyrandra
|-supereffective|p2a: Tyrandra
|-damage|p2a: Tyrandra|0 fnt
|-unboost|p1a: Yaoguain't|def|1
|-unboost|p1a: Yaoguain't|spd|1
|faint|p2a: Tyrandra
|
|-damage|p1a: Yaoguain't|82\/100 psn|[from] psn
|upkeep
|
|t:|1658361772
|switch|p2a: Rotom|Rotom-Wash|3\/100
|turn|32
|
|t:|1658361779
|move|p1a: Yaoguain't|Close Combat|p2a: Rotom
|-damage|p2a: Rotom|0 fnt
|-unboost|p1a: Yaoguain't|def|1
|-unboost|p1a: Yaoguain't|spd|1
|faint|p2a: Rotom
|
|win|Violettes
|l|+time to chill
|j| london13
|l| london13
|l|☆Violettes
|j|+time to chill
|l|+time to chill</script>
</div>
<div class="battle-log battle-log-inline"><div class="inner"><div class="battle-options"><div style="padding-top: 3px; padding-right: 3px; text-align: right"><button class="icon button" name="openBattleOptions" title="Options">Battle Options</button></div></div><div class="inner message-log"><div class="chat"><small>☆Violettes and ☆god of joe joined</small></div><div class=""><small>Format:</small> <br><strong>[Gen 8] Evolution Project</strong></div><div class=""><small><em>HP Percentage Mod:</em> HP is shown in percentages</small></div><div class=""><small><em>Endless Battle Clause:</em> Forcing endless battles is banned</small></div><div class=""><small><em>OHKO Clause:</em> OHKO moves are banned</small></div><div class=""><small><em>Evasion Moves Clause:</em> Evasion moves are banned</small></div><div class=""><small><em>Species Clause:</em> Limit one of each Pokémon</small></div><div class=""><small><em>Dynamax Clause:</em> You cannot dynamax</small></div><div class=""><small><em>Sleep Clause Mod:</em> Limit one foe put to sleep</small></div><div class=""><small><em>Z-Move Clause:</em> Type-based Z-Moves are banned</small></div><div class="chat battle-history"><strong>Violettes's team:</strong> <em style="color:#445566;display:block;">Resurrectric / Carnivenom / Mienshao / Playdol / Adourami / Arcanine</em></div><div class="chat battle-history"><strong>god of joe's team:</strong> <em style="color:#445566;display:block;">Tyrandra / Naganadel-Terrestrial / Alchemissus / Steelix / Rotom-Wash / Starly-Crown</em></div><div class="chat"><small>~inkbug1 and +H2OPulse joined</small></div><div class="spacer battle-history"><br></div><div class="battle-history">Battle started between Violettes and god of joe!<br></div><div class="spacer battle-history"><br></div><div class="battle-history">Go! Yaoguain't (<strong>Mienshao</strong>)!<br></div><div class="spacer battle-history"><br></div><div class="battle-history">god of joe sent out Naganadel-Terrestr (<strong>Naganadel-Terrestrial</strong>)!<br></div><div class="chat"><ul class="utilichart"><li class="result"><span class="col pokemonnamecol" style="white-space: nowrap">Naganadel-Terrestrial</span> <span class="col typecol"><img src="https://dragonheaven.herokuapp.com/sprites/types/Bug.png" alt="Bug" height="14" width="32"><img src="https://dragonheaven.herokuapp.com/sprites/types/Dragon.png" alt="Dragon" height="14" width="32"></span> <span style="float: left ; min-height: 26px"><span class="col abilitycol">Regenerator / Beast Boost</span><span class="col abilitycol"></span></span></li><li style="clear: both"></li></ul></div><div class="chat"><ul class="utilichart"><li class="result"><span style="float: left ; min-height: 26px"><span class="col statcol"><em>HP</em><br>73</span> <span class="col statcol"><em>Atk</em><br>127</span> <span class="col statcol"><em>Def</em><br>73</span> <span class="col statcol"><em>SpA</em><br>127</span> <span class="col statcol"><em>SpD</em><br>73</span> <span class="col statcol"><em>Spe</em><br>67</span> </span></li><li style="clear: both"></li></ul></div><div class="battle-history"><small>(Naganadel-Terrestrial was created by KeroseneZanchu!)</small><br></div><div class="spacer battle-history"><br></div><h2 class="battle-history">Turn 1</h2><div class="spacer battle-history"><br></div><div class="battle-history">Yaoguain't used <strong>Knock Off</strong>!<br></div><div class="battle-history"><small>(The opposing Naganadel-Terrestr lost 59% of its health!)</small><br></div><div class="battle-history"><small>Yaoguain't knocked off the opposing Naganadel-Terrestr's Heavy-Duty Boots!</small><br></div><div class="spacer battle-history"><br></div><div class="battle-history">The opposing Naganadel-Terrestr used <strong>Toxic Spikes</strong>!<br></div><div class="battle-history"><small>Poison spikes were scattered on the ground all around your team!</small><br></div><div class="spacer battle-history"><br></div><h2 class="battle-history">Turn 2</h2><div class="spacer battle-history"><br></div><div class="battle-history">Yaoguain't used <strong>Knock Off</strong>!<br></div><div class="battle-history"><small>(The opposing Naganadel-Terrestr lost 35% of its health!)</small><br></div><div class="spacer battle-history"><br></div><div class="battle-history">The opposing Naganadel-Terrestr used <strong>U-turn</strong>!<br></div><div class="battle-history"><small>It's not very effective...</small><br></div><div class="battle-history"><small>(Yaoguain't lost 28% of its health!)</small><br></div><div class="spacer battle-history"><br></div><div class="battle-history">The opposing Naganadel-Terrestr went back to god of joe!<br></div><div class="battle-history">god of joe sent out Starly (<strong>Starly-Crown</strong>)!<br></div><div class="chat"><ul class="utilichart"><li class="result"><span class="col pokemonnamecol" style="white-space: nowrap">Starly-Crown</span> <span class="col typecol"><img src="https://dragonheaven.herokuapp.com/sprites/types/Normal.png" alt="Normal" height="14" width="32"><img src="https://dragonheaven.herokuapp.com/sprites/types/Flying.png" alt="Flying" height="14" width="32"></span> <span style="float: left ; min-height: 26px"><span class="col abilitycol">Murmuration</span><span class="col abilitycol"></span></span></li><li style="clear: both"></li></ul></div><div class="chat"><ul class="utilichart"><li class="result"><span style="float: left ; min-height: 26px"><span class="col statcol"><em>HP</em><br>40</span> <span class="col statcol"><em>Atk</em><br>55</span> <span class="col statcol"><em>Def</em><br>30</span> <span class="col statcol"><em>SpA</em><br>30</span> <span class="col statcol"><em>SpD</em><br>30</span> <span class="col statcol"><em>Spe</em><br>60</span> </span></li><li style="clear: both"></li></ul></div><div class="battle-history"><small>(Starly-Crown was created by KeroseneZanchu!)</small><br></div><div class="chat"><ul class="utilichart"><li class="result"><span class="col pokemonnamecol" style="white-space: nowrap">Starly-Crown-Cloud</span> <span class="col typecol"><img src="https://dragonheaven.herokuapp.com/sprites/types/Normal.png" alt="Normal" height="14" width="32"><img src="https://dragonheaven.herokuapp.com/sprites/types/Flying.png" alt="Flying" height="14" width="32"></span> <span style="float: left ; min-height: 26px"><span class="col abilitycol">Murmuration</span><span class="col abilitycol"></span></span><span style="float: left ; min-height: 26px"><span class="col statcol"><em>HP</em><br>40</span> <span class="col statcol"><em>Atk</em><br>120</span> <span class="col statcol"><em>Def</em><br>170</span> <span class="col statcol"><em>SpA</em><br>50</span> <span class="col statcol"><em>SpD</em><br>161</span> <span class="col statcol"><em>Spe</em><br>100</span> </span></li><li style="clear: both"></li></ul></div><div class="battle-history"><small>Starly changed to Cloud Form!</small><br></div><div class="chat"><ul class="utilichart"><li class="result"><span class="col pokemonnamecol" style="white-space: nowrap">Starly-Crown-Cloud</span> <span class="col typecol"><img src="https://dragonheaven.herokuapp.com/sprites/types/Normal.png" alt="Normal" height="14" width="32"><img src="https://dragonheaven.herokuapp.com/sprites/types/Flying.png" alt="Flying" height="14" width="32"></span> <span style="float: left ; min-height: 26px"><span class="col abilitycol">Murmuration</span><span class="col abilitycol"></span></span><span style="float: left ; min-height: 26px"><span class="col statcol"><em>HP</em><br>40</span> <span class="col statcol"><em>Atk</em><br>120</span> <span class="col statcol"><em>Def</em><br>170</span> <span class="col statcol"><em>SpA</em><br>50</span> <span class="col statcol"><em>SpD</em><br>161</span> <span class="col statcol"><em>Spe</em><br>100</span> </span></li><li style="clear: both"></li></ul></div><div class="spacer battle-history"><br></div><h2 class="battle-history">Turn 3</h2><div class="spacer battle-history"><br></div><div class="battle-history">Yaoguain't, come back!<br></div><div class="battle-history">Go! Barghest (<strong>Arcanine</strong>)!<br></div><div class="battle-history">[Barghest's Intimidate]<br></div><div class="battle-history"><small>The opposing Starly's Attack fell!</small><br></div><div class="spacer battle-history"><br></div><div class="battle-history">The opposing Starly used <strong>Flurry</strong>!<br></div><div class="battle-history"><small>Starly called for help!</small><br></div><div class="spacer battle-history"><br></div><div class="battle-history"><small>Barghest is being swarmed by a flurry of Starly!</small><br></div><div class="battle-history"><small>(Barghest lost 7% of its health!)</small><br></div><div class="spacer battle-history"><br></div><h2 class="battle-history">Turn 4</h2><div class="spacer battle-history"><br></div><div class="battle-history">The opposing Starly used <strong>U-turn</strong>!<br></div><div class="battle-history"><small>It's not very effective...</small><br></div><div class="battle-history"><small>(Barghest lost 8% of its health!)</small><br></div><div class="spacer battle-history"><br></div><div class="battle-history">The opposing Starly went back to god of joe!<br></div><div class="battle-history">god of joe sent out Rotom (<strong>Rotom-Wash</strong>)!<br></div><div class="spacer battle-history"><br></div><div class="battle-history">Barghest used <strong>Teleport</strong>!<br></div><div class="spacer battle-history"><br></div><div class="battle-history">Barghest, come back!<br></div><div class="battle-history">Go! Venus (<strong>Carnivenom</strong>)!<br></div><div class="chat"><ul class="utilichart"><li class="result"><span class="col pokemonnamecol" style="white-space: nowrap">Carnivenom</span> <span class="col typecol"><img src="https://dragonheaven.herokuapp.com/sprites/types/Grass.png" alt="Grass" height="14" width="32"><img src="https://dragonheaven.herokuapp.com/sprites/types/Poison.png" alt="Poison" height="14" width="32"></span> <span style="float: left ; min-height: 26px"><span class="col abilitycol">Levitate</span><span class="col abilitycol"></span></span></li><li style="clear: both"></li></ul></div><div class="chat"><ul class="utilichart"><li class="result"><span style="float: left ; min-height: 26px"><span class="col statcol"><em>HP</em><br>94</span> <span class="col statcol"><em>Atk</em><br>105</span> <span class="col statcol"><em>Def</em><br>82</span> <span class="col statcol"><em>SpA</em><br>100</span> <span class="col statcol"><em>SpD</em><br>102</span> <span class="col statcol"><em>Spe</em><br>51</span> </span></li><li style="clear: both"></li></ul></div><div class="battle-history"><small>(Carnivenom was created by inkbug!)</small><br></div><div class="spacer battle-history"><br></div><div class="battle-history"><small>Venus is being swarmed by a flurry of Starly!</small><br></div><div class="battle-history"><small>It's super effective!</small><br></div><div class="battle-history"><small>(Venus lost 14% of its health!)</small><br></div><div class="battle-history"><small>Venus restored a little HP using its Black Sludge!</small><br></div><div class="spacer battle-history"><br></div><h2 class="battle-history">Turn 5</h2><div class="spacer battle-history"><br></div><div class="battle-history">The opposing Rotom used <strong>Volt Switch</strong>!<br></div><div class="battle-history"><small>It's not very effective...</small><br></div><div class="battle-history"><small>(Venus lost 11% of its health!)</small><br></div><div class="spacer battle-history"><br></div><div class="battle-history">The opposing Rotom went back to god of joe!<br></div><div class="battle-history">god of joe sent out <strong>Alchemissus</strong>!<br></div><div class="chat"><ul class="utilichart"><li class="result"><span class="col pokemonnamecol" style="white-space: nowrap">Alchemissus</span> <span class="col typecol"><img src="https://dragonheaven.herokuapp.com/sprites/types/Ghost.png" alt="Ghost" height="14" width="32"><img src="https://dragonheaven.herokuapp.com/sprites/types/Poison.png" alt="Poison" height="14" width="32"></span> <span style="float: left ; min-height: 26px"><span class="col abilitycol">Levitate / Corrosion / Gluttony</span><span class="col abilitycol"></span></span></li><li style="clear: both"></li></ul></div><div class="chat"><ul class="utilichart"><li class="result"><span style="float: left ; min-height: 26px"><span class="col statcol"><em>HP</em><br>66</span> <span class="col statcol"><em>Atk</em><br>66</span> <span class="col statcol"><em>Def</em><br>66</span> <span class="col statcol"><em>SpA</em><br>114</span> <span class="col statcol"><em>SpD</em><br>113</span> <span class="col statcol"><em>Spe</em><br>107</span> </span></li><li style="clear: both"></li></ul></div><div class="battle-history"><small>(Alchemissus was created by KeroseneZanchu!)</small><br></div><div class="spacer battle-history"><br></div><div class="battle-history">Venus used <strong>Defog</strong>!<br></div><div class="battle-history"><small>The opposing Alchemissus's evasiveness fell!</small><br></div><div class="battle-history"><small>The poison spikes disappeared from the ground around your team!</small><br></div><div class="spacer battle-history"><br></div><div class="battle-history"><small>Venus is being swarmed by a flurry of Starly!</small><br></div><div class="battle-history"><small>It's super effective!</small><br></div><div class="battle-history"><small>(Venus lost 16% of its health!)</small><br></div><div class="battle-history"><small>Venus restored a little HP using its Black Sludge!</small><br></div><div class="spacer battle-history"><br></div><h2 class="battle-history">Turn 6</h2><div class="spacer battle-history"><br></div><div class="battle-history">The opposing Alchemissus used <strong>Toxic</strong>!<br></div><div class="battle-history"><small>Venus was badly poisoned!</small><br></div><div class="spacer battle-history"><br></div><div class="battle-history">Venus used <strong>Knock Off</strong>!<br></div><div class="battle-history"><small>It's super effective!</small><br></div><div class="battle-history"><small>(The opposing Alchemissus lost 67% of its health!)</small><br></div><div class="battle-history"><small>Venus knocked off the opposing Alchemissus's Black Sludge!</small><br></div><div class="spacer battle-history"><br></div><div class="battle-history"><small>Venus is being swarmed by a flurry of Starly!</small><br></div><div class="battle-history"><small>It's super effective!</small><br></div><div class="battle-history"><small>(Venus lost 16% of its health!)</small><br></div><div class="battle-history"><small>Venus restored a little HP using its Black Sludge!</small><br></div><div class="battle-history"><small>Venus was hurt by poison!</small><br></div><div class="spacer battle-history"><br></div><h2 class="battle-history">Turn 7</h2><div class="spacer battle-history"><br></div><div class="battle-history">The opposing Alchemissus used <strong>Pain Split</strong>!<br></div><div class="battle-history"><small>The battlers shared their pain!</small><br></div><div class="spacer battle-history"><br></div><div class="battle-history">Venus used <strong>Knock Off</strong>!<br></div><div class="battle-history"><small>It's super effective!</small><br></div><div class="battle-history"><small>(The opposing Alchemissus lost 47% of its health!)</small><br></div><div class="spacer battle-history"><br></div><div class="battle-history"><small>Venus is being swarmed by a flurry of Starly!</small><br></div><div class="battle-history"><small>It's super effective!</small><br></div><div class="battle-history"><small>(Venus lost 14% of its health!)</small><br></div><div class="battle-history"><small>The flurry of Starly dispersed!</small><br></div><div class="battle-history"><small>Venus restored a little HP using its Black Sludge!</small><br></div><div class="battle-history"><small>Venus was hurt by poison!</small><br></div><div class="spacer battle-history"><br></div><h2 class="battle-history">Turn 8</h2><div class="spacer battle-history"><br></div><div class="battle-history">The opposing Alchemissus used <strong>Hex</strong>!<br></div><div class="battle-history"><small>(Venus lost 22% of its health!)</small><br></div><div class="spacer battle-history"><br></div><div class="battle-history">Venus fainted!<br></div><div class="spacer battle-history"><br></div><div class="battle-history">Go! Yaoguain't (<strong>Mienshao</strong>)!<br></div><div class="spacer battle-history"><br></div><h2 class="battle-history">Turn 9</h2><div class="spacer battle-history"><br></div><div class="battle-history">Yaoguain't used <strong>U-turn</strong>!<br></div><div class="battle-history"><small>It's not very effective...</small><br></div><div class="battle-history"><small>(The opposing Alchemissus lost 2% of its health!)</small><br></div><div class="spacer battle-history"><br></div><div class="battle-history">The opposing Alchemissus fainted!<br></div><div class="spacer battle-history"><br></div><div class="battle-history">Yaoguain't went back to Violettes!<br></div><div class="battle-history">Go! Teyolitia (<strong>Playdol</strong>)!<br></div><div class="chat"><ul class="utilichart"><li class="result"><span class="col pokemonnamecol" style="white-space: nowrap">Playdol</span> <span class="col typecol"><img src="https://dragonheaven.herokuapp.com/sprites/types/Normal.png" alt="Normal" height="14" width="32"><img src="https://dragonheaven.herokuapp.com/sprites/types/Ghost.png" alt="Ghost" height="14" width="32"></span> <span style="float: left ; min-height: 26px"><span class="col abilitycol">Telepathy / Anticipation</span><span class="col abilitycol"></span></span></li><li style="clear: both"></li></ul></div><div class="chat"><ul class="utilichart"><li class="result"><span style="float: left ; min-height: 26px"><span class="col statcol"><em>HP</em><br>60</span> <span class="col statcol"><em>Atk</em><br>85</span> <span class="col statcol"><em>Def</em><br>90</span> <span class="col statcol"><em>SpA</em><br>85</span> <span class="col statcol"><em>SpD</em><br>105</span> <span class="col statcol"><em>Spe</em><br>75</span> </span></li><li style="clear: both"></li></ul></div><div class="battle-history"><small>(Playdol was created by Violet!)</small><br></div><div class="spacer battle-history"><br></div><div class="battle-history">god of joe sent out Naganadel-Terrestr (<strong>Naganadel-Terrestrial</strong>)!<br></div><div class="spacer battle-history"><br></div><h2 class="battle-history">Turn 10</h2><div class="spacer battle-history"><br></div><div class="battle-history">Teyolitia used <strong>Work Up</strong>!<br></div><div class="battle-history"><small>Teyolitia's Attack rose!</small><br></div><div class="battle-history"><small>Teyolitia's Sp. Atk rose!</small><br></div><div class="spacer battle-history"><br></div><div class="battle-history">The opposing Naganadel-Terrestr used <strong>Toxic Spikes</strong>!<br></div><div class="battle-history"><small>Poison spikes were scattered on the ground all around your team!</small><br></div><div class="spacer battle-history"><br></div><h2 class="battle-history">Turn 11</h2><div class="spacer battle-history"><br></div><div class="battle-history">god of joe withdrew Naganadel-Terrestr!<br></div><div class="battle-history">god of joe sent out <strong>Steelix</strong>!<br></div><div class="spacer battle-history"><br></div><div class="battle-history">Teyolitia used <strong>Rapid Spin</strong>!<br></div><div class="battle-history"><small>It's not very effective...</small><br></div><div class="battle-history"><small>(The opposing Steelix lost 6% of its health!)</small><br></div><div class="battle-history"><small>Teyolitia's Speed rose!</small><br></div><div class="battle-history"><small>The poison spikes disappeared from the ground around your team!</small><br></div><div class="spacer battle-history"><br></div><div class="battle-history"><small>The opposing Steelix restored a little HP using its Leftovers!</small><br></div><div class="spacer battle-history"><br></div><h2 class="battle-history">Turn 12</h2><div class="chat"><small>+time to chill joined</small></div><div class="spacer battle-history"><br></div><div class="battle-history">Teyolitia used <strong>Work Up</strong>!<br></div><div class="battle-history"><small>Teyolitia's Attack rose!</small><br></div><div class="battle-history"><small>Teyolitia's Sp. Atk rose!</small><br></div><div class="spacer battle-history"><br></div><div class="battle-history">The opposing Steelix used <strong>Gyro Ball</strong>!<br></div><div class="battle-history"><small>(Teyolitia lost 68% of its health!)</small><br></div><div class="spacer battle-history"><br></div><div class="battle-history"><small>The opposing Steelix restored a little HP using its Leftovers!</small><br></div><div class="spacer battle-history"><br></div><h2 class="battle-history">Turn 13</h2><div class="spacer battle-history"><br></div><div class="battle-history">Teyolitia used <strong>Shadow Ball</strong>!<br></div><div class="battle-history"><small>(The opposing Steelix lost 59% of its health!)</small><br></div><div class="spacer battle-history"><br></div><div class="battle-history">The opposing Steelix used <strong>Stealth Rock</strong>!<br></div><div class="battle-history"><small>Pointed stones float in the air around your team!</small><br></div><div class="spacer battle-history"><br></div><div class="battle-history"><small>The opposing Steelix restored a little HP using its Leftovers!</small><br></div><div class="spacer battle-history"><br></div><h2 class="battle-history">Turn 14</h2><div class="spacer battle-history"><br></div><div class="battle-history">The opposing Steelix used <strong>Protect</strong>!<br></div><div class="battle-history"><small>The opposing Steelix protected itself!</small><br></div><div class="spacer battle-history"><br></div><div class="battle-history">Teyolitia used <strong>Shadow Ball</strong>!<br></div><div class="battle-history"><small>The opposing Steelix protected itself!</small><br></div><div class="spacer battle-history"><br></div><div class="battle-history"><small>The opposing Steelix restored a little HP using its Leftovers!</small><br></div><div class="spacer battle-history"><br></div><h2 class="battle-history">Turn 15</h2><div class="spacer battle-history"><br></div><div class="battle-history">god of joe withdrew Steelix!<br></div><div class="battle-history">god of joe sent out Starly (<strong>Starly-Crown-Cloud</strong>)!<br></div><div class="spacer battle-history"><br></div><div class="battle-history">Teyolitia used <strong>Shadow Ball</strong>!<br></div><div class="battle-history"><small>It doesn't affect the opposing Starly...</small><br></div><div class="spacer battle-history"><br></div><h2 class="battle-history">Turn 16</h2><div class="spacer battle-history"><br></div><div class="battle-history">god of joe withdrew Starly!<br></div><div class="battle-history">god of joe sent out <strong>Steelix</strong>!<br></div><div class="spacer battle-history"><br></div><div class="battle-history">Teyolitia used <strong>Body Slam</strong>!<br></div><div class="battle-history"><small>It's not very effective...</small><br></div><div class="battle-history"><small>(The opposing Steelix lost 17% of its health!)</small><br></div><div class="battle-history"><small>The opposing Steelix is paralyzed! It may be unable to move!</small><br></div><div class="spacer battle-history"><br></div><div class="battle-history"><small>The opposing Steelix restored a little HP using its Leftovers!</small><br></div><div class="spacer battle-history"><br></div><h2 class="battle-history">Turn 17</h2><div class="spacer battle-history"><br></div><div class="battle-history">Teyolitia used <strong>Shadow Ball</strong>!<br></div><div class="battle-history"><small>(The opposing Steelix lost 43% of its health!)</small><br></div><div class="spacer battle-history"><br></div><div class="battle-history">The opposing Steelix fainted!<br></div><div class="spacer battle-history"><br></div><div class="battle-history">god of joe sent out <strong>Tyrandra</strong>!<br></div><div class="chat"><ul class="utilichart"><li class="result"><span class="col pokemonnamecol" style="white-space: nowrap">Tyrandra</span> <span class="col typecol"><img src="https://dragonheaven.herokuapp.com/sprites/types/Dark.png" alt="Dark" height="14" width="32"><img src="https://dragonheaven.herokuapp.com/sprites/types/Dragon.png" alt="Dragon" height="14" width="32"></span> <span style="float: left ; min-height: 26px"><span class="col abilitycol">Poison Point / Merciless / Damp</span><span class="col abilitycol"></span></span></li><li style="clear: both"></li></ul></div><div class="chat"><ul class="utilichart"><li class="result"><span style="float: left ; min-height: 26px"><span class="col statcol"><em>HP</em><br>70</span> <span class="col statcol"><em>Atk</em><br>90</span> <span class="col statcol"><em>Def</em><br>95</span> <span class="col statcol"><em>SpA</em><br>90</span> <span class="col statcol"><em>SpD</em><br>95</span> <span class="col statcol"><em>Spe</em><br>100</span> </span></li><li style="clear: both"></li></ul></div><div class="battle-history"><small>(Tyrandra was created by ausma!)</small><br></div><div class="spacer battle-history"><br></div><h2 class="battle-history">Turn 18</h2><div class="spacer battle-history"><br></div><div class="battle-history">Teyolitia used <strong>Body Slam</strong>!<br></div><div class="battle-history"><small>(The opposing Tyrandra lost 70% of its health!)</small><br></div><div class="spacer battle-history"><br></div><div class="battle-history">The opposing Tyrandra used <strong>Dark Pulse</strong>!<br></div><div class="battle-history"><small>It's super effective!</small><br></div><div class="battle-history"><small>(Teyolitia ate its Colbur Berry!)</small><br></div><div class="battle-history"><small>The Colbur Berry weakened the damage to Teyolitia!</small><br></div><div class="battle-history"><small>(Teyolitia lost 32% of its health!)</small><br></div><div class="spacer battle-history"><br></div><div class="battle-history">Teyolitia fainted!<br></div><div class="spacer battle-history"><br></div><div class="battle-history">Go! Heart Scale (<strong>Adourami</strong>)!<br></div><div class="battle-history"><small>Pointed stones dug into Heart Scale!</small><br></div><div class="chat"><ul class="utilichart"><li class="result"><span class="col pokemonnamecol" style="white-space: nowrap">Adourami</span> <span class="col typecol"><img src="https://dragonheaven.herokuapp.com/sprites/types/Water.png" alt="Water" height="14" width="32"><img src="https://dragonheaven.herokuapp.com/sprites/types/Fairy.png" alt="Fairy" height="14" width="32"></span> <span style="float: left ; min-height: 26px"><span class="col abilitycol">Swift Swim / Soul-Heart / Unburden</span><span class="col abilitycol"></span></span></li><li style="clear: both"></li></ul></div><div class="chat"><ul class="utilichart"><li class="result"><span style="float: left ; min-height: 26px"><span class="col statcol"><em>HP</em><br>63</span> <span class="col statcol"><em>Atk</em><br>30</span> <span class="col statcol"><em>Def</em><br>85</span> <span class="col statcol"><em>SpA</em><br>95</span> <span class="col statcol"><em>SpD</em><br>105</span> <span class="col statcol"><em>Spe</em><br>112</span> </span></li><li style="clear: both"></li></ul></div><div class="battle-history"><small>(Adourami was created by BlueRay!)</small><br></div><div class="spacer battle-history"><br></div><h2 class="battle-history">Turn 19</h2><div class="chat"><small>+H2OPulse left</small></div><div class="spacer battle-history"><br></div><div class="battle-history">god of joe withdrew Tyrandra!<br></div><div class="battle-history">god of joe sent out Starly (<strong>Starly-Crown-Cloud</strong>)!<br></div><div class="spacer battle-history"><br></div><div class="battle-history">Heart Scale used <strong>Dazzling Gleam</strong>!<br></div><div class="battle-history"><small>(The opposing Starly lost 28% of its health!)</small><br></div><div class="spacer battle-history"><br></div><div class="battle-history"><small>Heart Scale restored a little HP using its Leftovers!</small><br></div><div class="spacer battle-history"><br></div><h2 class="battle-history">Turn 20</h2><div class="spacer battle-history"><br></div><div class="battle-history">Heart Scale used <strong>Substitute</strong>!<br></div><div class="battle-history"><small>Heart Scale put in a substitute!</small><br></div><div class="battle-history"><small>(Heart Scale lost 25% of its health!)</small><br></div><div class="spacer battle-history"><br></div><div class="battle-history">The opposing Starly used <strong>U-turn</strong>!<br></div><div class="battle-history"><small>It's not very effective...</small><br></div><div class="battle-history"><small>The substitute took damage for Heart Scale!</small><br></div><div class="spacer battle-history"><br></div><div class="battle-history">The opposing Starly went back to god of joe!<br></div><div class="battle-history">god of joe sent out Rotom (<strong>Rotom-Wash</strong>)!<br></div><div class="spacer battle-history"><br></div><div class="battle-history"><small>Heart Scale restored a little HP using its Leftovers!</small><br></div><div class="spacer battle-history"><br></div><h2 class="battle-history">Turn 21</h2><div class="spacer battle-history"><br></div><div class="battle-history">Heart Scale used <strong>Dazzling Gleam</strong>!<br></div><div class="battle-history"><small>(The opposing Rotom lost 32% of its health!)</small><br></div><div class="spacer battle-history"><br></div><div class="battle-history">The opposing Rotom used <strong>Volt Switch</strong>!<br></div><div class="battle-history"><small>It's super effective!</small><br></div><div class="battle-history"><small>Heart Scale's substitute faded!</small><br></div><div class="spacer battle-history"><br></div><div class="battle-history">The opposing Rotom went back to god of joe!<br></div><div class="battle-history">god of joe sent out Starly (<strong>Starly-Crown-Cloud</strong>)!<br></div><div class="spacer battle-history"><br></div><div class="battle-history"><small>Heart Scale restored a little HP using its Leftovers!</small><br></div><div class="spacer battle-history"><br></div><h2 class="battle-history">Turn 22</h2><div class="spacer battle-history"><br></div><div class="battle-history">Heart Scale used <strong>Substitute</strong>!<br></div><div class="battle-history"><small>Heart Scale put in a substitute!</small><br></div><div class="battle-history"><small>(Heart Scale lost 24% of its health!)</small><br></div><div class="spacer battle-history"><br></div><div class="battle-history">The opposing Starly used <strong>Flurry</strong>!<br></div><div class="battle-history"><small>Starly called for help!</small><br></div><div class="spacer battle-history"><br></div><div class="battle-history"><small>Heart Scale is being swarmed by a flurry of Starly!</small><br></div><div class="battle-history"><small>The substitute took damage for Heart Scale!</small><br></div><div class="battle-history"><small>Heart Scale restored a little HP using its Leftovers!</small><br></div><div class="spacer battle-history"><br></div><h2 class="battle-history">Turn 23</h2><div class="spacer battle-history"><br></div><div class="battle-history">Heart Scale used <strong>Ice Beam</strong>!<br></div><div class="battle-history"><small>It's super effective!</small><br></div><div class="battle-history"><small>(The opposing Starly lost 43% of its health!)</small><br></div><div class="spacer battle-history"><br></div><div class="battle-history">The opposing Starly used <strong>U-turn</strong>!<br></div><div class="battle-history"><small>It's not very effective...</small><br></div><div class="battle-history"><small>Heart Scale's substitute faded!</small><br></div><div class="spacer battle-history"><br></div><div class="battle-history">The opposing Starly went back to god of joe!<br></div><div class="battle-history">god of joe sent out Rotom (<strong>Rotom-Wash</strong>)!<br></div><div class="spacer battle-history"><br></div><div class="battle-history"><small>Heart Scale is being swarmed by a flurry of Starly!</small><br></div><div class="battle-history"><small>(Heart Scale lost 16% of its health!)</small><br></div><div class="battle-history"><small>Heart Scale restored a little HP using its Leftovers!</small><br></div><div class="battle-history"><small>The opposing Rotom restored a little HP using its Leftovers!</small><br></div><div class="spacer battle-history"><br></div><h2 class="battle-history">Turn 24</h2><div class="spacer battle-history"><br></div><div class="battle-history">Heart Scale used <strong>Substitute</strong>!<br></div><div class="battle-history"><small>Heart Scale put in a substitute!</small><br></div><div class="battle-history"><small>(Heart Scale lost 25% of its health!)</small><br></div><div class="spacer battle-history"><br></div><div class="battle-history">The opposing Rotom used <strong>Nasty Plot</strong>!<br></div><div class="battle-history"><small>The opposing Rotom's Sp. Atk rose sharply!</small><br></div><div class="spacer battle-history"><br></div><div class="battle-history"><small>Heart Scale is being swarmed by a flurry of Starly!</small><br></div><div class="battle-history"><small>The substitute took damage for Heart Scale!</small><br></div><div class="battle-history"><small>Heart Scale restored a little HP using its Leftovers!</small><br></div><div class="battle-history"><small>The opposing Rotom restored a little HP using its Leftovers!</small><br></div><div class="spacer battle-history"><br></div><h2 class="battle-history">Turn 25</h2><div class="spacer battle-history"><br></div><div class="battle-history">Heart Scale used <strong>Dazzling Gleam</strong>!<br></div><div class="battle-history"><small>(The opposing Rotom lost 35% of its health!)</small><br></div><div class="spacer battle-history"><br></div><div class="battle-history">The opposing Rotom used <strong>Hydro Pump</strong>!<br></div><div class="battle-history"><small>It's not very effective...</small><br></div><div class="battle-history"><small>Heart Scale's substitute faded!</small><br></div><div class="spacer battle-history"><br></div><div class="battle-history"><small>Heart Scale is being swarmed by a flurry of Starly!</small><br></div><div class="battle-history"><small>(Heart Scale lost 15% of its health!)</small><br></div><div class="battle-history"><small>Heart Scale restored a little HP using its Leftovers!</small><br></div><div class="battle-history"><small>The opposing Rotom restored a little HP using its Leftovers!</small><br></div><div class="spacer battle-history"><br></div><h2 class="battle-history">Turn 26</h2><div class="spacer battle-history"><br></div><div class="battle-history">Heart Scale, come back!<br></div><div class="battle-history">Go! Barghest (<strong>Arcanine</strong>)!<br></div><div class="battle-history">[Barghest's Intimidate]<br></div><div class="battle-history"><small>The opposing Rotom's Attack fell!</small><br></div><div class="spacer battle-history"><br></div><div class="battle-history">The opposing Rotom used <strong>Hydro Pump</strong>!<br></div><div class="battle-history"><small>It's super effective!</small><br></div><div class="battle-history"><small>(Barghest lost 85% of its health!)</small><br></div><div class="spacer battle-history"><br></div><div class="battle-history">Barghest fainted!<br></div><div class="spacer battle-history"><br></div><div class="battle-history"><small>(Flurry did not hit because the target is the user.)</small><br></div><div class="battle-history"><small>The opposing Rotom restored a little HP using its Leftovers!</small><br></div><div class="spacer battle-history"><br></div><div class="battle-history">Go! Yaoguain't (<strong>Mienshao</strong>)!<br></div><div class="battle-history"><small>Pointed stones dug into Yaoguain't!</small><br></div><div class="spacer battle-history"><br></div><h2 class="battle-history">Turn 27</h2><div class="spacer battle-history"><br></div><div class="battle-history">god of joe withdrew Rotom!<br></div><div class="battle-history">god of joe sent out Starly (<strong>Starly-Crown-Cloud</strong>)!<br></div><div class="spacer battle-history"><br></div><div class="battle-history">Yaoguain't used <strong>Close Combat</strong>!<br></div><div class="battle-history"><small>(The opposing Starly lost 29% of its health!)</small><br></div><div class="battle-history"><small>Yaoguain't's Defense fell!</small><br></div><div class="battle-history"><small>Yaoguain't's Sp. Def fell!</small><br></div><div class="spacer battle-history"><br></div><div class="battle-history">The opposing Starly fainted!<br></div><div class="battle-history"><small>Starly changed to Solo Form...</small><br></div><div class="spacer battle-history"><br></div><div class="battle-history">god of joe sent out Naganadel-Terrestr (<strong>Naganadel-Terrestrial</strong>)!<br></div><div class="spacer battle-history"><br></div><h2 class="battle-history">Turn 28</h2><div class="spacer battle-history"><br></div><div class="battle-history">Yaoguain't, come back!<br></div><div class="battle-history">Go! Heart Scale (<strong>Adourami</strong>)!<br></div><div class="battle-history"><small>Pointed stones dug into Heart Scale!</small><br></div><div class="spacer battle-history"><br></div><div class="battle-history">The opposing Naganadel-Terrestr used <strong>Toxic Spikes</strong>!<br></div><div class="battle-history"><small>Poison spikes were scattered on the ground all around your team!</small><br></div><div class="spacer battle-history"><br></div><div class="battle-history"><small>Heart Scale restored a little HP using its Leftovers!</small><br></div><div class="spacer battle-history"><br></div><h2 class="battle-history">Turn 29</h2><div class="spacer battle-history"><br></div><div class="battle-history">Heart Scale used <strong>Dazzling Gleam</strong>!<br></div><div class="battle-history"><small>It's super effective!</small><br></div><div class="battle-history"><small>(The opposing Naganadel-Terrestr lost 72% of its health!)</small><br></div><div class="spacer battle-history"><br></div><div class="battle-history">The opposing Naganadel-Terrestr fainted!<br></div><div class="battle-history">[Heart Scale's Soul-Heart]<br></div><div class="battle-history"><small>Heart Scale's Sp. Atk rose!</small><br></div><div class="spacer battle-history"><br></div><div class="battle-history"><small>Heart Scale restored a little HP using its Leftovers!</small><br></div><div class="spacer battle-history"><br></div><div class="battle-history">god of joe sent out Rotom (<strong>Rotom-Wash</strong>)!<br></div><div class="spacer battle-history"><br></div><h2 class="battle-history">Turn 30</h2><div class="spacer battle-history"><br></div><div class="battle-history">Heart Scale used <strong>Dazzling Gleam</strong>!<br></div><div class="battle-history"><small>(The opposing Rotom lost 55% of its health!)</small><br></div><div class="spacer battle-history"><br></div><div class="battle-history">The opposing Rotom used <strong>Volt Switch</strong>!<br></div><div class="battle-history"><small>It's super effective!</small><br></div><div class="battle-history"><small>A critical hit!</small><br></div><div class="battle-history"><small>(Heart Scale lost 25% of its health!)</small><br></div><div class="spacer battle-history"><br></div><div class="battle-history">Heart Scale fainted!<br></div><div class="spacer battle-history"><br></div><div class="battle-history">The opposing Rotom went back to god of joe!<br></div><div class="battle-history">god of joe sent out <strong>Tyrandra</strong>!<br></div><div class="spacer battle-history"><br></div><div class="battle-history">Go! Yaoguain't (<strong>Mienshao</strong>)!<br></div><div class="battle-history"><small>Pointed stones dug into Yaoguain't!</small><br></div><div class="battle-history"><small>Yaoguain't was poisoned!</small><br></div><div class="spacer battle-history"><br></div><h2 class="battle-history">Turn 31</h2><div class="spacer battle-history"><br></div><div class="battle-history">Yaoguain't used <strong>Close Combat</strong>!<br></div><div class="battle-history"><small>It's super effective!</small><br></div><div class="battle-history"><small>(The opposing Tyrandra lost 30% of its health!)</small><br></div><div class="battle-history"><small>Yaoguain't's Defense fell!</small><br></div><div class="battle-history"><small>Yaoguain't's Sp. Def fell!</small><br></div><div class="spacer battle-history"><br></div><div class="battle-history">The opposing Tyrandra fainted!<br></div><div class="spacer battle-history"><br></div><div class="battle-history"><small>Yaoguain't was hurt by poison!</small><br></div><div class="spacer battle-history"><br></div><div class="battle-history">god of joe sent out Rotom (<strong>Rotom-Wash</strong>)!<br></div><div class="spacer battle-history"><br></div><h2 class="battle-history">Turn 32</h2><div class="spacer battle-history"><br></div><div class="battle-history">Yaoguain't used <strong>Close Combat</strong>!<br></div><div class="battle-history"><small>(The opposing Rotom lost 3% of its health!)</small><br></div><div class="battle-history"><small>Yaoguain't's Defense fell!</small><br></div><div class="battle-history"><small>Yaoguain't's Sp. Def fell!</small><br></div><div class="spacer battle-history"><br></div><div class="battle-history">The opposing Rotom fainted!<br></div><div class="spacer battle-history"><br></div><div class="battle-history"><strong>Violettes</strong> won the battle!<br></div><div class="chat"><small> london13 joined;  london13, ☆Violettes, and +time to chill left</small></div></div><div class="inner-preempt message-log"></div></div></div>
</div>
<script>
let daily = Math.floor(Date.now()/1000/60/60/24);document.write('<script src="https://dragonheaven.herokuapp.com/js/replay-embed.js?version'+daily+'"></'+'script>');
</script>
