<!DOCTYPE html>
<meta charset="utf-8" />
<!-- version 1 -->
<title>[Gen 8] Evolution Project VGC replay: ink but again vs. inkbug1</title>
<style>
html,body {font-family:Verdana, sans-serif;font-size:10pt;margin:0;padding:0;}body{padding:12px 0;} .battle-log {font-family:Verdana, sans-serif;font-size:10pt;} .battle-log-inline {border:1px solid #AAAAAA;background:#EEF2F5;color:black;max-width:640px;margin:0 auto 80px;padding-bottom:5px;} .battle-log .inner {padding:4px 8px 0px 8px;} .battle-log .inner-preempt {padding:0 8px 4px 8px;} .battle-log .inner-after {margin-top:0.5em;} .battle-log h2 {margin:0.5em -8px;padding:4px 8px;border:1px solid #AAAAAA;background:#E0E7EA;border-left:0;border-right:0;font-family:Verdana, sans-serif;font-size:13pt;} .battle-log .chat {vertical-align:middle;padding:3px 0 3px 0;font-size:8pt;} .battle-log .chat strong {color:#40576A;} .battle-log .chat em {padding:1px 4px 1px 3px;color:#000000;font-style:normal;} .chat.mine {background:rgba(0,0,0,0.05);margin-left:-8px;margin-right:-8px;padding-left:8px;padding-right:8px;} .spoiler {color:#BBBBBB;background:#BBBBBB;padding:0px 3px;} .spoiler:hover, .spoiler:active, .spoiler-shown {color:#000000;background:#E2E2E2;padding:0px 3px;} .spoiler a {color:#BBBBBB;} .spoiler:hover a, .spoiler:active a, .spoiler-shown a {color:#2288CC;} .chat code, .chat .spoiler:hover code, .chat .spoiler:active code, .chat .spoiler-shown code {border:1px solid #C0C0C0;background:#EEEEEE;color:black;padding:0 2px;} .chat .spoiler code {border:1px solid #CCCCCC;background:#CCCCCC;color:#CCCCCC;} .battle-log .rated {padding:3px 4px;} .battle-log .rated strong {color:white;background:#89A;padding:1px 4px;border-radius:4px;} .spacer {margin-top:0.5em;} .message-announce {background:#6688AA;color:white;padding:1px 4px 2px;} .message-announce a, .broadcast-green a, .broadcast-blue a, .broadcast-red a {color:#DDEEFF;} .broadcast-green {background-color:#559955;color:white;padding:2px 4px;} .broadcast-blue {background-color:#6688AA;color:white;padding:2px 4px;} .infobox {border:1px solid #6688AA;padding:2px 4px;} .infobox-limited {max-height:200px;overflow:auto;overflow-x:hidden;} .broadcast-red {background-color:#AA5544;color:white;padding:2px 4px;} .message-learn-canlearn {font-weight:bold;color:#228822;text-decoration:underline;} .message-learn-cannotlearn {font-weight:bold;color:#CC2222;text-decoration:underline;} .message-effect-weak {font-weight:bold;color:#CC2222;} .message-effect-resist {font-weight:bold;color:#6688AA;} .message-effect-immune {font-weight:bold;color:#666666;} .message-learn-list {margin-top:0;margin-bottom:0;} .message-throttle-notice, .message-error {color:#992222;} .message-overflow, .chat small.message-overflow {font-size:0pt;} .message-overflow::before {font-size:9pt;content:'...';} .subtle {color:#3A4A66;}
</style>
<div class="wrapper replay-wrapper" style="max-width:1180px;margin:0 auto">
<input type="hidden" name="replayid" value="dragonheaven-gen8evolutionprojectvgc-388-i6ke040jn7vsmalslpr0dcox621ynlipw" />
<div class="battle"></div><div class="battle-log"></div><div class="replay-controls"></div><div class="replay-controls-2"></div>
<h1 style="font-weight:normal;text-align:center"><strong>[Gen 8] Evolution Project VGC</strong><br /><a href="http://pokemonshowdown.com/users/inkbutagain" class="subtle" target="_blank">ink but again</a> vs. <a href="http://pokemonshowdown.com/users/inkbug1" class="subtle" target="_blank">inkbug1</a></h1>
<script type="text/plain" class="battle-log-data">|raw|<div class="broadcast-red"><strong>This battle is invite-only!<\/strong><br \/>Users must be invited with <code>\/invite<\/code> (or be staff) to join<\/div>
|j|☆ink but again
|j|☆inkbug1

|t:|1641696413
|player|p1|ink but again|aaron|
|player|p2|inkbug1|burgh|
|teamsize|p1|4
|teamsize|p2|4
|gametype|doubles
|gen|8
|tier|[Gen 8] Evolution Project VGC
|clearpoke
|poke|p1|Eldegoss, L50, M|
|poke|p1|Falinks-Terracotta, L50, M|
|poke|p1|Carnivenom, L50, F|
|poke|p1|Arcanine, L50, M|
|poke|p2|Scrafiti, L50, M|
|poke|p2|Rubulwark, L50, M|
|poke|p2|Eldegoss, L50, F|
|poke|p2|Coilrig, L50, F|
|rule|Species Clause: Limit one of each Pokémon
|rule|Item Clause: Limit one of each item
|rule|Dynamax Clause: You cannot dynamax
|rule|Z-Move Clause: Type-based Z-Moves are banned
|teampreview|4
|
|t:|1641696428
|start
|switch|p1a: Eldegoss|Eldegoss, L50, M|48\/48
|switch|p1b: Falinks|Falinks-Terracotta, L50, M|48\/48
|switch|p2a: Scrafiti|Scrafiti, L50, M|177\/177
|switch|p2b: Rubulwark|Rubulwark, L50, M|194\/194
|-start|p1b: Falinks|typechange|Fighting\/Rock|[silent]
|raw|<ul class="utilichart"><li class="result"><span class="col pokemonnamecol" style="white-space: nowrap">Falinks-Terracotta<\/span> <span class="col typecol"><img src="https:\/\/play.pokemonshowdown.com\/sprites\/types\/Fighting.png" alt="Fighting" height="14" width="32"><img src="https:\/\/play.pokemonshowdown.com\/sprites\/types\/Rock.png" alt="Rock" height="14" width="32"><\/span> <span style="float: left ; min-height: 26px"><span class="col abilitycol">Solid Rock \/ Skill Link \/ Defiant<\/span><span class="col abilitycol"><\/span><\/span><\/li><li style="clear: both"><\/li><\/ul>
|raw|<ul class="utilichart"><li class="result"><span style="float: left ; min-height: 26px"><span class="col statcol"><em>HP<\/em><br>65<\/span> <span class="col statcol"><em>Atk<\/em><br>100<\/span> <span class="col statcol"><em>Def<\/em><br>100<\/span> <span class="col statcol"><em>SpA<\/em><br>60<\/span> <span class="col statcol"><em>SpD<\/em><br>60<\/span> <span class="col statcol"><em>Spe<\/em><br>85<\/span> <\/span><\/li><li style="clear: both"><\/li><\/ul>
|-hint|Falinks-Terracotta was created by Hematite!
|-start|p2a: Scrafiti|typechange|Dark\/Fighting|[silent]
|raw|<ul class="utilichart"><li class="result"><span class="col pokemonnamecol" style="white-space: nowrap">Scrafiti<\/span> <span class="col typecol"><img src="https:\/\/play.pokemonshowdown.com\/sprites\/types\/Dark.png" alt="Dark" height="14" width="32"><img src="https:\/\/play.pokemonshowdown.com\/sprites\/types\/Fighting.png" alt="Fighting" height="14" width="32"><\/span> <span style="float: left ; min-height: 26px"><span class="col abilitycol">Shed Skin \/ Moxie \/ Prankster<\/span><span class="col abilitycol"><\/span><\/span><\/li><li style="clear: both"><\/li><\/ul>
|raw|<ul class="utilichart"><li class="result"><span style="float: left ; min-height: 26px"><span class="col statcol"><em>HP<\/em><br>70<\/span> <span class="col statcol"><em>Atk<\/em><br>105<\/span> <span class="col statcol"><em>Def<\/em><br>120<\/span> <span class="col statcol"><em>SpA<\/em><br>60<\/span> <span class="col statcol"><em>SpD<\/em><br>120<\/span> <span class="col statcol"><em>Spe<\/em><br>48<\/span> <\/span><\/li><li style="clear: both"><\/li><\/ul>
|-hint|Scrafiti was created by Magmajudis!
|-start|p2b: Rubulwark|typechange|Dragon\/Rock|[silent]
|raw|<ul class="utilichart"><li class="result"><span class="col pokemonnamecol" style="white-space: nowrap">Rubulwark<\/span> <span class="col typecol"><img src="https:\/\/play.pokemonshowdown.com\/sprites\/types\/Dragon.png" alt="Dragon" height="14" width="32"><img src="https:\/\/play.pokemonshowdown.com\/sprites\/types\/Rock.png" alt="Rock" height="14" width="32"><\/span> <span style="float: left ; min-height: 26px"><span class="col abilitycol">Weak Armor \/ Sheer Force \/ Mold Breaker<\/span><span class="col abilitycol"><\/span><\/span><\/li><li style="clear: both"><\/li><\/ul>
|raw|<ul class="utilichart"><li class="result"><span style="float: left ; min-height: 26px"><span class="col statcol"><em>HP<\/em><br>87<\/span> <span class="col statcol"><em>Atk<\/em><br>160<\/span> <span class="col statcol"><em>Def<\/em><br>90<\/span> <span class="col statcol"><em>SpA<\/em><br>60<\/span> <span class="col statcol"><em>SpD<\/em><br>90<\/span> <span class="col statcol"><em>Spe<\/em><br>38<\/span> <\/span><\/li><li style="clear: both"><\/li><\/ul>
|-hint|Rubulwark was created by Hematite!
|turn|1
|
|t:|1641696449
|move|p1b: Falinks|Protect|p1b: Falinks
|-singleturn|p1b: Falinks|Protect
|move|p2b: Rubulwark|Protect|p2b: Rubulwark
|-singleturn|p2b: Rubulwark|Protect
|move|p2a: Scrafiti|Fake Out|p1a: Eldegoss
|-damage|p1a: Eldegoss|42\/48
|-ability|p1a: Eldegoss|Cotton Down
|-unboost|p1b: Falinks|spe|1
|-unboost|p2a: Scrafiti|spe|1
|-unboost|p2b: Rubulwark|spe|1
|cant|p1a: Eldegoss|flinch
|
|upkeep
|turn|2
|
|t:|1641696488
|move|p2a: Scrafiti|Coaching|p2b: Rubulwark
|-boost|p2b: Rubulwark|atk|1
|-boost|p2b: Rubulwark|def|1
|move|p1b: Falinks|Round|p1a: Eldegoss
|-damage|p1a: Eldegoss|39\/48
|-ability|p1a: Eldegoss|Cotton Down
|-unboost|p1b: Falinks|spe|1
|-unboost|p2a: Scrafiti|spe|1
|-unboost|p2b: Rubulwark|spe|1
|move|p1a: Eldegoss|Grassy Terrain|p1a: Eldegoss
|-fieldstart|move: Grassy Terrain
|move|p2b: Rubulwark|Bulldoze|p1a: Eldegoss|[spread] p2a,p1a,p1b
|-resisted|p1a: Eldegoss
|-supereffective|p1b: Falinks
|-damage|p2a: Scrafiti|137\/177
|-damage|p1a: Eldegoss|31\/48
|-damage|p1b: Falinks|17\/48
|-ability|p1a: Eldegoss|Cotton Down
|-unboost|p1b: Falinks|spe|1
|-unboost|p2a: Scrafiti|spe|1
|-unboost|p2b: Rubulwark|spe|1
|
|-heal|p1a: Eldegoss|34\/48|[from] Grassy Terrain
|-heal|p1b: Falinks|20\/48|[from] Grassy Terrain
|-heal|p2a: Scrafiti|148\/177|[from] Grassy Terrain
|upkeep
|turn|3
|-message|ink but again forfeited.
|
|win|inkbug1
|l|☆ink but again</script>
</div>
<div class="battle-log battle-log-inline"><div class="inner"><div class="battle-options"><div style="padding-top: 3px; padding-right: 3px; text-align: right"><button class="icon button" name="openBattleOptions" title="Options">Battle Options</button></div></div><div class="inner message-log"><div class="chat"><div class="broadcast-red"><strong>This battle is invite-only!</strong><br>Users must be invited with <code>/invite</code> (or be staff) to join</div></div><div class="chat"><small>☆ink but again and ☆inkbug1 joined</small></div><div class=""><small>Format:</small> <br><strong>[Gen 8] Evolution Project VGC</strong></div><div class=""><small><em>Species Clause:</em> Limit one of each Pokémon</small></div><div class=""><small><em>Item Clause:</em> Limit one of each item</small></div><div class=""><small><em>Dynamax Clause:</em> You cannot dynamax</small></div><div class=""><small><em>Z-Move Clause:</em> Type-based Z-Moves are banned</small></div><div class="chat battle-history"><strong>ink but again's team:</strong> <em style="color:#445566;display:block;">Eldegoss / Falinks-Terracotta / Carnivenom / Arcanine</em></div><div class="chat battle-history"><strong>inkbug1's team:</strong> <em style="color:#445566;display:block;">Scrafiti / Rubulwark / Eldegoss / Coilrig</em></div><div class="spacer battle-history"><br></div><div class="battle-history">Battle started between ink but again and inkbug1!<br></div><div class="spacer battle-history"><br></div><div class="battle-history">ink but again sent out <strong>Eldegoss</strong>!<br></div><div class="spacer battle-history"><br></div><div class="battle-history">ink but again sent out Falinks (<strong>Falinks-Terracotta</strong>)!<br></div><div class="spacer battle-history"><br></div><div class="battle-history">Go! <strong>Scrafiti</strong>!<br></div><div class="spacer battle-history"><br></div><div class="battle-history">Go! <strong>Rubulwark</strong>!<br></div><div class="chat"><ul class="utilichart"><li class="result"><span class="col pokemonnamecol" style="white-space: nowrap">Falinks-Terracotta</span> <span class="col typecol"><img src="https://play.pokemonshowdown.com/sprites/types/Fighting.png" alt="Fighting" height="14" width="32"><img src="https://play.pokemonshowdown.com/sprites/types/Rock.png" alt="Rock" height="14" width="32"></span> <span style="float: left ; min-height: 26px"><span class="col abilitycol">Solid Rock / Skill Link / Defiant</span><span class="col abilitycol"></span></span></li><li style="clear: both"></li></ul></div><div class="chat"><ul class="utilichart"><li class="result"><span style="float: left ; min-height: 26px"><span class="col statcol"><em>HP</em><br>65</span> <span class="col statcol"><em>Atk</em><br>100</span> <span class="col statcol"><em>Def</em><br>100</span> <span class="col statcol"><em>SpA</em><br>60</span> <span class="col statcol"><em>SpD</em><br>60</span> <span class="col statcol"><em>Spe</em><br>85</span> </span></li><li style="clear: both"></li></ul></div><div class="battle-history"><small>(Falinks-Terracotta was created by Hematite!)</small><br></div><div class="chat"><ul class="utilichart"><li class="result"><span class="col pokemonnamecol" style="white-space: nowrap">Scrafiti</span> <span class="col typecol"><img src="https://play.pokemonshowdown.com/sprites/types/Dark.png" alt="Dark" height="14" width="32"><img src="https://play.pokemonshowdown.com/sprites/types/Fighting.png" alt="Fighting" height="14" width="32"></span> <span style="float: left ; min-height: 26px"><span class="col abilitycol">Shed Skin / Moxie / Prankster</span><span class="col abilitycol"></span></span></li><li style="clear: both"></li></ul></div><div class="chat"><ul class="utilichart"><li class="result"><span style="float: left ; min-height: 26px"><span class="col statcol"><em>HP</em><br>70</span> <span class="col statcol"><em>Atk</em><br>105</span> <span class="col statcol"><em>Def</em><br>120</span> <span class="col statcol"><em>SpA</em><br>60</span> <span class="col statcol"><em>SpD</em><br>120</span> <span class="col statcol"><em>Spe</em><br>48</span> </span></li><li style="clear: both"></li></ul></div><div class="battle-history"><small>(Scrafiti was created by Magmajudis!)</small><br></div><div class="chat"><ul class="utilichart"><li class="result"><span class="col pokemonnamecol" style="white-space: nowrap">Rubulwark</span> <span class="col typecol"><img src="https://play.pokemonshowdown.com/sprites/types/Dragon.png" alt="Dragon" height="14" width="32"><img src="https://play.pokemonshowdown.com/sprites/types/Rock.png" alt="Rock" height="14" width="32"></span> <span style="float: left ; min-height: 26px"><span class="col abilitycol">Weak Armor / Sheer Force / Mold Breaker</span><span class="col abilitycol"></span></span></li><li style="clear: both"></li></ul></div><div class="chat"><ul class="utilichart"><li class="result"><span style="float: left ; min-height: 26px"><span class="col statcol"><em>HP</em><br>87</span> <span class="col statcol"><em>Atk</em><br>160</span> <span class="col statcol"><em>Def</em><br>90</span> <span class="col statcol"><em>SpA</em><br>60</span> <span class="col statcol"><em>SpD</em><br>90</span> <span class="col statcol"><em>Spe</em><br>38</span> </span></li><li style="clear: both"></li></ul></div><div class="battle-history"><small>(Rubulwark was created by Hematite!)</small><br></div><div class="spacer battle-history"><br></div><h2 class="battle-history">Turn 1</h2><div class="spacer battle-history"><br></div><div class="battle-history">The opposing Falinks used <strong>Protect</strong>!<br></div><div class="battle-history"><small>The opposing Falinks protected itself!</small><br></div><div class="spacer battle-history"><br></div><div class="battle-history">Rubulwark used <strong>Protect</strong>!<br></div><div class="battle-history"><small>Rubulwark protected itself!</small><br></div><div class="spacer battle-history"><br></div><div class="battle-history">Scrafiti used <strong>Fake Out</strong>!<br></div><div class="battle-history"><small>(The opposing Eldegoss lost <abbr title="−6/48 pixels">10.5–12.5%</abbr> of its health!)</small><br></div><div class="battle-history">[The opposing Eldegoss's Cotton Down]<br></div><div class="battle-history"><small>The opposing Falinks's Speed fell!</small><br></div><div class="battle-history"><small>Scrafiti's Speed fell!</small><br></div><div class="battle-history"><small>Rubulwark's Speed fell!</small><br></div><div class="spacer battle-history"><br></div><div class="battle-history">The opposing Eldegoss flinched and couldn't move!<br></div><div class="spacer battle-history"><br></div><h2 class="battle-history">Turn 2</h2><div class="spacer battle-history"><br></div><div class="battle-history">Scrafiti used <strong>Coaching</strong>!<br></div><div class="battle-history"><small>Rubulwark's Attack rose!</small><br></div><div class="battle-history"><small>Rubulwark's Defense rose!</small><br></div><div class="spacer battle-history"><br></div><div class="battle-history">The opposing Falinks used <strong>Round</strong>!<br></div><div class="battle-history"><small>(The opposing Eldegoss lost <abbr title="−3/48 pixels">4.2–8.3%</abbr> of its health!)</small><br></div><div class="battle-history">[The opposing Eldegoss's Cotton Down]<br></div><div class="battle-history"><small>The opposing Falinks's Speed fell!</small><br></div><div class="battle-history"><small>Scrafiti's Speed fell!</small><br></div><div class="battle-history"><small>Rubulwark's Speed fell!</small><br></div><div class="spacer battle-history"><br></div><div class="battle-history">The opposing Eldegoss used <strong>Grassy Terrain</strong>!<br></div><div class="battle-history"><small>Grass grew to cover the battlefield!</small><br></div><div class="spacer battle-history"><br></div><div class="battle-history">Rubulwark used <strong>Bulldoze</strong>!<br></div><div class="battle-history"><small>It's not very effective on the opposing Eldegoss.</small><br></div><div class="battle-history"><small>It's super effective on the opposing Falinks!</small><br></div><div class="battle-history"><small>(Scrafiti lost <abbr title="−40/177">22.6%</abbr> of its health!)</small><br></div><div class="battle-history"><small>(The opposing Eldegoss lost <abbr title="−8/48 pixels">14.7–18.7%</abbr> of its health!)</small><br></div><div class="battle-history"><small>(The opposing Falinks lost <abbr title="−31/48 pixels">62.6–64.6%</abbr> of its health!)</small><br></div><div class="battle-history">[The opposing Eldegoss's Cotton Down]<br></div><div class="battle-history"><small>The opposing Falinks's Speed fell!</small><br></div><div class="battle-history"><small>Scrafiti's Speed fell!</small><br></div><div class="battle-history"><small>Rubulwark's Speed fell!</small><br></div><div class="spacer battle-history"><br></div><div class="battle-history"><small>The opposing Eldegoss's HP was restored.</small><br></div><div class="battle-history"><small>The opposing Falinks's HP was restored.</small><br></div><div class="battle-history"><small>Scrafiti's HP was restored.</small><br></div><div class="spacer battle-history"><br></div><h2 class="battle-history">Turn 3</h2><div class="spacer battle-history"><br></div><div class="battle-history"><small>ink but again forfeited.</small><br></div><div class="spacer battle-history"><br></div><div class="battle-history"><strong>inkbug1</strong> won the battle!<br></div><div class="chat"><small>☆ink but again left</small></div></div><div class="inner-preempt message-log"></div></div></div>
</div>
<script>
let daily = Math.floor(Date.now()/1000/60/60/24);document.write('<script src="https://dragonheaven.herokuapp.com/js/replay-embed.js?version'+daily+'"></'+'script>');
</script>
