<!DOCTYPE html>
<meta charset="utf-8" />
<!-- version 1 -->
<title>[Gen 8] Evolution Project replay: inkbug1 vs. H2OPulse</title>
<style>
html,body {font-family:Verdana, sans-serif;font-size:10pt;margin:0;padding:0;}body{padding:12px 0;} .battle-log {font-family:Verdana, sans-serif;font-size:10pt;} .battle-log-inline {border:1px solid #AAAAAA;background:#EEF2F5;color:black;max-width:640px;margin:0 auto 80px;padding-bottom:5px;} .battle-log .inner {padding:4px 8px 0px 8px;} .battle-log .inner-preempt {padding:0 8px 4px 8px;} .battle-log .inner-after {margin-top:0.5em;} .battle-log h2 {margin:0.5em -8px;padding:4px 8px;border:1px solid #AAAAAA;background:#E0E7EA;border-left:0;border-right:0;font-family:Verdana, sans-serif;font-size:13pt;} .battle-log .chat {vertical-align:middle;padding:3px 0 3px 0;font-size:8pt;} .battle-log .chat strong {color:#40576A;} .battle-log .chat em {padding:1px 4px 1px 3px;color:#000000;font-style:normal;} .chat.mine {background:rgba(0,0,0,0.05);margin-left:-8px;margin-right:-8px;padding-left:8px;padding-right:8px;} .spoiler {color:#BBBBBB;background:#BBBBBB;padding:0px 3px;} .spoiler:hover, .spoiler:active, .spoiler-shown {color:#000000;background:#E2E2E2;padding:0px 3px;} .spoiler a {color:#BBBBBB;} .spoiler:hover a, .spoiler:active a, .spoiler-shown a {color:#2288CC;} .chat code, .chat .spoiler:hover code, .chat .spoiler:active code, .chat .spoiler-shown code {border:1px solid #C0C0C0;background:#EEEEEE;color:black;padding:0 2px;} .chat .spoiler code {border:1px solid #CCCCCC;background:#CCCCCC;color:#CCCCCC;} .battle-log .rated {padding:3px 4px;} .battle-log .rated strong {color:white;background:#89A;padding:1px 4px;border-radius:4px;} .spacer {margin-top:0.5em;} .message-announce {background:#6688AA;color:white;padding:1px 4px 2px;} .message-announce a, .broadcast-green a, .broadcast-blue a, .broadcast-red a {color:#DDEEFF;} .broadcast-green {background-color:#559955;color:white;padding:2px 4px;} .broadcast-blue {background-color:#6688AA;color:white;padding:2px 4px;} .infobox {border:1px solid #6688AA;padding:2px 4px;} .infobox-limited {max-height:200px;overflow:auto;overflow-x:hidden;} .broadcast-red {background-color:#AA5544;color:white;padding:2px 4px;} .message-learn-canlearn {font-weight:bold;color:#228822;text-decoration:underline;} .message-learn-cannotlearn {font-weight:bold;color:#CC2222;text-decoration:underline;} .message-effect-weak {font-weight:bold;color:#CC2222;} .message-effect-resist {font-weight:bold;color:#6688AA;} .message-effect-immune {font-weight:bold;color:#666666;} .message-learn-list {margin-top:0;margin-bottom:0;} .message-throttle-notice, .message-error {color:#992222;} .message-overflow, .chat small.message-overflow {font-size:0pt;} .message-overflow::before {font-size:9pt;content:'...';} .subtle {color:#3A4A66;}
</style>
<div class="wrapper replay-wrapper" style="max-width:1180px;margin:0 auto">
<input type="hidden" name="replayid" value="dragonheaven-gen8evolutionproject-276" />
<div class="battle"></div><div class="battle-log"></div><div class="replay-controls"></div><div class="replay-controls-2"></div>
<h1 style="font-weight:normal;text-align:center"><strong>[Gen 8] Evolution Project</strong><br /><a href="http://pokemonshowdown.com/users/inkbug1" class="subtle" target="_blank">inkbug1</a> vs. <a href="http://pokemonshowdown.com/users/h2opulse" class="subtle" target="_blank">H2OPulse</a></h1>
<script type="text/plain" class="battle-log-data">|j|☆inkbug1

|j|☆H2OPulse
|t:|1641543124
|player|p1|inkbug1|burgh|
|player|p2|H2OPulse|aetherfoundation|
|teamsize|p1|6
|teamsize|p2|6
|gametype|singles
|gen|8
|tier|[Gen 8] Evolution Project
|clearpoke
|poke|p1|Rotom|
|poke|p1|Persian-Alola, F|
|poke|p1|Alchemissus, F|
|poke|p1|Dolorak, F|
|poke|p1|Scrafiti, M|
|poke|p1|Stokomotive, M|
|poke|p2|Skiversnow, F|
|poke|p2|Sandslash-Alola, M|
|poke|p2|Gourmant, F|
|poke|p2|Musasoar, M|
|poke|p2|Coilrig, M|
|poke|p2|Vaporeon, F|
|rule|HP Percentage Mod: HP is shown in percentages
|rule|Endless Battle Clause: Forcing endless battles is banned
|rule|OHKO Clause: OHKO moves are banned
|rule|Evasion Moves Clause: Evasion moves are banned
|rule|Species Clause: Limit one of each Pokémon
|rule|Dynamax Clause: You cannot dynamax
|rule|Sleep Clause Mod: Limit one foe put to sleep
|rule|Z-Move Clause: Type-based Z-Moves are banned
|teampreview
|j| tkmof~11209
|c|☆H2OPulse|Okay uh!! Good luck and have fun O:
|c|☆inkbug1|u too
|
|t:|1641543157
|start
|switch|p1a: Hornet|Dolorak, F|374\/374
|switch|p2a: Noble Fir|Skiversnow, F|100\/100
|-start|p2a: Noble Fir|typechange|Grass\/Ice|[silent]
|raw|<ul class="utilichart"><li class="result"><span class="col pokemonnamecol" style="white-space: nowrap">Skiversnow<\/span> <span class="col typecol"><img src="https:\/\/play.pokemonshowdown.com\/sprites\/types\/Grass.png" alt="Grass" height="14" width="32"><img src="https:\/\/play.pokemonshowdown.com\/sprites\/types\/Ice.png" alt="Ice" height="14" width="32"><\/span> <span style="float: left ; min-height: 26px"><span class="col abilitycol">Snow Warning \/ Pressure<\/span><span class="col abilitycol"><\/span><\/span><\/li><li style="clear: both"><\/li><\/ul>
|raw|<ul class="utilichart"><li class="result"><span style="float: left ; min-height: 26px"><span class="col statcol"><em>HP<\/em><br>90<\/span> <span class="col statcol"><em>Atk<\/em><br>92<\/span> <span class="col statcol"><em>Def<\/em><br>55<\/span> <span class="col statcol"><em>SpA<\/em><br>92<\/span> <span class="col statcol"><em>SpD<\/em><br>65<\/span> <span class="col statcol"><em>Spe<\/em><br>100<\/span> <\/span><\/li><li style="clear: both"><\/li><\/ul>
|-hint|Skiversnow was created by ausma!
|-weather|Hail|[from] ability: Snow Warning|[of] p2a: Noble Fir
|-start|p1a: Hornet|typechange|Bug\/Poison|[silent]
|raw|<ul class="utilichart"><li class="result"><span class="col pokemonnamecol" style="white-space: nowrap">Dolorak<\/span> <span class="col typecol"><img src="https:\/\/play.pokemonshowdown.com\/sprites\/types\/Bug.png" alt="Bug" height="14" width="32"><img src="https:\/\/play.pokemonshowdown.com\/sprites\/types\/Poison.png" alt="Poison" height="14" width="32"><\/span> <span style="float: left ; min-height: 26px"><span class="col abilitycol">Swarm \/ Insomnia \/ Prankster<\/span><span class="col abilitycol"><\/span><\/span><\/li><li style="clear: both"><\/li><\/ul>
|raw|<ul class="utilichart"><li class="result"><span style="float: left ; min-height: 26px"><span class="col statcol"><em>HP<\/em><br>85<\/span> <span class="col statcol"><em>Atk<\/em><br>110<\/span> <span class="col statcol"><em>Def<\/em><br>80<\/span> <span class="col statcol"><em>SpA<\/em><br>70<\/span> <span class="col statcol"><em>SpD<\/em><br>80<\/span> <span class="col statcol"><em>Spe<\/em><br>90<\/span> <\/span><\/li><li style="clear: both"><\/li><\/ul>
|-hint|Dolorak was created by BlueRay!
|turn|1
|j| Wobblebuffettroll
|c| Wobblebuffettroll|I am a troll
|c|☆H2OPulse|I can tell
|c| Wobblebuffettroll|What is going on here? Why so many ? Marks on the Pokemon
|
|t:|1641543288
|move|p2a: Noble Fir|U-turn|p1a: Hornet
|-resisted|p1a: Hornet
|-damage|p1a: Hornet|345\/374
|
|t:|1641543304
|switch|p2a: Yeast|Gourmant, F|100\/100|[from]move: U-turn
|-start|p2a: Yeast|typechange|Fire\/Dark|[silent]
|raw|<ul class="utilichart"><li class="result"><span class="col pokemonnamecol" style="white-space: nowrap">Gourmant<\/span> <span class="col typecol"><img src="https:\/\/play.pokemonshowdown.com\/sprites\/types\/Fire.png" alt="Fire" height="14" width="32"><img src="https:\/\/play.pokemonshowdown.com\/sprites\/types\/Dark.png" alt="Dark" height="14" width="32"><\/span> <span style="float: left ; min-height: 26px"><span class="col abilitycol">Gluttony \/ Flash Fire \/ White Smoke<\/span><span class="col abilitycol"><\/span><\/span><\/li><li style="clear: both"><\/li><\/ul>
|raw|<ul class="utilichart"><li class="result"><span style="float: left ; min-height: 26px"><span class="col statcol"><em>HP<\/em><br>85<\/span> <span class="col statcol"><em>Atk<\/em><br>137<\/span> <span class="col statcol"><em>Def<\/em><br>66<\/span> <span class="col statcol"><em>SpA<\/em><br>105<\/span> <span class="col statcol"><em>SpD<\/em><br>66<\/span> <span class="col statcol"><em>Spe<\/em><br>75<\/span> <\/span><\/li><li style="clear: both"><\/li><\/ul>
|-hint|Gourmant was created by quagsi!
|move|p1a: Hornet|Leech Life|p2a: Yeast
|-damage|p2a: Yeast|72\/100
|-heal|p1a: Hornet|374\/374|[from] drain|[of] p2a: Yeast
|
|-weather|Hail|[upkeep]
|-damage|p2a: Yeast|65\/100|[from] Hail
|-damage|p1a: Hornet|351\/374|[from] Hail
|upkeep
|turn|2
|
|t:|1641543324
|switch|p1a: James|Stokomotive, M|301\/301
|-start|p1a: James|typechange|Rock\/Fire|[silent]
|raw|<ul class="utilichart"><li class="result"><span class="col pokemonnamecol" style="white-space: nowrap">Stokomotive<\/span> <span class="col typecol"><img src="https:\/\/play.pokemonshowdown.com\/sprites\/types\/Rock.png" alt="Rock" height="14" width="32"><img src="https:\/\/play.pokemonshowdown.com\/sprites\/types\/Fire.png" alt="Fire" height="14" width="32"><\/span> <span style="float: left ; min-height: 26px"><span class="col abilitycol">Steam Engine \/ Flame Body \/ Flash Fire<\/span><span class="col abilitycol"><\/span><\/span><\/li><li style="clear: both"><\/li><\/ul>
|raw|<ul class="utilichart"><li class="result"><span style="float: left ; min-height: 26px"><span class="col statcol"><em>HP<\/em><br>80<\/span> <span class="col statcol"><em>Atk<\/em><br>100<\/span> <span class="col statcol"><em>Def<\/em><br>70<\/span> <span class="col statcol"><em>SpA<\/em><br>100<\/span> <span class="col statcol"><em>SpD<\/em><br>48<\/span> <span class="col statcol"><em>Spe<\/em><br>112<\/span> <\/span><\/li><li style="clear: both"><\/li><\/ul>
|-hint|Stokomotive was created by inkbug!
|move|p2a: Yeast|Knock Off|p1a: James
|-damage|p1a: James|22\/301
|-enditem|p1a: James|Heavy-Duty Boots|[from] move: Knock Off|[of] p2a: Yeast
|
|-weather|Hail|[upkeep]
|-damage|p1a: James|4\/301|[from] Hail
|-damage|p2a: Yeast|59\/100|[from] Hail
|upkeep
|turn|3
|c| tkmof~11209|oh also jackourd is bugged so
|c|☆inkbug1|h
|c|☆H2OPulse|Oh yikes is it
|c|☆H2OPulse|How so
|
|t:|1641543355
|switch|p1a: Cinnabar|Persian-Alola, F|334\/334
|move|p2a: Yeast|Sucker Punch||[still]
|-fail|p2a: Yeast
|
|-weather|Hail|[upkeep]
|-damage|p1a: Cinnabar|314\/334|[from] Hail
|-damage|p2a: Yeast|53\/100|[from] Hail
|upkeep
|turn|4
|
|t:|1641543365
|move|p1a: Cinnabar|Foul Play|p2a: Yeast
|-resisted|p2a: Yeast
|-damage|p2a: Yeast|30\/100
|move|p2a: Yeast|Knock Off|p1a: Cinnabar
|-resisted|p1a: Cinnabar
|-damage|p1a: Cinnabar|240\/334
|-enditem|p1a: Cinnabar|Choice Scarf|[from] move: Knock Off|[of] p2a: Yeast
|
|-weather|Hail|[upkeep]
|-damage|p1a: Cinnabar|220\/334|[from] Hail
|-damage|p2a: Yeast|24\/100|[from] Hail
|upkeep
|turn|5
|c|☆inkbug1|ugh
|c| tkmof~11209|yuck
|c| tkmof~11209|so i cant see jackourd movepool apparently
|c|☆H2OPulse|Ohhh
|c|☆H2OPulse|Have you tried building with the base form? Regular Gourgeist is like that in some mods too
|
|t:|1641543431
|move|p1a: Cinnabar|Parting Shot|p2a: Yeast
|-fail|p2a: Yeast|unboost|[from] ability: White Smoke|[of] p2a: Yeast
|move|p2a: Yeast|Fire Lash|p1a: Cinnabar
|-damage|p1a: Cinnabar|109\/334
|-unboost|p1a: Cinnabar|def|1
|
|-weather|none
|upkeep
|turn|6
|j| Violettes
|c|☆H2OPulse|Oh
|c|☆inkbug1|im stupid
|c| tkmof~11209|i tried smol but main works
|c|☆H2OPulse|I forgot it did that actually
|c|☆H2OPulse|(hi Violet!!!)
|j| ausma
|c|☆H2OPulse|OH MAN wait Violet please
|c|☆H2OPulse|look at
|c| Violettes|Hi!!
|c|☆H2OPulse|the battle right before this
|c| ausma|me too!!!!
|c|☆H2OPulse|Hi ausma!!!!
|c| Violettes|Is it the last posted?
|c|☆H2OPulse|Yes I think O:
|l| Wobblebuffettroll
|c| tkmof~11209|(why am i here)
|c|☆H2OPulse|(for fun and to spectate and battle maybe O:)
|c| tkmof~11209|also i think just got rid of that wobbuffet guy by redirect him to other servers?
|c|☆inkbug1|oh huh 
|c|☆inkbug1|well he did leave i think 
|c|☆H2OPulse|Neat O:
|c| tkmof~11209|i hope
|c| tkmof~11209|that works
|c| ausma|thank you much
|c|☆inkbug1|for now 
|c| tkmof~11209|np
|c| ausma|im ngl i think we all just wanna chill 
|
|t:|1641543535
|switch|p1a: Spyke|Scrafiti, M|343\/343
|-start|p1a: Spyke|typechange|Dark\/Fighting|[silent]
|raw|<ul class="utilichart"><li class="result"><span class="col pokemonnamecol" style="white-space: nowrap">Scrafiti<\/span> <span class="col typecol"><img src="https:\/\/play.pokemonshowdown.com\/sprites\/types\/Dark.png" alt="Dark" height="14" width="32"><img src="https:\/\/play.pokemonshowdown.com\/sprites\/types\/Fighting.png" alt="Fighting" height="14" width="32"><\/span> <span style="float: left ; min-height: 26px"><span class="col abilitycol">Shed Skin \/ Moxie \/ Prankster<\/span><span class="col abilitycol"><\/span><\/span><\/li><li style="clear: both"><\/li><\/ul>
|raw|<ul class="utilichart"><li class="result"><span style="float: left ; min-height: 26px"><span class="col statcol"><em>HP<\/em><br>70<\/span> <span class="col statcol"><em>Atk<\/em><br>105<\/span> <span class="col statcol"><em>Def<\/em><br>120<\/span> <span class="col statcol"><em>SpA<\/em><br>60<\/span> <span class="col statcol"><em>SpD<\/em><br>120<\/span> <span class="col statcol"><em>Spe<\/em><br>48<\/span> <\/span><\/li><li style="clear: both"><\/li><\/ul>
|-hint|Scrafiti was created by Magmajudis!
|move|p2a: Yeast|Fire Lash|p1a: Spyke
|-damage|p1a: Spyke|234\/343
|-unboost|p1a: Spyke|def|1
|
|-heal|p1a: Spyke|255\/343|[from] item: Leftovers
|upkeep
|turn|7
|c| tkmof~11209|(still though, why am i here)
|
|t:|1641543552
|move|p2a: Yeast|Toxic|p1a: Spyke
|-status|p1a: Spyke|tox
|move|p1a: Spyke|Drain Punch|p2a: Yeast
|-supereffective|p2a: Yeast
|-damage|p2a: Yeast|0 fnt
|-heal|p1a: Spyke|299\/343 tox|[from] drain|[of] p2a: Yeast
|faint|p2a: Yeast
|
|-heal|p1a: Spyke|320\/343 tox|[from] item: Leftovers
|-damage|p1a: Spyke|299\/343 tox|[from] psn
|upkeep
|c|☆H2OPulse|fair
|c|☆inkbug1|idont
|c|☆H2OPulse|Yeast did their job I think
|
|t:|1641543568
|switch|p2a: Wallpepper|Coilrig, M|100\/100
|-start|p2a: Wallpepper|typechange|Ground\/Poison|[silent]
|raw|<ul class="utilichart"><li class="result"><span class="col pokemonnamecol" style="white-space: nowrap">Coilrig<\/span> <span class="col typecol"><img src="https:\/\/play.pokemonshowdown.com\/sprites\/types\/Ground.png" alt="Ground" height="14" width="32"><img src="https:\/\/play.pokemonshowdown.com\/sprites\/types\/Poison.png" alt="Poison" height="14" width="32"><\/span> <span style="float: left ; min-height: 26px"><span class="col abilitycol">Sand Spit \/ Shed Skin \/ Liquid Ooze<\/span><span class="col abilitycol"><\/span><\/span><\/li><li style="clear: both"><\/li><\/ul>
|raw|<ul class="utilichart"><li class="result"><span style="float: left ; min-height: 26px"><span class="col statcol"><em>HP<\/em><br>77<\/span> <span class="col statcol"><em>Atk<\/em><br>107<\/span> <span class="col statcol"><em>Def<\/em><br>130<\/span> <span class="col statcol"><em>SpA<\/em><br>105<\/span> <span class="col statcol"><em>SpD<\/em><br>75<\/span> <span class="col statcol"><em>Spe<\/em><br>41<\/span> <\/span><\/li><li style="clear: both"><\/li><\/ul>
|-hint|Coilrig was created by Hematite!
|turn|8
|c|☆inkbug1|uh have a cleric on this one
|
|t:|1641543596
|move|p1a: Spyke|Knock Off|p2a: Wallpepper
|-damage|p2a: Wallpepper|62\/100
|-enditem|p2a: Wallpepper|Black Sludge|[from] move: Knock Off|[of] p1a: Spyke
|move|p2a: Wallpepper|Sludge Bomb|p1a: Spyke
|-damage|p1a: Spyke|181\/343 tox
|
|-heal|p1a: Spyke|202\/343 tox|[from] item: Leftovers
|-damage|p1a: Spyke|160\/343 tox|[from] psn
|upkeep
|turn|9
|
|t:|1641543607
|switch|p1a: Mona|Alchemissus, F|273\/273
|-start|p1a: Mona|typechange|Ghost\/Poison|[silent]
|raw|<ul class="utilichart"><li class="result"><span class="col pokemonnamecol" style="white-space: nowrap">Alchemissus<\/span> <span class="col typecol"><img src="https:\/\/play.pokemonshowdown.com\/sprites\/types\/Ghost.png" alt="Ghost" height="14" width="32"><img src="https:\/\/play.pokemonshowdown.com\/sprites\/types\/Poison.png" alt="Poison" height="14" width="32"><\/span> <span style="float: left ; min-height: 26px"><span class="col abilitycol">Levitate \/ Corrosion \/ Gluttony<\/span><span class="col abilitycol"><\/span><\/span><\/li><li style="clear: both"><\/li><\/ul>
|raw|<ul class="utilichart"><li class="result"><span style="float: left ; min-height: 26px"><span class="col statcol"><em>HP<\/em><br>66<\/span> <span class="col statcol"><em>Atk<\/em><br>66<\/span> <span class="col statcol"><em>Def<\/em><br>66<\/span> <span class="col statcol"><em>SpA<\/em><br>114<\/span> <span class="col statcol"><em>SpD<\/em><br>113<\/span> <span class="col statcol"><em>Spe<\/em><br>107<\/span> <\/span><\/li><li style="clear: both"><\/li><\/ul>
|-hint|Alchemissus was created by KeroseneZanchu!
|move|p2a: Wallpepper|Sludge Bomb|p1a: Mona
|-resisted|p1a: Mona
|-damage|p1a: Mona|241\/273
|
|-heal|p1a: Mona|258\/273|[from] item: Black Sludge
|upkeep
|turn|10
|
|t:|1641543626
|move|p1a: Mona|Toxic|p2a: Wallpepper
|-status|p2a: Wallpepper|tox
|move|p2a: Wallpepper|Glare|p1a: Mona
|-status|p1a: Mona|par
|
|-heal|p1a: Mona|273\/273 par|[from] item: Black Sludge
|-damage|p2a: Wallpepper|56\/100 tox|[from] psn
|upkeep
|turn|11
|c| tkmof~11209|staring contest pt.2
|c|☆H2OPulse|P f
|c| tkmof~11209|potentially pt.3 or whatever but pt.2 of the day
|j| Mario60866
|l| Mario60866
|
|t:|1641543738
|switch|p2a: Noble Fir|Skiversnow, F|100\/100
|-start|p2a: Noble Fir|typechange|Grass\/Ice|[silent]
|-weather|Hail|[from] ability: Snow Warning|[of] p2a: Noble Fir
|move|p1a: Mona|Hex|p2a: Noble Fir
|-damage|p2a: Noble Fir|57\/100
|
|-weather|Hail|[upkeep]
|-damage|p1a: Mona|256\/273 par|[from] Hail
|-heal|p1a: Mona|273\/273 par|[from] item: Black Sludge
|upkeep
|turn|12
|
|t:|1641543751
|move|p2a: Noble Fir|Blizzard|p1a: Mona
|-damage|p1a: Mona|138\/273 par
|move|p1a: Mona|Venoshock|p2a: Noble Fir
|-supereffective|p2a: Noble Fir
|-damage|p2a: Noble Fir|0 fnt
|faint|p2a: Noble Fir
|
|-weather|Hail|[upkeep]
|-damage|p1a: Mona|121\/273 par|[from] Hail
|-heal|p1a: Mona|138\/273 par|[from] item: Black Sludge
|upkeep
|c|☆H2OPulse|Ow
|c|☆H2OPulse|Right
|c| ausma|good night skiversnow 
|c|☆H2OPulse|Deserved on my part u h h h
|
|t:|1641543767
|switch|p2a: Galanthus|Sandslash-Alola, M|100\/100
|turn|13
|c|☆H2OPulse|WAIT YOU'RE CORROSION
|c| tkmof~11209|it's slow
|c|☆H2OPulse|I HAVE BEEN PLAYING THIS WHOLE TIME LIKE YOU WERE BOTH
|c|☆H2OPulse|I KNOW BUT I CAN USE EARTHQUAKE
|c|☆H2OPulse|jdshfkj I'm so dumb I have been avoiding Ground moves on Alchemissus on purpose this whole time--
|c|☆inkbug1|hmhdsf
|c|☆inkbug1|yeah im corrosion
|
|t:|1641543822
|switch|p1a: Cyd|Rotom|303\/303
|move|p2a: Galanthus|Swords Dance|p2a: Galanthus
|-boost|p2a: Galanthus|atk|2
|
|-weather|Hail|[upkeep]
|-damage|p1a: Cyd|285\/303|[from] Hail
|-heal|p1a: Cyd|303\/303|[from] item: Leftovers
|upkeep
|turn|14
|c| tkmof~11209|onononono
|c|☆inkbug1|and thats bad
|
|t:|1641543838
|move|p2a: Galanthus|Triple Axel|p1a: Cyd
|-damage|p1a: Cyd|218\/303
|-damage|p1a: Cyd|56\/303
|-damage|p1a: Cyd|0 fnt
|-hitcount|p1a: Cyd|3
|faint|p1a: Cyd
|
|-weather|Hail|[upkeep]
|upkeep
|
|t:|1641543912
|switch|p1a: Hornet|Dolorak, F|351\/374
|-start|p1a: Hornet|typechange|Bug\/Poison|[silent]
|turn|15
|
|t:|1641543920
|move|p1a: Hornet|Disable|p2a: Galanthus
|-start|p2a: Galanthus|Disable|Triple Axel
|move|p2a: Galanthus|Rapid Spin|p1a: Hornet
|-damage|p1a: Hornet|212\/374
|-boost|p2a: Galanthus|spe|1
|
|-weather|none
|upkeep
|turn|16
|c| tkmof~11209|that's your best bet true
|c| tkmof~11209|kek
|
|t:|1641543933
|move|p1a: Hornet|Curse|p1a: Hornet
|-unboost|p1a: Hornet|spe|1
|-boost|p1a: Hornet|atk|1
|-boost|p1a: Hornet|def|1
|move|p2a: Galanthus|Rapid Spin|p1a: Hornet
|-damage|p1a: Hornet|118\/374
|-boost|p2a: Galanthus|spe|1
|
|upkeep
|turn|17
|
|t:|1641543942
|move|p2a: Galanthus|Earthquake|p1a: Hornet
|-damage|p1a: Hornet|0 fnt
|faint|p1a: Hornet
|
|upkeep
|
|t:|1641543953
|switch|p1a: Cinnabar|Persian-Alola, F|109\/334
|turn|18
|
|t:|1641543961
|move|p2a: Galanthus|Earthquake|p1a: Cinnabar
|-crit|p1a: Cinnabar
|-damage|p1a: Cinnabar|0 fnt
|faint|p1a: Cinnabar
|
|-end|p2a: Galanthus|Disable
|upkeep
|
|t:|1641543970
|switch|p1a: James|Stokomotive, M|4\/301
|-start|p1a: James|typechange|Rock\/Fire|[silent]
|turn|19
|c|☆H2OPulse|(Spyke maybe KOs with Earthquake)
|
|t:|1641543978
|move|p2a: Galanthus|Triple Axel|p1a: James
|-resisted|p1a: James
|-crit|p1a: James
|-damage|p1a: James|0 fnt
|-hitcount|p1a: James|1
|faint|p1a: James
|
|upkeep
|c|☆inkbug1|oh
|c|☆inkbug1|yeah
|
|t:|1641543989
|switch|p1a: Mona|Alchemissus, F|138\/273 par
|-start|p1a: Mona|typechange|Ghost\/Poison|[silent]
|turn|20
|c| tkmof~11209|i think this is gg
|c|☆inkbug1|i dont need u to tell me that but yeah probably
|
|t:|1641544007
|move|p2a: Galanthus|Triple Axel|p1a: Mona
|-damage|p1a: Mona|51\/273 par
|-damage|p1a: Mona|0 fnt
|-hitcount|p1a: Mona|2
|faint|p1a: Mona
|
|upkeep
|c| tkmof~11209|~~if i'm not stupidly blind or somthing~~
|
|t:|1641544014
|switch|p1a: Spyke|Scrafiti, M|160\/343 tox
|-start|p1a: Spyke|typechange|Dark\/Fighting|[silent]
|turn|21
|
|t:|1641544018
|move|p1a: Spyke|Copycat|p1a: Spyke
|move|p1a: Spyke|Triple Axel|p2a: Galanthus|[from]move: Copycat
|-resisted|p2a: Galanthus
|-damage|p2a: Galanthus|99\/100
|-resisted|p2a: Galanthus
|-damage|p2a: Galanthus|97\/100
|-resisted|p2a: Galanthus
|-damage|p2a: Galanthus|93\/100
|-hitcount|p2a: Galanthus|3
|move|p2a: Galanthus|Triple Axel|p1a: Spyke
|-damage|p1a: Spyke|102\/343 tox
|-damage|p1a: Spyke|0 fnt
|-hitcount|p1a: Spyke|2
|faint|p1a: Spyke
|
|win|H2OPulse
|c| tkmof~11209|sandslash power tho
|c|☆H2OPulse|Good game!! O:
|c|☆H2OPulse|Y e a h ,
|c|☆inkbug1|im going to bed b4 that guy comes back 
|c|☆H2OPulse|Fair :'D
|l| Violettes
|c|☆inkbug1|to yell abt his alt sibling having been in the lobby for 3 seconds and say slurs abt them
|l| tkmof~11209</script>
</div>
<div class="battle-log battle-log-inline"><div class="inner"><div class="battle-options"><div style="padding-top: 3px; padding-right: 3px; text-align: right"><button class="icon button" name="openBattleOptions" title="Options">Battle Options</button></div></div><div class="inner message-log"><div class="chat"><small>☆inkbug1 and ☆H2OPulse joined</small></div><div class=""><small>Format:</small> <br><strong>[Gen 8] Evolution Project</strong></div><div class=""><small><em>HP Percentage Mod:</em> HP is shown in percentages</small></div><div class=""><small><em>Endless Battle Clause:</em> Forcing endless battles is banned</small></div><div class=""><small><em>OHKO Clause:</em> OHKO moves are banned</small></div><div class=""><small><em>Evasion Moves Clause:</em> Evasion moves are banned</small></div><div class=""><small><em>Species Clause:</em> Limit one of each Pokémon</small></div><div class=""><small><em>Dynamax Clause:</em> You cannot dynamax</small></div><div class=""><small><em>Sleep Clause Mod:</em> Limit one foe put to sleep</small></div><div class=""><small><em>Z-Move Clause:</em> Type-based Z-Moves are banned</small></div><div class="chat battle-history"><strong>inkbug1's team:</strong> <em style="color:#445566;display:block;">Rotom / Persian-Alola / Alchemissus / Dolorak / Scrafiti / Stokomotive</em></div><div class="chat battle-history"><strong>H2OPulse's team:</strong> <em style="color:#445566;display:block;">Skiversnow / Sandslash-Alola / Gourmant / Musasoar / Coilrig / Vaporeon</em></div><div class="chat"><small> tkmof~11209 joined</small></div><div class="chat chatmessage-h2opulse"><strong style="color:#6e8c2b"><small>☆</small><span class="username" data-name="H2OPulse">H2OPulse</span>:</strong> <em>Okay uh!! Good luck and have fun O:</em></div><div class="chat chatmessage-inkbug1 mine"><strong style="color:#e46e0f"><small>☆</small><span class="username" data-name="inkbug1">inkbug1</span>:</strong> <em>u too</em></div><div class="spacer battle-history"><br></div><div class="battle-history">Battle started between inkbug1 and H2OPulse!<br></div><div class="spacer battle-history"><br></div><div class="battle-history">Go! Hornet (<strong>Dolorak</strong>)!<br></div><div class="spacer battle-history"><br></div><div class="battle-history">H2OPulse sent out Noble Fir (<strong>Skiversnow</strong>)!<br></div><div class="chat"><ul class="utilichart"><li class="result"><span class="col pokemonnamecol" style="white-space: nowrap">Skiversnow</span> <span class="col typecol"><img src="https://play.pokemonshowdown.com/sprites/types/Grass.png" alt="Grass" height="14" width="32"><img src="https://play.pokemonshowdown.com/sprites/types/Ice.png" alt="Ice" height="14" width="32"></span> <span style="float: left ; min-height: 26px"><span class="col abilitycol">Snow Warning / Pressure</span><span class="col abilitycol"></span></span></li><li style="clear: both"></li></ul></div><div class="chat"><ul class="utilichart"><li class="result"><span style="float: left ; min-height: 26px"><span class="col statcol"><em>HP</em><br>90</span> <span class="col statcol"><em>Atk</em><br>92</span> <span class="col statcol"><em>Def</em><br>55</span> <span class="col statcol"><em>SpA</em><br>92</span> <span class="col statcol"><em>SpD</em><br>65</span> <span class="col statcol"><em>Spe</em><br>100</span> </span></li><li style="clear: both"></li></ul></div><div class="battle-history"><small>(Skiversnow was created by ausma!)</small><br></div><div class="battle-history">[The opposing Noble Fir's Snow Warning]<br><small>It started to hail!</small><br></div><div class="chat"><ul class="utilichart"><li class="result"><span class="col pokemonnamecol" style="white-space: nowrap">Dolorak</span> <span class="col typecol"><img src="https://play.pokemonshowdown.com/sprites/types/Bug.png" alt="Bug" height="14" width="32"><img src="https://play.pokemonshowdown.com/sprites/types/Poison.png" alt="Poison" height="14" width="32"></span> <span style="float: left ; min-height: 26px"><span class="col abilitycol">Swarm / Insomnia / Prankster</span><span class="col abilitycol"></span></span></li><li style="clear: both"></li></ul></div><div class="chat"><ul class="utilichart"><li class="result"><span style="float: left ; min-height: 26px"><span class="col statcol"><em>HP</em><br>85</span> <span class="col statcol"><em>Atk</em><br>110</span> <span class="col statcol"><em>Def</em><br>80</span> <span class="col statcol"><em>SpA</em><br>70</span> <span class="col statcol"><em>SpD</em><br>80</span> <span class="col statcol"><em>Spe</em><br>90</span> </span></li><li style="clear: both"></li></ul></div><div class="battle-history"><small>(Dolorak was created by BlueRay!)</small><br></div><div class="spacer battle-history"><br></div><h2 class="battle-history">Turn 1</h2><div class="chat"><small> Wobblebuffettroll joined</small></div><div class="chat chatmessage-wobblebuffettroll"><strong style="color:#2064ee"><small> </small><span class="username" data-name="Wobblebuffettroll">Wobblebuffettroll</span>:</strong> <em>I am a troll</em></div><div class="chat chatmessage-h2opulse"><strong style="color:#6e8c2b"><small>☆</small><span class="username" data-name="H2OPulse">H2OPulse</span>:</strong> <em>I can tell</em></div><div class="chat chatmessage-wobblebuffettroll"><strong style="color:#2064ee"><small> </small><span class="username" data-name="Wobblebuffettroll">Wobblebuffettroll</span>:</strong> <em>What is going on here? Why so many ? Marks on the Pokemon</em></div><div class="spacer battle-history"><br></div><div class="battle-history">The opposing Noble Fir used <strong>U-turn</strong>!<br></div><div class="battle-history"><small>It's not very effective...</small><br></div><div class="battle-history"><small>(Hornet lost <abbr title="−29/374">7.8%</abbr> of its health!)</small><br></div><div class="spacer battle-history"><br></div><div class="battle-history">The opposing Noble Fir went back to H2OPulse!<br></div><div class="battle-history">H2OPulse sent out Yeast (<strong>Gourmant</strong>)!<br></div><div class="chat"><ul class="utilichart"><li class="result"><span class="col pokemonnamecol" style="white-space: nowrap">Gourmant</span> <span class="col typecol"><img src="https://play.pokemonshowdown.com/sprites/types/Fire.png" alt="Fire" height="14" width="32"><img src="https://play.pokemonshowdown.com/sprites/types/Dark.png" alt="Dark" height="14" width="32"></span> <span style="float: left ; min-height: 26px"><span class="col abilitycol">Gluttony / Flash Fire / White Smoke</span><span class="col abilitycol"></span></span></li><li style="clear: both"></li></ul></div><div class="chat"><ul class="utilichart"><li class="result"><span style="float: left ; min-height: 26px"><span class="col statcol"><em>HP</em><br>85</span> <span class="col statcol"><em>Atk</em><br>137</span> <span class="col statcol"><em>Def</em><br>66</span> <span class="col statcol"><em>SpA</em><br>105</span> <span class="col statcol"><em>SpD</em><br>66</span> <span class="col statcol"><em>Spe</em><br>75</span> </span></li><li style="clear: both"></li></ul></div><div class="battle-history"><small>(Gourmant was created by quagsi!)</small><br></div><div class="spacer battle-history"><br></div><div class="battle-history">Hornet used <strong>Leech Life</strong>!<br></div><div class="battle-history"><small>(The opposing Yeast lost 28% of its health!)</small><br></div><div class="battle-history"><small>The opposing Yeast had its energy drained!</small><br></div><div class="spacer battle-history"><br></div><div class="battle-history"><small>(The hail is crashing down.)</small><br></div><div class="battle-history"><small>The opposing Yeast is buffeted by the hail!</small><br></div><div class="battle-history"><small>Hornet is buffeted by the hail!</small><br></div><div class="spacer battle-history"><br></div><h2 class="battle-history">Turn 2</h2><div class="spacer battle-history"><br></div><div class="battle-history">Hornet, come back!<br></div><div class="battle-history">Go! James (<strong>Stokomotive</strong>)!<br></div><div class="chat"><ul class="utilichart"><li class="result"><span class="col pokemonnamecol" style="white-space: nowrap">Stokomotive</span> <span class="col typecol"><img src="https://play.pokemonshowdown.com/sprites/types/Rock.png" alt="Rock" height="14" width="32"><img src="https://play.pokemonshowdown.com/sprites/types/Fire.png" alt="Fire" height="14" width="32"></span> <span style="float: left ; min-height: 26px"><span class="col abilitycol">Steam Engine / Flame Body / Flash Fire</span><span class="col abilitycol"></span></span></li><li style="clear: both"></li></ul></div><div class="chat"><ul class="utilichart"><li class="result"><span style="float: left ; min-height: 26px"><span class="col statcol"><em>HP</em><br>80</span> <span class="col statcol"><em>Atk</em><br>100</span> <span class="col statcol"><em>Def</em><br>70</span> <span class="col statcol"><em>SpA</em><br>100</span> <span class="col statcol"><em>SpD</em><br>48</span> <span class="col statcol"><em>Spe</em><br>112</span> </span></li><li style="clear: both"></li></ul></div><div class="battle-history"><small>(Stokomotive was created by inkbug!)</small><br></div><div class="spacer battle-history"><br></div><div class="battle-history">The opposing Yeast used <strong>Knock Off</strong>!<br></div><div class="battle-history"><small>(James lost <abbr title="−279/301">92.7%</abbr> of its health!)</small><br></div><div class="battle-history"><small>The opposing Yeast knocked off James's Heavy-Duty Boots!</small><br></div><div class="spacer battle-history"><br></div><div class="battle-history"><small>(The hail is crashing down.)</small><br></div><div class="battle-history"><small>James is buffeted by the hail!</small><br></div><div class="battle-history"><small>The opposing Yeast is buffeted by the hail!</small><br></div><div class="spacer battle-history"><br></div><h2 class="battle-history">Turn 3</h2><div class="chat chatmessage-tkmof11209"><strong style="color:#969b38"><small> </small><span class="username" data-name="tkmof~11209">tkmof~11209</span>:</strong> <em>oh also jackourd is bugged so</em></div><div class="chat chatmessage-inkbug1 mine"><strong style="color:#e46e0f"><small>☆</small><span class="username" data-name="inkbug1">inkbug1</span>:</strong> <em>h</em></div><div class="chat chatmessage-h2opulse"><strong style="color:#6e8c2b"><small>☆</small><span class="username" data-name="H2OPulse">H2OPulse</span>:</strong> <em>Oh yikes is it</em></div><div class="chat chatmessage-h2opulse"><strong style="color:#6e8c2b"><small>☆</small><span class="username" data-name="H2OPulse">H2OPulse</span>:</strong> <em>How so</em></div><div class="spacer battle-history"><br></div><div class="battle-history">James, come back!<br></div><div class="battle-history">Go! Cinnabar (<strong>Persian-Alola</strong>)!<br></div><div class="spacer battle-history"><br></div><div class="battle-history">The opposing Yeast used <strong>Sucker Punch</strong>!<br></div><div class="battle-history"><small>But it failed!</small><br></div><div class="spacer battle-history"><br></div><div class="battle-history"><small>(The hail is crashing down.)</small><br></div><div class="battle-history"><small>Cinnabar is buffeted by the hail!</small><br></div><div class="battle-history"><small>The opposing Yeast is buffeted by the hail!</small><br></div><div class="spacer battle-history"><br></div><h2 class="battle-history">Turn 4</h2><div class="spacer battle-history"><br></div><div class="battle-history">Cinnabar used <strong>Foul Play</strong>!<br></div><div class="battle-history"><small>It's not very effective...</small><br></div><div class="battle-history"><small>(The opposing Yeast lost 23% of its health!)</small><br></div><div class="spacer battle-history"><br></div><div class="battle-history">The opposing Yeast used <strong>Knock Off</strong>!<br></div><div class="battle-history"><small>It's not very effective...</small><br></div><div class="battle-history"><small>(Cinnabar lost <abbr title="−74/334">22.2%</abbr> of its health!)</small><br></div><div class="battle-history"><small>The opposing Yeast knocked off Cinnabar's Choice Scarf!</small><br></div><div class="spacer battle-history"><br></div><div class="battle-history"><small>(The hail is crashing down.)</small><br></div><div class="battle-history"><small>Cinnabar is buffeted by the hail!</small><br></div><div class="battle-history"><small>The opposing Yeast is buffeted by the hail!</small><br></div><div class="spacer battle-history"><br></div><h2 class="battle-history">Turn 5</h2><div class="chat chatmessage-inkbug1 mine"><strong style="color:#e46e0f"><small>☆</small><span class="username" data-name="inkbug1">inkbug1</span>:</strong> <em>ugh</em></div><div class="chat chatmessage-tkmof11209"><strong style="color:#969b38"><small> </small><span class="username" data-name="tkmof~11209">tkmof~11209</span>:</strong> <em>yuck</em></div><div class="chat chatmessage-tkmof11209"><strong style="color:#969b38"><small> </small><span class="username" data-name="tkmof~11209">tkmof~11209</span>:</strong> <em>so i cant see jackourd movepool apparently</em></div><div class="chat chatmessage-h2opulse"><strong style="color:#6e8c2b"><small>☆</small><span class="username" data-name="H2OPulse">H2OPulse</span>:</strong> <em>Ohhh</em></div><div class="chat chatmessage-h2opulse"><strong style="color:#6e8c2b"><small>☆</small><span class="username" data-name="H2OPulse">H2OPulse</span>:</strong> <em>Have you tried building with the base form? Regular Gourgeist is like that in some mods too</em></div><div class="spacer battle-history"><br></div><div class="battle-history">Cinnabar used <strong>Parting Shot</strong>!<br></div><div class="battle-history">[The opposing Yeast's White Smoke]<br><small>The opposing Yeast's stats were not lowered!</small><br></div><div class="spacer battle-history"><br></div><div class="battle-history">The opposing Yeast used <strong>Fire Lash</strong>!<br></div><div class="battle-history"><small>(Cinnabar lost <abbr title="−111/334">33.2%</abbr> of its health!)</small><br></div><div class="battle-history"><small>Cinnabar's Defense fell!</small><br></div><div class="spacer battle-history"><br></div><div class="battle-history"><small>The hail stopped.</small><br></div><div class="spacer battle-history"><br></div><h2 class="battle-history">Turn 6</h2><div class="chat"><small> Violettes joined</small></div><div class="chat chatmessage-h2opulse"><strong style="color:#6e8c2b"><small>☆</small><span class="username" data-name="H2OPulse">H2OPulse</span>:</strong> <em>Oh</em></div><div class="chat chatmessage-inkbug1 mine"><strong style="color:#e46e0f"><small>☆</small><span class="username" data-name="inkbug1">inkbug1</span>:</strong> <em>im stupid</em></div><div class="chat chatmessage-tkmof11209"><strong style="color:#969b38"><small> </small><span class="username" data-name="tkmof~11209">tkmof~11209</span>:</strong> <em>i tried smol but main works</em></div><div class="chat chatmessage-h2opulse"><strong style="color:#6e8c2b"><small>☆</small><span class="username" data-name="H2OPulse">H2OPulse</span>:</strong> <em>I forgot it did that actually</em></div><div class="chat chatmessage-h2opulse"><strong style="color:#6e8c2b"><small>☆</small><span class="username" data-name="H2OPulse">H2OPulse</span>:</strong> <em>(hi Violet!!!)</em></div><div class="chat"><small> ausma joined</small></div><div class="chat chatmessage-h2opulse"><strong style="color:#6e8c2b"><small>☆</small><span class="username" data-name="H2OPulse">H2OPulse</span>:</strong> <em>OH MAN wait Violet please</em></div><div class="chat chatmessage-h2opulse"><strong style="color:#6e8c2b"><small>☆</small><span class="username" data-name="H2OPulse">H2OPulse</span>:</strong> <em>look at</em></div><div class="chat chatmessage-violettes"><strong style="color:#728b27"><small> </small><span class="username" data-name="Violettes">Violettes</span>:</strong> <em>Hi!!</em></div><div class="chat chatmessage-h2opulse"><strong style="color:#6e8c2b"><small>☆</small><span class="username" data-name="H2OPulse">H2OPulse</span>:</strong> <em>the battle right before this</em></div><div class="chat chatmessage-ausma"><strong style="color:#774de1"><small> </small><span class="username" data-name="ausma">ausma</span>:</strong> <em>me too!!!!</em></div><div class="chat chatmessage-h2opulse"><strong style="color:#6e8c2b"><small>☆</small><span class="username" data-name="H2OPulse">H2OPulse</span>:</strong> <em>Hi ausma!!!!</em></div><div class="chat chatmessage-violettes"><strong style="color:#728b27"><small> </small><span class="username" data-name="Violettes">Violettes</span>:</strong> <em>Is it the last posted?</em></div><div class="chat chatmessage-h2opulse"><strong style="color:#6e8c2b"><small>☆</small><span class="username" data-name="H2OPulse">H2OPulse</span>:</strong> <em>Yes I think O:</em></div><div class="chat"><small> Wobblebuffettroll left</small></div><div class="chat chatmessage-tkmof11209"><strong style="color:#969b38"><small> </small><span class="username" data-name="tkmof~11209">tkmof~11209</span>:</strong> <em>(why am i here)</em></div><div class="chat chatmessage-h2opulse"><strong style="color:#6e8c2b"><small>☆</small><span class="username" data-name="H2OPulse">H2OPulse</span>:</strong> <em>(for fun and to spectate and battle maybe O:)</em></div><div class="chat chatmessage-tkmof11209"><strong style="color:#969b38"><small> </small><span class="username" data-name="tkmof~11209">tkmof~11209</span>:</strong> <em>also i think just got rid of that wobbuffet guy by redirect him to other servers?</em></div><div class="chat chatmessage-inkbug1 mine"><strong style="color:#e46e0f"><small>☆</small><span class="username" data-name="inkbug1">inkbug1</span>:</strong> <em>oh huh </em></div><div class="chat chatmessage-inkbug1 mine"><strong style="color:#e46e0f"><small>☆</small><span class="username" data-name="inkbug1">inkbug1</span>:</strong> <em>well he did leave i think </em></div><div class="chat chatmessage-h2opulse"><strong style="color:#6e8c2b"><small>☆</small><span class="username" data-name="H2OPulse">H2OPulse</span>:</strong> <em>Neat O:</em></div><div class="chat chatmessage-tkmof11209"><strong style="color:#969b38"><small> </small><span class="username" data-name="tkmof~11209">tkmof~11209</span>:</strong> <em>i hope</em></div><div class="chat chatmessage-tkmof11209"><strong style="color:#969b38"><small> </small><span class="username" data-name="tkmof~11209">tkmof~11209</span>:</strong> <em>that works</em></div><div class="chat chatmessage-ausma"><strong style="color:#774de1"><small> </small><span class="username" data-name="ausma">ausma</span>:</strong> <em>thank you much</em></div><div class="chat chatmessage-inkbug1 mine"><strong style="color:#e46e0f"><small>☆</small><span class="username" data-name="inkbug1">inkbug1</span>:</strong> <em>for now </em></div><div class="chat chatmessage-tkmof11209"><strong style="color:#969b38"><small> </small><span class="username" data-name="tkmof~11209">tkmof~11209</span>:</strong> <em>np</em></div><div class="chat chatmessage-ausma"><strong style="color:#774de1"><small> </small><span class="username" data-name="ausma">ausma</span>:</strong> <em>im ngl i think we all just wanna chill </em></div><div class="spacer battle-history"><br></div><div class="battle-history">Cinnabar, come back!<br></div><div class="battle-history">Go! Spyke (<strong>Scrafiti</strong>)!<br></div><div class="chat"><ul class="utilichart"><li class="result"><span class="col pokemonnamecol" style="white-space: nowrap">Scrafiti</span> <span class="col typecol"><img src="https://play.pokemonshowdown.com/sprites/types/Dark.png" alt="Dark" height="14" width="32"><img src="https://play.pokemonshowdown.com/sprites/types/Fighting.png" alt="Fighting" height="14" width="32"></span> <span style="float: left ; min-height: 26px"><span class="col abilitycol">Shed Skin / Moxie / Prankster</span><span class="col abilitycol"></span></span></li><li style="clear: both"></li></ul></div><div class="chat"><ul class="utilichart"><li class="result"><span style="float: left ; min-height: 26px"><span class="col statcol"><em>HP</em><br>70</span> <span class="col statcol"><em>Atk</em><br>105</span> <span class="col statcol"><em>Def</em><br>120</span> <span class="col statcol"><em>SpA</em><br>60</span> <span class="col statcol"><em>SpD</em><br>120</span> <span class="col statcol"><em>Spe</em><br>48</span> </span></li><li style="clear: both"></li></ul></div><div class="battle-history"><small>(Scrafiti was created by Magmajudis!)</small><br></div><div class="spacer battle-history"><br></div><div class="battle-history">The opposing Yeast used <strong>Fire Lash</strong>!<br></div><div class="battle-history"><small>(Spyke lost <abbr title="−109/343">31.8%</abbr> of its health!)</small><br></div><div class="battle-history"><small>Spyke's Defense fell!</small><br></div><div class="spacer battle-history"><br></div><div class="battle-history"><small>Spyke restored a little HP using its Leftovers!</small><br></div><div class="spacer battle-history"><br></div><h2 class="battle-history">Turn 7</h2><div class="chat chatmessage-tkmof11209"><strong style="color:#969b38"><small> </small><span class="username" data-name="tkmof~11209">tkmof~11209</span>:</strong> <em>(still though, why am i here)</em></div><div class="spacer battle-history"><br></div><div class="battle-history">The opposing Yeast used <strong>Toxic</strong>!<br></div><div class="battle-history"><small>Spyke was badly poisoned!</small><br></div><div class="spacer battle-history"><br></div><div class="battle-history">Spyke used <strong>Drain Punch</strong>!<br></div><div class="battle-history"><small>It's super effective!</small><br></div><div class="battle-history"><small>(The opposing Yeast lost 24% of its health!)</small><br></div><div class="battle-history"><small>The opposing Yeast had its energy drained!</small><br></div><div class="spacer battle-history"><br></div><div class="battle-history">The opposing Yeast fainted!<br></div><div class="spacer battle-history"><br></div><div class="battle-history"><small>Spyke restored a little HP using its Leftovers!</small><br></div><div class="battle-history"><small>Spyke was hurt by poison!</small><br></div><div class="chat chatmessage-h2opulse"><strong style="color:#6e8c2b"><small>☆</small><span class="username" data-name="H2OPulse">H2OPulse</span>:</strong> <em>fair</em></div><div class="chat chatmessage-inkbug1 mine"><strong style="color:#e46e0f"><small>☆</small><span class="username" data-name="inkbug1">inkbug1</span>:</strong> <em>idont</em></div><div class="chat chatmessage-h2opulse"><strong style="color:#6e8c2b"><small>☆</small><span class="username" data-name="H2OPulse">H2OPulse</span>:</strong> <em>Yeast did their job I think</em></div><div class="spacer battle-history"><br></div><div class="battle-history">H2OPulse sent out Wallpepper (<strong>Coilrig</strong>)!<br></div><div class="chat"><ul class="utilichart"><li class="result"><span class="col pokemonnamecol" style="white-space: nowrap">Coilrig</span> <span class="col typecol"><img src="https://play.pokemonshowdown.com/sprites/types/Ground.png" alt="Ground" height="14" width="32"><img src="https://play.pokemonshowdown.com/sprites/types/Poison.png" alt="Poison" height="14" width="32"></span> <span style="float: left ; min-height: 26px"><span class="col abilitycol">Sand Spit / Shed Skin / Liquid Ooze</span><span class="col abilitycol"></span></span></li><li style="clear: both"></li></ul></div><div class="chat"><ul class="utilichart"><li class="result"><span style="float: left ; min-height: 26px"><span class="col statcol"><em>HP</em><br>77</span> <span class="col statcol"><em>Atk</em><br>107</span> <span class="col statcol"><em>Def</em><br>130</span> <span class="col statcol"><em>SpA</em><br>105</span> <span class="col statcol"><em>SpD</em><br>75</span> <span class="col statcol"><em>Spe</em><br>41</span> </span></li><li style="clear: both"></li></ul></div><div class="battle-history"><small>(Coilrig was created by Hematite!)</small><br></div><div class="spacer battle-history"><br></div><h2 class="battle-history">Turn 8</h2><div class="chat chatmessage-inkbug1 mine"><strong style="color:#e46e0f"><small>☆</small><span class="username" data-name="inkbug1">inkbug1</span>:</strong> <em>uh have a cleric on this one</em></div><div class="spacer battle-history"><br></div><div class="battle-history">Spyke used <strong>Knock Off</strong>!<br></div><div class="battle-history"><small>(The opposing Wallpepper lost 38% of its health!)</small><br></div><div class="battle-history"><small>Spyke knocked off the opposing Wallpepper's Black Sludge!</small><br></div><div class="spacer battle-history"><br></div><div class="battle-history">The opposing Wallpepper used <strong>Sludge Bomb</strong>!<br></div><div class="battle-history"><small>(Spyke lost <abbr title="−118/343">34.4%</abbr> of its health!)</small><br></div><div class="spacer battle-history"><br></div><div class="battle-history"><small>Spyke restored a little HP using its Leftovers!</small><br></div><div class="battle-history"><small>Spyke was hurt by poison!</small><br></div><div class="spacer battle-history"><br></div><h2 class="battle-history">Turn 9</h2><div class="spacer battle-history"><br></div><div class="battle-history">Spyke, come back!<br></div><div class="battle-history">Go! Mona (<strong>Alchemissus</strong>)!<br></div><div class="chat"><ul class="utilichart"><li class="result"><span class="col pokemonnamecol" style="white-space: nowrap">Alchemissus</span> <span class="col typecol"><img src="https://play.pokemonshowdown.com/sprites/types/Ghost.png" alt="Ghost" height="14" width="32"><img src="https://play.pokemonshowdown.com/sprites/types/Poison.png" alt="Poison" height="14" width="32"></span> <span style="float: left ; min-height: 26px"><span class="col abilitycol">Levitate / Corrosion / Gluttony</span><span class="col abilitycol"></span></span></li><li style="clear: both"></li></ul></div><div class="chat"><ul class="utilichart"><li class="result"><span style="float: left ; min-height: 26px"><span class="col statcol"><em>HP</em><br>66</span> <span class="col statcol"><em>Atk</em><br>66</span> <span class="col statcol"><em>Def</em><br>66</span> <span class="col statcol"><em>SpA</em><br>114</span> <span class="col statcol"><em>SpD</em><br>113</span> <span class="col statcol"><em>Spe</em><br>107</span> </span></li><li style="clear: both"></li></ul></div><div class="battle-history"><small>(Alchemissus was created by KeroseneZanchu!)</small><br></div><div class="spacer battle-history"><br></div><div class="battle-history">The opposing Wallpepper used <strong>Sludge Bomb</strong>!<br></div><div class="battle-history"><small>It's not very effective...</small><br></div><div class="battle-history"><small>(Mona lost <abbr title="−32/273">11.7%</abbr> of its health!)</small><br></div><div class="spacer battle-history"><br></div><div class="battle-history"><small>Mona restored a little HP using its Black Sludge!</small><br></div><div class="spacer battle-history"><br></div><h2 class="battle-history">Turn 10</h2><div class="spacer battle-history"><br></div><div class="battle-history">Mona used <strong>Toxic</strong>!<br></div><div class="battle-history"><small>The opposing Wallpepper was badly poisoned!</small><br></div><div class="spacer battle-history"><br></div><div class="battle-history">The opposing Wallpepper used <strong>Glare</strong>!<br></div><div class="battle-history"><small>Mona is paralyzed! It may be unable to move!</small><br></div><div class="spacer battle-history"><br></div><div class="battle-history"><small>Mona restored a little HP using its Black Sludge!</small><br></div><div class="battle-history"><small>The opposing Wallpepper was hurt by poison!</small><br></div><div class="spacer battle-history"><br></div><h2 class="battle-history">Turn 11</h2><div class="chat chatmessage-tkmof11209"><strong style="color:#969b38"><small> </small><span class="username" data-name="tkmof~11209">tkmof~11209</span>:</strong> <em>staring contest pt.2</em></div><div class="chat chatmessage-h2opulse"><strong style="color:#6e8c2b"><small>☆</small><span class="username" data-name="H2OPulse">H2OPulse</span>:</strong> <em>P f</em></div><div class="chat chatmessage-tkmof11209"><strong style="color:#969b38"><small> </small><span class="username" data-name="tkmof~11209">tkmof~11209</span>:</strong> <em>potentially pt.3 or whatever but pt.2 of the day</em></div><div class="chat"><small> Mario60866 joined;  Mario60866 left</small></div><div class="spacer battle-history"><br></div><div class="battle-history">H2OPulse withdrew Wallpepper!<br></div><div class="battle-history">H2OPulse sent out Noble Fir (<strong>Skiversnow</strong>)!<br></div><div class="battle-history">[The opposing Noble Fir's Snow Warning]<br><small>It started to hail!</small><br></div><div class="spacer battle-history"><br></div><div class="battle-history">Mona used <strong>Hex</strong>!<br></div><div class="battle-history"><small>(The opposing Noble Fir lost 43% of its health!)</small><br></div><div class="spacer battle-history"><br></div><div class="battle-history"><small>(The hail is crashing down.)</small><br></div><div class="battle-history"><small>Mona is buffeted by the hail!</small><br></div><div class="battle-history"><small>Mona restored a little HP using its Black Sludge!</small><br></div><div class="spacer battle-history"><br></div><h2 class="battle-history">Turn 12</h2><div class="spacer battle-history"><br></div><div class="battle-history">The opposing Noble Fir used <strong>Blizzard</strong>!<br></div><div class="battle-history"><small>(Mona lost <abbr title="−135/273">49.5%</abbr> of its health!)</small><br></div><div class="spacer battle-history"><br></div><div class="battle-history">Mona used <strong>Venoshock</strong>!<br></div><div class="battle-history"><small>It's super effective!</small><br></div><div class="battle-history"><small>(The opposing Noble Fir lost 57% of its health!)</small><br></div><div class="spacer battle-history"><br></div><div class="battle-history">The opposing Noble Fir fainted!<br></div><div class="spacer battle-history"><br></div><div class="battle-history"><small>(The hail is crashing down.)</small><br></div><div class="battle-history"><small>Mona is buffeted by the hail!</small><br></div><div class="battle-history"><small>Mona restored a little HP using its Black Sludge!</small><br></div><div class="chat chatmessage-h2opulse"><strong style="color:#6e8c2b"><small>☆</small><span class="username" data-name="H2OPulse">H2OPulse</span>:</strong> <em>Ow</em></div><div class="chat chatmessage-h2opulse"><strong style="color:#6e8c2b"><small>☆</small><span class="username" data-name="H2OPulse">H2OPulse</span>:</strong> <em>Right</em></div><div class="chat chatmessage-ausma"><strong style="color:#774de1"><small> </small><span class="username" data-name="ausma">ausma</span>:</strong> <em>good night skiversnow </em></div><div class="chat chatmessage-h2opulse"><strong style="color:#6e8c2b"><small>☆</small><span class="username" data-name="H2OPulse">H2OPulse</span>:</strong> <em>Deserved on my part u h h h</em></div><div class="spacer battle-history"><br></div><div class="battle-history">H2OPulse sent out Galanthus (<strong>Sandslash-Alola</strong>)!<br></div><div class="spacer battle-history"><br></div><h2 class="battle-history">Turn 13</h2><div class="chat chatmessage-h2opulse"><strong style="color:#6e8c2b"><small>☆</small><span class="username" data-name="H2OPulse">H2OPulse</span>:</strong> <em>WAIT YOU'RE CORROSION</em></div><div class="chat chatmessage-tkmof11209"><strong style="color:#969b38"><small> </small><span class="username" data-name="tkmof~11209">tkmof~11209</span>:</strong> <em>it's slow</em></div><div class="chat chatmessage-h2opulse"><strong style="color:#6e8c2b"><small>☆</small><span class="username" data-name="H2OPulse">H2OPulse</span>:</strong> <em>I HAVE BEEN PLAYING THIS WHOLE TIME LIKE YOU WERE BOTH</em></div><div class="chat chatmessage-h2opulse"><strong style="color:#6e8c2b"><small>☆</small><span class="username" data-name="H2OPulse">H2OPulse</span>:</strong> <em>I KNOW BUT I CAN USE EARTHQUAKE</em></div><div class="chat chatmessage-h2opulse"><strong style="color:#6e8c2b"><small>☆</small><span class="username" data-name="H2OPulse">H2OPulse</span>:</strong> <em>jdshfkj I'm so dumb I have been avoiding Ground moves on Alchemissus on purpose this whole time--</em></div><div class="chat chatmessage-inkbug1 mine"><strong style="color:#e46e0f"><small>☆</small><span class="username" data-name="inkbug1">inkbug1</span>:</strong> <em>hmhdsf</em></div><div class="chat chatmessage-inkbug1 mine"><strong style="color:#e46e0f"><small>☆</small><span class="username" data-name="inkbug1">inkbug1</span>:</strong> <em>yeah im corrosion</em></div><div class="spacer battle-history"><br></div><div class="battle-history">Mona, come back!<br></div><div class="battle-history">Go! Cyd (<strong>Rotom</strong>)!<br></div><div class="spacer battle-history"><br></div><div class="battle-history">The opposing Galanthus used <strong>Swords Dance</strong>!<br></div><div class="battle-history"><small>The opposing Galanthus's Attack rose sharply!</small><br></div><div class="spacer battle-history"><br></div><div class="battle-history"><small>(The hail is crashing down.)</small><br></div><div class="battle-history"><small>Cyd is buffeted by the hail!</small><br></div><div class="battle-history"><small>Cyd restored a little HP using its Leftovers!</small><br></div><div class="spacer battle-history"><br></div><h2 class="battle-history">Turn 14</h2><div class="chat chatmessage-tkmof11209"><strong style="color:#969b38"><small> </small><span class="username" data-name="tkmof~11209">tkmof~11209</span>:</strong> <em>onononono</em></div><div class="chat chatmessage-inkbug1 mine"><strong style="color:#e46e0f"><small>☆</small><span class="username" data-name="inkbug1">inkbug1</span>:</strong> <em>and thats bad</em></div><div class="spacer battle-history"><br></div><div class="battle-history">The opposing Galanthus used <strong>Triple Axel</strong>!<br></div><div class="battle-history"><small>(Cyd lost <abbr title="−85/303">28.1%</abbr> of its health!)</small><br></div><div class="battle-history"><small>(Cyd lost <abbr title="−162/303">53.5%</abbr> of its health!)</small><br></div><div class="battle-history"><small>(Cyd lost <abbr title="−56/303">18.5%</abbr> of its health!)</small><br></div><div class="battle-history"><small>The Pokémon was hit 3 times!</small><br></div><div class="spacer battle-history"><br></div><div class="battle-history">Cyd fainted!<br></div><div class="spacer battle-history"><br></div><div class="battle-history"><small>(The hail is crashing down.)</small><br></div><div class="spacer battle-history"><br></div><div class="battle-history">Go! Hornet (<strong>Dolorak</strong>)!<br></div><div class="spacer battle-history"><br></div><h2 class="battle-history">Turn 15</h2><div class="spacer battle-history"><br></div><div class="battle-history">Hornet used <strong>Disable</strong>!<br></div><div class="battle-history"><small>The opposing Galanthus's Triple Axel was disabled!</small><br></div><div class="spacer battle-history"><br></div><div class="battle-history">The opposing Galanthus used <strong>Rapid Spin</strong>!<br></div><div class="battle-history"><small>(Hornet lost <abbr title="−139/374">37.2%</abbr> of its health!)</small><br></div><div class="battle-history"><small>The opposing Galanthus's Speed rose!</small><br></div><div class="spacer battle-history"><br></div><div class="battle-history"><small>The hail stopped.</small><br></div><div class="spacer battle-history"><br></div><h2 class="battle-history">Turn 16</h2><div class="chat chatmessage-tkmof11209"><strong style="color:#969b38"><small> </small><span class="username" data-name="tkmof~11209">tkmof~11209</span>:</strong> <em>that's your best bet true</em></div><div class="chat chatmessage-tkmof11209"><strong style="color:#969b38"><small> </small><span class="username" data-name="tkmof~11209">tkmof~11209</span>:</strong> <em>kek</em></div><div class="spacer battle-history"><br></div><div class="battle-history">Hornet used <strong>Curse</strong>!<br></div><div class="battle-history"><small>Hornet's Speed fell!</small><br></div><div class="battle-history"><small>Hornet's Attack rose!</small><br></div><div class="battle-history"><small>Hornet's Defense rose!</small><br></div><div class="spacer battle-history"><br></div><div class="battle-history">The opposing Galanthus used <strong>Rapid Spin</strong>!<br></div><div class="battle-history"><small>(Hornet lost <abbr title="−94/374">25.1%</abbr> of its health!)</small><br></div><div class="battle-history"><small>The opposing Galanthus's Speed rose!</small><br></div><div class="spacer battle-history"><br></div><h2 class="battle-history">Turn 17</h2><div class="spacer battle-history"><br></div><div class="battle-history">The opposing Galanthus used <strong>Earthquake</strong>!<br></div><div class="battle-history"><small>(Hornet lost <abbr title="−118/374">31.6%</abbr> of its health!)</small><br></div><div class="spacer battle-history"><br></div><div class="battle-history">Hornet fainted!<br></div><div class="spacer battle-history"><br></div><div class="battle-history">Go! Cinnabar (<strong>Persian-Alola</strong>)!<br></div><div class="spacer battle-history"><br></div><h2 class="battle-history">Turn 18</h2><div class="spacer battle-history"><br></div><div class="battle-history">The opposing Galanthus used <strong>Earthquake</strong>!<br></div><div class="battle-history"><small>A critical hit!</small><br></div><div class="battle-history"><small>(Cinnabar lost <abbr title="−109/334">32.6%</abbr> of its health!)</small><br></div><div class="spacer battle-history"><br></div><div class="battle-history">Cinnabar fainted!<br></div><div class="spacer battle-history"><br></div><div class="battle-history"><small>The opposing Galanthus's move is no longer disabled!</small><br></div><div class="spacer battle-history"><br></div><div class="battle-history">Go! James (<strong>Stokomotive</strong>)!<br></div><div class="spacer battle-history"><br></div><h2 class="battle-history">Turn 19</h2><div class="chat chatmessage-h2opulse"><strong style="color:#6e8c2b"><small>☆</small><span class="username" data-name="H2OPulse">H2OPulse</span>:</strong> <em>(Spyke maybe KOs with Earthquake)</em></div><div class="spacer battle-history"><br></div><div class="battle-history">The opposing Galanthus used <strong>Triple Axel</strong>!<br></div><div class="battle-history"><small>It's not very effective...</small><br></div><div class="battle-history"><small>A critical hit!</small><br></div><div class="battle-history"><small>(James lost <abbr title="−4/301">1.3%</abbr> of its health!)</small><br></div><div class="battle-history"><small>The Pokémon was hit 1 time!</small><br></div><div class="spacer battle-history"><br></div><div class="battle-history">James fainted!<br></div><div class="chat chatmessage-inkbug1 mine"><strong style="color:#e46e0f"><small>☆</small><span class="username" data-name="inkbug1">inkbug1</span>:</strong> <em>oh</em></div><div class="chat chatmessage-inkbug1 mine"><strong style="color:#e46e0f"><small>☆</small><span class="username" data-name="inkbug1">inkbug1</span>:</strong> <em>yeah</em></div><div class="spacer battle-history"><br></div><div class="battle-history">Go! Mona (<strong>Alchemissus</strong>)!<br></div><div class="spacer battle-history"><br></div><h2 class="battle-history">Turn 20</h2><div class="chat chatmessage-tkmof11209"><strong style="color:#969b38"><small> </small><span class="username" data-name="tkmof~11209">tkmof~11209</span>:</strong> <em>i think this is gg</em></div><div class="chat chatmessage-inkbug1 mine"><strong style="color:#e46e0f"><small>☆</small><span class="username" data-name="inkbug1">inkbug1</span>:</strong> <em>i dont need u to tell me that but yeah probably</em></div><div class="spacer battle-history"><br></div><div class="battle-history">The opposing Galanthus used <strong>Triple Axel</strong>!<br></div><div class="battle-history"><small>(Mona lost <abbr title="−87/273">31.9%</abbr> of its health!)</small><br></div><div class="battle-history"><small>(Mona lost <abbr title="−51/273">18.7%</abbr> of its health!)</small><br></div><div class="battle-history"><small>The Pokémon was hit 2 times!</small><br></div><div class="spacer battle-history"><br></div><div class="battle-history">Mona fainted!<br></div><div class="chat chatmessage-tkmof11209"><strong style="color:#969b38"><small> </small><span class="username" data-name="tkmof~11209">tkmof~11209</span>:</strong> <em><s>if i'm not stupidly blind or somthing</s></em></div><div class="spacer battle-history"><br></div><div class="battle-history">Go! Spyke (<strong>Scrafiti</strong>)!<br></div><div class="spacer battle-history"><br></div><h2 class="battle-history">Turn 21</h2><div class="spacer battle-history"><br></div><div class="battle-history">Spyke used <strong>Copycat</strong>!<br></div><div class="spacer battle-history"><br></div><div class="battle-history">Spyke used <strong>Triple Axel</strong>!<br></div><div class="battle-history"><small>It's not very effective...</small><br></div><div class="battle-history"><small>(The opposing Galanthus lost 1% of its health!)</small><br></div><div class="battle-history"><small>It's not very effective...</small><br></div><div class="battle-history"><small>(The opposing Galanthus lost 2% of its health!)</small><br></div><div class="battle-history"><small>It's not very effective...</small><br></div><div class="battle-history"><small>(The opposing Galanthus lost 4% of its health!)</small><br></div><div class="battle-history"><small>The Pokémon was hit 3 times!</small><br></div><div class="spacer battle-history"><br></div><div class="battle-history">The opposing Galanthus used <strong>Triple Axel</strong>!<br></div><div class="battle-history"><small>(Spyke lost <abbr title="−58/343">16.9%</abbr> of its health!)</small><br></div><div class="battle-history"><small>(Spyke lost <abbr title="−102/343">29.7%</abbr> of its health!)</small><br></div><div class="battle-history"><small>The Pokémon was hit 2 times!</small><br></div><div class="spacer battle-history"><br></div><div class="battle-history">Spyke fainted!<br></div><div class="spacer battle-history"><br></div><div class="battle-history"><strong>H2OPulse</strong> won the battle!<br></div><div class="chat chatmessage-tkmof11209"><strong style="color:#969b38"><small> </small><span class="username" data-name="tkmof~11209">tkmof~11209</span>:</strong> <em>sandslash power tho</em></div><div class="chat chatmessage-h2opulse"><strong style="color:#6e8c2b"><small>☆</small><span class="username" data-name="H2OPulse">H2OPulse</span>:</strong> <em>Good game!! O:</em></div><div class="chat chatmessage-h2opulse"><strong style="color:#6e8c2b"><small>☆</small><span class="username" data-name="H2OPulse">H2OPulse</span>:</strong> <em>Y e a h ,</em></div><div class="chat chatmessage-inkbug1 mine"><strong style="color:#e46e0f"><small>☆</small><span class="username" data-name="inkbug1">inkbug1</span>:</strong> <em>im going to bed b4 that guy comes back </em></div><div class="chat chatmessage-h2opulse"><strong style="color:#6e8c2b"><small>☆</small><span class="username" data-name="H2OPulse">H2OPulse</span>:</strong> <em>Fair :'D</em></div><div class="chat"><small> Violettes left</small></div><div class="chat chatmessage-inkbug1 mine"><strong style="color:#e46e0f"><small>☆</small><span class="username" data-name="inkbug1">inkbug1</span>:</strong> <em>to yell abt his alt sibling having been in the lobby for 3 seconds and say slurs abt them</em></div><div class="chat"><small> tkmof~11209 left</small></div></div><div class="inner-preempt message-log"></div></div></div>
</div>
<script>
let daily = Math.floor(Date.now()/1000/60/60/24);document.write('<script src="https://dragonheaven.herokuapp.com/js/replay-embed.js?version'+daily+'"></'+'script>');
</script>
