<!DOCTYPE html>
<meta charset="utf-8" />
<!-- version 1 -->
<title>[Gen 8] Evolution Project replay: ausma vs. abismal</title>
<style>
html,body {font-family:Verdana, sans-serif;font-size:10pt;margin:0;padding:0;}body{padding:12px 0;} .battle-log {font-family:Verdana, sans-serif;font-size:10pt;} .battle-log-inline {border:1px solid #AAAAAA;background:#EEF2F5;color:black;max-width:640px;margin:0 auto 80px;padding-bottom:5px;} .battle-log .inner {padding:4px 8px 0px 8px;} .battle-log .inner-preempt {padding:0 8px 4px 8px;} .battle-log .inner-after {margin-top:0.5em;} .battle-log h2 {margin:0.5em -8px;padding:4px 8px;border:1px solid #AAAAAA;background:#E0E7EA;border-left:0;border-right:0;font-family:Verdana, sans-serif;font-size:13pt;} .battle-log .chat {vertical-align:middle;padding:3px 0 3px 0;font-size:8pt;} .battle-log .chat strong {color:#40576A;} .battle-log .chat em {padding:1px 4px 1px 3px;color:#000000;font-style:normal;} .chat.mine {background:rgba(0,0,0,0.05);margin-left:-8px;margin-right:-8px;padding-left:8px;padding-right:8px;} .spoiler {color:#BBBBBB;background:#BBBBBB;padding:0px 3px;} .spoiler:hover, .spoiler:active, .spoiler-shown {color:#000000;background:#E2E2E2;padding:0px 3px;} .spoiler a {color:#BBBBBB;} .spoiler:hover a, .spoiler:active a, .spoiler-shown a {color:#2288CC;} .chat code, .chat .spoiler:hover code, .chat .spoiler:active code, .chat .spoiler-shown code {border:1px solid #C0C0C0;background:#EEEEEE;color:black;padding:0 2px;} .chat .spoiler code {border:1px solid #CCCCCC;background:#CCCCCC;color:#CCCCCC;} .battle-log .rated {padding:3px 4px;} .battle-log .rated strong {color:white;background:#89A;padding:1px 4px;border-radius:4px;} .spacer {margin-top:0.5em;} .message-announce {background:#6688AA;color:white;padding:1px 4px 2px;} .message-announce a, .broadcast-green a, .broadcast-blue a, .broadcast-red a {color:#DDEEFF;} .broadcast-green {background-color:#559955;color:white;padding:2px 4px;} .broadcast-blue {background-color:#6688AA;color:white;padding:2px 4px;} .infobox {border:1px solid #6688AA;padding:2px 4px;} .infobox-limited {max-height:200px;overflow:auto;overflow-x:hidden;} .broadcast-red {background-color:#AA5544;color:white;padding:2px 4px;} .message-learn-canlearn {font-weight:bold;color:#228822;text-decoration:underline;} .message-learn-cannotlearn {font-weight:bold;color:#CC2222;text-decoration:underline;} .message-effect-weak {font-weight:bold;color:#CC2222;} .message-effect-resist {font-weight:bold;color:#6688AA;} .message-effect-immune {font-weight:bold;color:#666666;} .message-learn-list {margin-top:0;margin-bottom:0;} .message-throttle-notice, .message-error {color:#992222;} .message-overflow, .chat small.message-overflow {font-size:0pt;} .message-overflow::before {font-size:9pt;content:'...';} .subtle {color:#3A4A66;}
</style>
<div class="wrapper replay-wrapper" style="max-width:1180px;margin:0 auto">
<input type="hidden" name="replayid" value="dragonheaven-gen8evolutionproject-26" />
<div class="battle"></div><div class="battle-log"></div><div class="replay-controls"></div><div class="replay-controls-2"></div>
<h1 style="font-weight:normal;text-align:center"><strong>[Gen 8] Evolution Project</strong><br /><a href="http://pokemonshowdown.com/users/ausma" class="subtle" target="_blank">ausma</a> vs. <a href="http://pokemonshowdown.com/users/abismal" class="subtle" target="_blank">abismal</a></h1>
<script type="text/plain" class="battle-log-data">|j|☆ausma
|j|☆abismal
|t:|1642645445
|player|p1|ausma|caitlin|
|player|p2|abismal|unknownf|
|teamsize|p1|6
|teamsize|p2|6
|gametype|singles
|gen|8
|tier|[Gen 8] Evolution Project
|clearpoke
|poke|p1|Excadrill-Hisui, F|
|poke|p1|Goodra-Arctara, F|
|poke|p1|Drifblim-Variant, F|
|poke|p1|Gigalith-Kalos, M|
|poke|p1|Cherrim, M|
|poke|p1|Eclipseroid, M|
|poke|p2|Wailord-Ultra, M|
|poke|p2|Electrode|
|poke|p2|Curski, M|
|poke|p2|Musasoar, M|
|poke|p2|Carnelion, M|
|poke|p2|Jynx-Variant, M|
|rule|HP Percentage Mod: HP is shown in percentages
|rule|Endless Battle Clause: Forcing endless battles is banned
|rule|OHKO Clause: OHKO moves are banned
|rule|Evasion Moves Clause: Evasion moves are banned
|rule|Species Clause: Limit one of each Pokémon
|rule|Dynamax Clause: You cannot dynamax
|rule|Sleep Clause Mod: Limit one foe put to sleep
|rule|Z-Move Clause: Type-based Z-Moves are banned
|teampreview
|c|☆abismal|oh
|j|~inkbug1

|c|☆abismal|yeah now this will be fun
|j| jazzmat
|c|☆ausma|fuck your musasoar ]
|c|☆abismal|:(
|
|t:|1642645495
|start
|switch|p1a: Gigalith|Gigalith-Kalos, M|100\/100
|switch|p2a: Electrode|Electrode|100\/100
|-start|p1a: Gigalith|typechange|Rock\/Electric|[silent]
|raw|<ul class="utilichart"><li class="result"><span class="col pokemonnamecol" style="white-space: nowrap">Gigalith-Kalos<\/span> <span class="col typecol"><img src="https:\/\/play.pokemonshowdown.com\/sprites\/types\/Rock.png" alt="Rock" height="14" width="32"><img src="https:\/\/play.pokemonshowdown.com\/sprites\/types\/Electric.png" alt="Electric" height="14" width="32"><\/span> <span style="float: left ; min-height: 26px"><span class="col abilitycol">Sturdy \/ Drought \/ Solar Power<\/span><span class="col abilitycol"><\/span><\/span><\/li><li style="clear: both"><\/li><\/ul>
|raw|<ul class="utilichart"><li class="result"><span style="float: left ; min-height: 26px"><span class="col statcol"><em>HP<\/em><br>85<\/span> <span class="col statcol"><em>Atk<\/em><br>60<\/span> <span class="col statcol"><em>Def<\/em><br>130<\/span> <span class="col statcol"><em>SpA<\/em><br>135<\/span> <span class="col statcol"><em>SpD<\/em><br>80<\/span> <span class="col statcol"><em>Spe<\/em><br>25<\/span> <\/span><\/li><li style="clear: both"><\/li><\/ul>
|-hint|Gigalith-Kalos was created by Violet!
|-weather|SunnyDay|[from] ability: Drought|[of] p1a: Gigalith
|turn|1
|
|t:|1642645504
|switch|p1a: Cherrim|Cherrim, M|100\/100
|-formechange|p1a: Cherrim|Cherrim-Sunshine|[msg]|[from] ability: Flower Gift
|move|p2a: Electrode|Light Screen|p2a: Electrode
|-sidestart|p2: abismal|move: Light Screen
|
|-weather|SunnyDay|[upkeep]
|upkeep
|turn|2
|c|~inkbug1|oh yeah tht was the other thing i knew there was __something__
|
|t:|1642645510
|move|p2a: Electrode|Reflect|p2a: Electrode
|-sidestart|p2: abismal|Reflect
|move|p1a: Cherrim|Solar Blade||[still]
|-prepare|p1a: Cherrim|Solar Blade
|-anim|p1a: Cherrim|Solar Blade|p2a: Electrode
|-damage|p2a: Electrode|29\/100
|
|-weather|SunnyDay|[upkeep]
|upkeep
|turn|3
|
|t:|1642645515
|move|p2a: Electrode|Volt Switch|p1a: Cherrim
|-resisted|p1a: Cherrim
|-damage|p1a: Cherrim|90\/100
|c|~inkbug1|eclipse resisting both the moves it runs i mean
|c|☆ausma|yea 
|c|☆ausma|bronzong is around as well 
|
|t:|1642645533
|switch|p2a: Jynx|Jynx-Variant, M|100\/100|[from]move: Volt Switch
|-start|p2a: Jynx|typechange|Grass\/Fighting|[silent]
|raw|<ul class="utilichart"><li class="result"><span class="col pokemonnamecol" style="white-space: nowrap">Jynx-Variant<\/span> <span class="col typecol"><img src="https:\/\/play.pokemonshowdown.com\/sprites\/types\/Grass.png" alt="Grass" height="14" width="32"><img src="https:\/\/play.pokemonshowdown.com\/sprites\/types\/Fighting.png" alt="Fighting" height="14" width="32"><\/span> <span style="float: left ; min-height: 26px"><span class="col abilitycol">Dancer \/ Flame Body \/ Flash Fire<\/span><span class="col abilitycol"><\/span><\/span><\/li><li style="clear: both"><\/li><\/ul>
|raw|<ul class="utilichart"><li class="result"><span style="float: left ; min-height: 26px"><span class="col statcol"><em>HP<\/em><br>65<\/span> <span class="col statcol"><em>Atk<\/em><br>50<\/span> <span class="col statcol"><em>Def<\/em><br>95<\/span> <span class="col statcol"><em>SpA<\/em><br>115<\/span> <span class="col statcol"><em>SpD<\/em><br>35<\/span> <span class="col statcol"><em>Spe<\/em><br>95<\/span> <\/span><\/li><li style="clear: both"><\/li><\/ul>
|-hint|Jynx-Variant was created by abismal!
|move|p1a: Cherrim|Solar Blade||[still]
|-prepare|p1a: Cherrim|Solar Blade
|-anim|p1a: Cherrim|Solar Blade|p2a: Jynx
|-resisted|p2a: Jynx
|-damage|p2a: Jynx|67\/100
|
|-weather|SunnyDay|[upkeep]
|-heal|p2a: Jynx|73\/100|[from] item: Leftovers
|upkeep
|turn|4
|c|~inkbug1|arctaroc can take an eq and absolutely deletes it with taxel as well 
|
|t:|1642645554
|switch|p1a: Goodra|Goodra-Arctara, F|100\/100
|-start|p1a: Goodra|typechange|Water\/Ice|[silent]
|raw|<ul class="utilichart"><li class="result"><span class="col pokemonnamecol" style="white-space: nowrap">Goodra-Arctara<\/span> <span class="col typecol"><img src="https:\/\/play.pokemonshowdown.com\/sprites\/types\/Water.png" alt="Water" height="14" width="32"><img src="https:\/\/play.pokemonshowdown.com\/sprites\/types\/Ice.png" alt="Ice" height="14" width="32"><\/span> <span style="float: left ; min-height: 26px"><span class="col abilitycol">Stamina \/ Hydration \/ Water Absorb<\/span><span class="col abilitycol"><\/span><\/span><\/li><li style="clear: both"><\/li><\/ul>
|raw|<ul class="utilichart"><li class="result"><span style="float: left ; min-height: 26px"><span class="col statcol"><em>HP<\/em><br>50<\/span> <span class="col statcol"><em>Atk<\/em><br>110<\/span> <span class="col statcol"><em>Def<\/em><br>70<\/span> <span class="col statcol"><em>SpA<\/em><br>110<\/span> <span class="col statcol"><em>SpD<\/em><br>150<\/span> <span class="col statcol"><em>Spe<\/em><br>110<\/span> <\/span><\/li><li style="clear: both"><\/li><\/ul>
|-hint|Goodra-Arctara was created by ausma!
|move|p2a: Jynx|Giga Drain|p1a: Goodra
|-supereffective|p1a: Goodra
|-crit|p1a: Goodra
|-damage|p1a: Goodra|21\/100
|-heal|p2a: Jynx|100\/100|[from] drain|[of] p1a: Goodra
|-ability|p1a: Goodra|Stamina|boost
|-boost|p1a: Goodra|def|1
|
|-weather|SunnyDay|[upkeep]
|-heal|p1a: Goodra|27\/100|[from] item: Leftovers
|upkeep
|turn|5
|c|☆abismal|sorry
|c|☆ausma|ur good
|
|t:|1642645576
|switch|p2a: Carnelion|Carnelion, M|100\/100
|-start|p2a: Carnelion|typechange|Normal\/Rock|[silent]
|raw|<ul class="utilichart"><li class="result"><span class="col pokemonnamecol" style="white-space: nowrap">Carnelion<\/span> <span class="col typecol"><img src="https:\/\/play.pokemonshowdown.com\/sprites\/types\/Normal.png" alt="Normal" height="14" width="32"><img src="https:\/\/play.pokemonshowdown.com\/sprites\/types\/Rock.png" alt="Rock" height="14" width="32"><\/span> <span style="float: left ; min-height: 26px"><span class="col abilitycol">Limber \/ Technician \/ Unnerve<\/span><span class="col abilitycol"><\/span><\/span><\/li><li style="clear: both"><\/li><\/ul>
|raw|<ul class="utilichart"><li class="result"><span style="float: left ; min-height: 26px"><span class="col statcol"><em>HP<\/em><br>85<\/span> <span class="col statcol"><em>Atk<\/em><br>105<\/span> <span class="col statcol"><em>Def<\/em><br>70<\/span> <span class="col statcol"><em>SpA<\/em><br>95<\/span> <span class="col statcol"><em>SpD<\/em><br>70<\/span> <span class="col statcol"><em>Spe<\/em><br>120<\/span> <\/span><\/li><li style="clear: both"><\/li><\/ul>
|-hint|Carnelion was created by abismal!
|move|p1a: Goodra|Substitute|p1a: Goodra
|-start|p1a: Goodra|Substitute
|-damage|p1a: Goodra|2\/100
|
|-weather|SunnyDay|[upkeep]
|-heal|p1a: Goodra|8\/100|[from] item: Leftovers
|upkeep
|turn|6
|
|t:|1642645581
|move|p2a: Carnelion|Power Gem|p1a: Goodra
|-supereffective|p1a: Goodra
|-end|p1a: Goodra|Substitute
|move|p1a: Goodra|Pain Split|p2a: Carnelion
|-sethp|p2a: Carnelion|54\/100|[from] move: Pain Split|[silent]
|-sethp|p1a: Goodra|56\/100|[from] move: Pain Split
|
|-weather|SunnyDay|[upkeep]
|-heal|p1a: Goodra|62\/100|[from] item: Leftovers
|upkeep
|turn|7
|
|t:|1642645590
|switch|p1a: Excadrill|Excadrill-Hisui, F|100\/100
|-start|p1a: Excadrill|typechange|Ground\/Normal|[silent]
|raw|<ul class="utilichart"><li class="result"><span class="col pokemonnamecol" style="white-space: nowrap">Excadrill-Hisui<\/span> <span class="col typecol"><img src="https:\/\/play.pokemonshowdown.com\/sprites\/types\/Ground.png" alt="Ground" height="14" width="32"><img src="https:\/\/play.pokemonshowdown.com\/sprites\/types\/Normal.png" alt="Normal" height="14" width="32"><\/span> <span style="float: left ; min-height: 26px"><span class="col abilitycol">Centrifuge \/ Sand Force \/ Technician<\/span><span class="col abilitycol"><\/span><\/span><\/li><li style="clear: both"><\/li><\/ul>
|raw|<ul class="utilichart"><li class="result"><span style="float: left ; min-height: 26px"><span class="col statcol"><em>HP<\/em><br>110<\/span> <span class="col statcol"><em>Atk<\/em><br>135<\/span> <span class="col statcol"><em>Def<\/em><br>60<\/span> <span class="col statcol"><em>SpA<\/em><br>50<\/span> <span class="col statcol"><em>SpD<\/em><br>65<\/span> <span class="col statcol"><em>Spe<\/em><br>88<\/span> <\/span><\/li><li style="clear: both"><\/li><\/ul>
|-hint|Excadrill-Hisui was created by ausma!
|move|p2a: Carnelion|Power Gem|p1a: Excadrill
|-resisted|p1a: Excadrill
|-damage|p1a: Excadrill|79\/100
|
|-weather|SunnyDay|[upkeep]
|-heal|p1a: Excadrill|85\/100|[from] item: Leftovers
|upkeep
|turn|8
|
|t:|1642645599
|move|p2a: Carnelion|Hidden Power|p1a: Excadrill
|-supereffective|p1a: Excadrill
|-damage|p1a: Excadrill|7\/100
|move|p1a: Excadrill|Stealth Rock|p2a: Carnelion
|-sidestart|p2: abismal|move: Stealth Rock
|
|-weather|none
|-heal|p1a: Excadrill|13\/100|[from] item: Leftovers
|-sideend|p2: abismal|move: Light Screen
|upkeep
|turn|9
|
|t:|1642645606
|switch|p1a: Gigalith|Gigalith-Kalos, M|100\/100
|-start|p1a: Gigalith|typechange|Rock\/Electric|[silent]
|-weather|SunnyDay|[from] ability: Drought|[of] p1a: Gigalith
|move|p2a: Carnelion|Hidden Power|p1a: Gigalith
|-damage|p1a: Gigalith|66\/100
|
|-weather|SunnyDay|[upkeep]
|-sideend|p2: abismal|Reflect
|upkeep
|turn|10
|
|t:|1642645619
|switch|p2a: Jynx|Jynx-Variant, M|100\/100
|-start|p2a: Jynx|typechange|Grass\/Fighting|[silent]
|-damage|p2a: Jynx|95\/100|[from] Stealth Rock
|switch|p1a: Goodra|Goodra-Arctara, F|62\/100
|-start|p1a: Goodra|typechange|Water\/Ice|[silent]
|
|-weather|SunnyDay|[upkeep]
|-heal|p1a: Goodra|67\/100|[from] item: Leftovers
|-heal|p2a: Jynx|100\/100|[from] item: Leftovers
|upkeep
|turn|11
|
|t:|1642645625
|move|p1a: Goodra|Ice Beam|p2a: Jynx
|-supereffective|p2a: Jynx
|-damage|p2a: Jynx|0 fnt
|faint|p2a: Jynx
|
|-weather|SunnyDay|[upkeep]
|-heal|p1a: Goodra|73\/100|[from] item: Leftovers
|upkeep
|
|t:|1642645629
|switch|p2a: Wailord|Wailord-Ultra, M|100\/100
|-damage|p2a: Wailord|88\/100|[from] Stealth Rock
|-start|p2a: Wailord|typechange|Psychic|[silent]
|raw|<ul class="utilichart"><li class="result"><span class="col pokemonnamecol" style="white-space: nowrap">Wailord-Ultra<\/span> <span class="col typecol"><img src="https:\/\/play.pokemonshowdown.com\/sprites\/types\/Psychic.png" alt="Psychic" height="14" width="32"><\/span> <span style="float: left ; min-height: 26px"><span class="col abilitycol">Illuminate \/ Oblivious \/ Beast Boost<\/span><span class="col abilitycol"><\/span><\/span><\/li><li style="clear: both"><\/li><\/ul>
|raw|<ul class="utilichart"><li class="result"><span style="float: left ; min-height: 26px"><span class="col statcol"><em>HP<\/em><br>173<\/span> <span class="col statcol"><em>Atk<\/em><br>89<\/span> <span class="col statcol"><em>Def<\/em><br>43<\/span> <span class="col statcol"><em>SpA<\/em><br>89<\/span> <span class="col statcol"><em>SpD<\/em><br>47<\/span> <span class="col statcol"><em>Spe<\/em><br>59<\/span> <\/span><\/li><li style="clear: both"><\/li><\/ul>
|-hint|Wailord-Ultra was created by abismal!
|-start|p2a: Wailord|typechange|Psychic|[silent]
|turn|12
|
|t:|1642645634
|switch|p1a: Cherrim|Cherrim, M|90\/100
|-formechange|p1a: Cherrim|Cherrim-Sunshine|[msg]|[from] ability: Flower Gift
|move|p2a: Wailord|Cosmic Power|p2a: Wailord
|-boost|p2a: Wailord|def|1
|-boost|p2a: Wailord|spd|1
|
|-weather|SunnyDay|[upkeep]
|-heal|p2a: Wailord|94\/100|[from] item: Leftovers
|upkeep
|turn|13
|
|t:|1642645643
|switch|p2a: Musasoar|Musasoar, M|100\/100
|-damage|p2a: Musasoar|76\/100|[from] Stealth Rock
|-start|p2a: Musasoar|typechange|Grass\/Flying|[silent]
|raw|<ul class="utilichart"><li class="result"><span class="col pokemonnamecol" style="white-space: nowrap">Musasoar<\/span> <span class="col typecol"><img src="https:\/\/play.pokemonshowdown.com\/sprites\/types\/Grass.png" alt="Grass" height="14" width="32"><img src="https:\/\/play.pokemonshowdown.com\/sprites\/types\/Flying.png" alt="Flying" height="14" width="32"><\/span> <span style="float: left ; min-height: 26px"><span class="col abilitycol">Chlorophyll \/ Leaf Guard \/ Harvest<\/span><span class="col abilitycol"><\/span><\/span><\/li><li style="clear: both"><\/li><\/ul>
|raw|<ul class="utilichart"><li class="result"><span style="float: left ; min-height: 26px"><span class="col statcol"><em>HP<\/em><br>109<\/span> <span class="col statcol"><em>Atk<\/em><br>108<\/span> <span class="col statcol"><em>Def<\/em><br>83<\/span> <span class="col statcol"><em>SpA<\/em><br>72<\/span> <span class="col statcol"><em>SpD<\/em><br>87<\/span> <span class="col statcol"><em>Spe<\/em><br>76<\/span> <\/span><\/li><li style="clear: both"><\/li><\/ul>
|-hint|Musasoar was created by Violet!
|move|p1a: Cherrim|Solar Blade||[still]
|-prepare|p1a: Cherrim|Solar Blade
|-anim|p1a: Cherrim|Solar Blade|p2a: Musasoar
|-resisted|p2a: Musasoar
|-damage|p2a: Musasoar|50\/100
|-enditem|p2a: Musasoar|Sitrus Berry|[eat]
|-heal|p2a: Musasoar|75\/100|[from] item: Sitrus Berry
|
|-weather|SunnyDay|[upkeep]
|-item|p2a: Musasoar|Sitrus Berry|[from] ability: Harvest
|upkeep
|turn|14
|
|t:|1642645657
|switch|p1a: Eclipseroid|Eclipseroid, M|100\/100
|-start|p1a: Eclipseroid|typechange|Rock\/Ghost|[silent]
|raw|<ul class="utilichart"><li class="result"><span class="col pokemonnamecol" style="white-space: nowrap">Eclipseroid<\/span> <span class="col typecol"><img src="https:\/\/play.pokemonshowdown.com\/sprites\/types\/Rock.png" alt="Rock" height="14" width="32"><img src="https:\/\/play.pokemonshowdown.com\/sprites\/types\/Ghost.png" alt="Ghost" height="14" width="32"><\/span> <span style="float: left ; min-height: 26px"><span class="col abilitycol">Levitate<\/span><span class="col abilitycol"><\/span><\/span><\/li><li style="clear: both"><\/li><\/ul>
|raw|<ul class="utilichart"><li class="result"><span style="float: left ; min-height: 26px"><span class="col statcol"><em>HP<\/em><br>90<\/span> <span class="col statcol"><em>Atk<\/em><br>100<\/span> <span class="col statcol"><em>Def<\/em><br>90<\/span> <span class="col statcol"><em>SpA<\/em><br>100<\/span> <span class="col statcol"><em>SpD<\/em><br>90<\/span> <span class="col statcol"><em>Spe<\/em><br>70<\/span> <\/span><\/li><li style="clear: both"><\/li><\/ul>
|-hint|Eclipseroid was created by ausma!
|switch|p2a: Curski|Curski, M|100\/100
|-start|p2a: Curski|typechange|Dark|[silent]
|raw|<ul class="utilichart"><li class="result"><span class="col pokemonnamecol" style="white-space: nowrap">Curski<\/span> <span class="col typecol"><img src="https:\/\/play.pokemonshowdown.com\/sprites\/types\/Dark.png" alt="Dark" height="14" width="32"><\/span> <span style="float: left ; min-height: 26px"><span class="col abilitycol">Dark Aura \/ Infiltrator<\/span><span class="col abilitycol"><\/span><\/span><\/li><li style="clear: both"><\/li><\/ul>
|raw|<ul class="utilichart"><li class="result"><span style="float: left ; min-height: 26px"><span class="col statcol"><em>HP<\/em><br>50<\/span> <span class="col statcol"><em>Atk<\/em><br>117<\/span> <span class="col statcol"><em>Def<\/em><br>108<\/span> <span class="col statcol"><em>SpA<\/em><br>92<\/span> <span class="col statcol"><em>SpD<\/em><br>108<\/span> <span class="col statcol"><em>Spe<\/em><br>35<\/span> <\/span><\/li><li style="clear: both"><\/li><\/ul>
|-hint|Curski was created by KeroseneZanchu!
|-damage|p2a: Curski|88\/100|[from] Stealth Rock
|-ability|p2a: Curski|Dark Aura
|
|-weather|SunnyDay|[upkeep]
|-heal|p2a: Curski|94\/100|[from] item: Leftovers
|upkeep
|turn|15
|
|t:|1642645668
|switch|p1a: Excadrill|Excadrill-Hisui, F|13\/100
|-start|p1a: Excadrill|typechange|Ground\/Normal|[silent]
|move|p2a: Curski|Baddy Bad|p1a: Excadrill
|-damage|p1a: Excadrill|0 fnt
|-sidestart|p2: abismal|Reflect
|faint|p1a: Excadrill
|
|-weather|SunnyDay|[upkeep]
|-heal|p2a: Curski|99\/100|[from] item: Leftovers
|upkeep
|
|t:|1642645674
|switch|p1a: Drifblim|Drifblim-Variant, F|100\/100
|-start|p1a: Drifblim|typechange|Fire\/Flying|[silent]
|raw|<ul class="utilichart"><li class="result"><span class="col pokemonnamecol" style="white-space: nowrap">Drifblim-Variant<\/span> <span class="col typecol"><img src="https:\/\/play.pokemonshowdown.com\/sprites\/types\/Fire.png" alt="Fire" height="14" width="32"><img src="https:\/\/play.pokemonshowdown.com\/sprites\/types\/Flying.png" alt="Flying" height="14" width="32"><\/span> <span style="float: left ; min-height: 26px"><span class="col abilitycol">Emergency Exit<\/span><span class="col abilitycol"><\/span><\/span><\/li><li style="clear: both"><\/li><\/ul>
|raw|<ul class="utilichart"><li class="result"><span style="float: left ; min-height: 26px"><span class="col statcol"><em>HP<\/em><br>140<\/span> <span class="col statcol"><em>Atk<\/em><br>70<\/span> <span class="col statcol"><em>Def<\/em><br>24<\/span> <span class="col statcol"><em>SpA<\/em><br>84<\/span> <span class="col statcol"><em>SpD<\/em><br>74<\/span> <span class="col statcol"><em>Spe<\/em><br>106<\/span> <\/span><\/li><li style="clear: both"><\/li><\/ul>
|-hint|Drifblim-Variant was created by inkbug!
|turn|16
|
|t:|1642645677
|move|p1a: Drifblim|Mind Blown|p2a: Curski
|-damage|p2a: Curski|11\/100
|-damage|p1a: Drifblim|50\/100|[from] mindblown
|-activate|p1a: Drifblim|ability: Emergency Exit
|
|t:|1642645684
|switch|p1a: Goodra|Goodra-Arctara, F|73\/100
|-start|p1a: Goodra|typechange|Water\/Ice|[silent]
|move|p2a: Curski|Rest|p2a: Curski
|-status|p2a: Curski|slp|[from] move: Rest
|-heal|p2a: Curski|100\/100 slp|[silent]
|
|-weather|none
|-heal|p1a: Goodra|79\/100|[from] item: Leftovers
|upkeep
|turn|17
|
|t:|1642645695
|move|p1a: Goodra|Substitute|p1a: Goodra
|-start|p1a: Goodra|Substitute
|-damage|p1a: Goodra|55\/100
|cant|p2a: Curski|slp
|move|p2a: Curski|Sleep Talk|p2a: Curski
|move|p2a: Curski|Rest|p2a: Curski|[from]move: Sleep Talk
|-fail|p2a: Curski|heal
|
|-heal|p1a: Goodra|61\/100|[from] item: Leftovers
|upkeep
|turn|18
|
|t:|1642645698
|move|p1a: Goodra|Ice Beam|p2a: Curski
|-damage|p2a: Curski|66\/100 slp
|cant|p2a: Curski|slp
|move|p2a: Curski|Sleep Talk|p2a: Curski
|move|p2a: Curski|Calm Mind|p2a: Curski|[from]move: Sleep Talk
|-boost|p2a: Curski|spa|1
|-boost|p2a: Curski|spd|1
|
|-heal|p1a: Goodra|67\/100|[from] item: Leftovers
|-heal|p2a: Curski|72\/100 slp|[from] item: Leftovers
|upkeep
|turn|19
|c|☆ausma|oh
|
|t:|1642645706
|switch|p1a: Gigalith|Gigalith-Kalos, M|66\/100
|-start|p1a: Gigalith|typechange|Rock\/Electric|[silent]
|-weather|SunnyDay|[from] ability: Drought|[of] p1a: Gigalith
|-curestatus|p2a: Curski|slp|[msg]
|move|p2a: Curski|Rest|p2a: Curski
|-status|p2a: Curski|slp|[from] move: Rest
|-heal|p2a: Curski|100\/100 slp|[silent]
|
|-weather|SunnyDay|[upkeep]
|-sideend|p2: abismal|Reflect
|upkeep
|turn|20
|
|t:|1642645710
|switch|p1a: Drifblim|Drifblim-Variant, F|50\/100
|-start|p1a: Drifblim|typechange|Fire\/Flying|[silent]
|cant|p2a: Curski|slp
|move|p2a: Curski|Sleep Talk|p2a: Curski
|move|p2a: Curski|Baddy Bad|p1a: Drifblim|[from]move: Sleep Talk
|-crit|p1a: Drifblim
|-damage|p1a: Drifblim|0 fnt
|-sidestart|p2: abismal|Reflect
|faint|p1a: Drifblim
|
|-weather|SunnyDay|[upkeep]
|upkeep
|
|t:|1642645714
|switch|p1a: Cherrim|Cherrim, M|90\/100
|-formechange|p1a: Cherrim|Cherrim-Sunshine|[msg]|[from] ability: Flower Gift
|turn|21
|
|t:|1642645721
|move|p1a: Cherrim|Solar Blade||[still]
|-prepare|p1a: Cherrim|Solar Blade
|-anim|p1a: Cherrim|Solar Blade|p2a: Curski
|-crit|p2a: Curski
|-damage|p2a: Curski|0 fnt
|faint|p2a: Curski
|
|-weather|SunnyDay|[upkeep]
|upkeep
|c|☆abismal|ok come on
|
|t:|1642645730
|switch|p2a: Electrode|Electrode|29\/100
|-damage|p2a: Electrode|16\/100|[from] Stealth Rock
|turn|22
|
|t:|1642645737
|move|p2a: Electrode|Light Screen|p2a: Electrode
|-sidestart|p2: abismal|move: Light Screen
|move|p1a: Cherrim|Solar Blade||[still]
|-prepare|p1a: Cherrim|Solar Blade
|-anim|p1a: Cherrim|Solar Blade|p2a: Electrode
|-damage|p2a: Electrode|0 fnt
|-damage|p1a: Cherrim|65\/100|[from] ability: Aftermath|[of] p2a: Electrode
|faint|p2a: Electrode
|
|-weather|SunnyDay|[upkeep]
|upkeep
|l| jazzmat
|
|t:|1642645745
|switch|p2a: Carnelion|Carnelion, M|54\/100
|-damage|p2a: Carnelion|42\/100|[from] Stealth Rock
|-start|p2a: Carnelion|typechange|Normal\/Rock|[silent]
|turn|23
|
|t:|1642645754
|move|p2a: Carnelion|Nasty Plot|p2a: Carnelion
|-boost|p2a: Carnelion|spa|2
|move|p1a: Cherrim|Solar Blade||[still]
|-prepare|p1a: Cherrim|Solar Blade
|-anim|p1a: Cherrim|Solar Blade|p2a: Carnelion
|-supereffective|p2a: Carnelion
|-damage|p2a: Carnelion|0 fnt
|faint|p2a: Carnelion
|
|-weather|SunnyDay|[upkeep]
|upkeep
|
|t:|1642645758
|switch|p2a: Wailord|Wailord-Ultra, M|94\/100
|-damage|p2a: Wailord|82\/100|[from] Stealth Rock
|-start|p2a: Wailord|typechange|Psychic|[silent]
|-start|p2a: Wailord|typechange|Psychic|[silent]
|turn|24
|
|t:|1642645764
|switch|p1a: Eclipseroid|Eclipseroid, M|100\/100
|-start|p1a: Eclipseroid|typechange|Rock\/Ghost|[silent]
|move|p2a: Wailord|Cosmic Power|p2a: Wailord
|-boost|p2a: Wailord|def|1
|-boost|p2a: Wailord|spd|1
|
|-weather|SunnyDay|[upkeep]
|-heal|p2a: Wailord|88\/100|[from] item: Leftovers
|-sideend|p2: abismal|Reflect
|upkeep
|turn|25
|
|t:|1642645768
|move|p1a: Eclipseroid|Nasty Plot|p1a: Eclipseroid
|-boost|p1a: Eclipseroid|spa|2
|move|p2a: Wailord|Cosmic Power|p2a: Wailord
|-boost|p2a: Wailord|def|1
|-boost|p2a: Wailord|spd|1
|
|-weather|SunnyDay|[upkeep]
|-heal|p2a: Wailord|94\/100|[from] item: Leftovers
|upkeep
|turn|26
|
|t:|1642645770
|move|p1a: Eclipseroid|Nasty Plot|p1a: Eclipseroid
|-boost|p1a: Eclipseroid|spa|2
|move|p2a: Wailord|Cosmic Power|p2a: Wailord
|-boost|p2a: Wailord|def|1
|-boost|p2a: Wailord|spd|1
|
|-weather|none
|-heal|p2a: Wailord|100\/100|[from] item: Leftovers
|upkeep
|turn|27
|j| jazzmat
|
|t:|1642645773
|move|p1a: Eclipseroid|Nasty Plot|p1a: Eclipseroid
|-boost|p1a: Eclipseroid|spa|2
|move|p2a: Wailord|Substitute|p2a: Wailord
|-start|p2a: Wailord|Substitute
|-damage|p2a: Wailord|76\/100
|
|-heal|p2a: Wailord|82\/100|[from] item: Leftovers
|upkeep
|turn|28
|
|t:|1642645775
|move|p1a: Eclipseroid|Shadow Ball|p2a: Wailord
|-supereffective|p2a: Wailord
|-end|p2a: Wailord|Substitute
|move|p2a: Wailord|Stored Power|p1a: Eclipseroid
|-damage|p1a: Eclipseroid|47\/100
|
|-heal|p1a: Eclipseroid|53\/100|[from] item: Leftovers
|-heal|p2a: Wailord|88\/100|[from] item: Leftovers
|upkeep
|turn|29
|
|t:|1642645780
|move|p1a: Eclipseroid|Shadow Ball|p2a: Wailord
|-supereffective|p2a: Wailord
|-damage|p2a: Wailord|38\/100
|move|p2a: Wailord|Stored Power|p1a: Eclipseroid
|-damage|p1a: Eclipseroid|0 fnt
|faint|p1a: Eclipseroid
|
|-heal|p2a: Wailord|44\/100|[from] item: Leftovers
|-sideend|p2: abismal|move: Light Screen
|upkeep
|
|t:|1642645785
|switch|p1a: Gigalith|Gigalith-Kalos, M|66\/100
|-start|p1a: Gigalith|typechange|Rock\/Electric|[silent]
|-weather|SunnyDay|[from] ability: Drought|[of] p1a: Gigalith
|turn|30
|
|t:|1642645792
|move|p1a: Gigalith|Weather Ball|p2a: Wailord
|-damage|p2a: Wailord|24\/100
|move|p2a: Wailord|Cosmic Power|p2a: Wailord
|-boost|p2a: Wailord|def|1
|-boost|p2a: Wailord|spd|1
|
|-weather|SunnyDay|[upkeep]
|-heal|p2a: Wailord|30\/100|[from] item: Leftovers
|upkeep
|turn|31
|
|t:|1642645796
|move|p1a: Gigalith|Weather Ball|p2a: Wailord
|-crit|p2a: Wailord
|-damage|p2a: Wailord|0 fnt
|faint|p2a: Wailord
|
|-weather|SunnyDay|[upkeep]
|upkeep
|c|☆ausma|yea had to bank on that
|
|t:|1642645803
|switch|p2a: Musasoar|Musasoar, M|75\/100
|-start|p2a: Musasoar|typechange|Grass\/Flying|[silent]
|-damage|p2a: Musasoar|50\/100|[from] Stealth Rock
|-enditem|p2a: Musasoar|Sitrus Berry|[eat]
|-heal|p2a: Musasoar|75\/100|[from] item: Sitrus Berry
|turn|32
|c|☆abismal|why
|c|☆abismal|what is iwth all the crits
|
|t:|1642645820
|move|p2a: Musasoar|Substitute|p2a: Musasoar
|-start|p2a: Musasoar|Substitute
|-damage|p2a: Musasoar|50\/100
|move|p1a: Gigalith|Weather Ball|p2a: Musasoar
|-supereffective|p2a: Musasoar
|-end|p2a: Musasoar|Substitute
|
|-weather|SunnyDay|[upkeep]
|-item|p2a: Musasoar|Sitrus Berry|[from] ability: Harvest
|upkeep
|-enditem|p2a: Musasoar|Sitrus Berry|[eat]
|-heal|p2a: Musasoar|75\/100|[from] item: Sitrus Berry
|turn|33
|c|☆ausma|because i sacked eclipseroid like a dingus
|
|t:|1642645831
|move|p2a: Musasoar|Earthquake|p1a: Gigalith
|-supereffective|p1a: Gigalith
|-damage|p1a: Gigalith|0 fnt
|faint|p1a: Gigalith
|
|-weather|SunnyDay|[upkeep]
|-item|p2a: Musasoar|Sitrus Berry|[from] ability: Harvest
|upkeep
|
|t:|1642645834
|switch|p1a: Goodra|Goodra-Arctara, F|67\/100
|-start|p1a: Goodra|typechange|Water\/Ice|[silent]
|turn|34
|c|☆abismal|gg
|
|t:|1642645838
|move|p1a: Goodra|Ice Beam|p2a: Musasoar
|-supereffective|p2a: Musasoar
|-damage|p2a: Musasoar|0 fnt
|faint|p2a: Musasoar
|
|win|ausma
|c|☆ausma|gg</script>
</div>
<div class="battle-log battle-log-inline"><div class="inner"><div class="battle-options"><div style="padding-top: 3px; padding-right: 3px; text-align: right"><button class="icon button" name="openBattleOptions" title="Options">Battle Options</button></div></div><div class="inner message-log"><div class="chat"><small>☆ausma and ☆abismal joined</small></div><div class=""><small>Format:</small> <br><strong>[Gen 8] Evolution Project</strong></div><div class=""><small><em>HP Percentage Mod:</em> HP is shown in percentages</small></div><div class=""><small><em>Endless Battle Clause:</em> Forcing endless battles is banned</small></div><div class=""><small><em>OHKO Clause:</em> OHKO moves are banned</small></div><div class=""><small><em>Evasion Moves Clause:</em> Evasion moves are banned</small></div><div class=""><small><em>Species Clause:</em> Limit one of each Pokémon</small></div><div class=""><small><em>Dynamax Clause:</em> You cannot dynamax</small></div><div class=""><small><em>Sleep Clause Mod:</em> Limit one foe put to sleep</small></div><div class=""><small><em>Z-Move Clause:</em> Type-based Z-Moves are banned</small></div><div class="chat battle-history"><strong>ausma's team:</strong> <em style="color:#445566;display:block;">Excadrill-Hisui / Goodra-Arctara / Drifblim-Variant / Gigalith-Kalos / Cherrim / Eclipseroid</em></div><div class="chat battle-history"><strong>abismal's team:</strong> <em style="color:#445566;display:block;">Wailord-Ultra / Electrode / Curski / Musasoar / Carnelion / Jynx-Variant</em></div><div class="chat chatmessage-abismal"><strong style="color:#68a730"><small>☆</small><span class="username" data-name="abismal">abismal</span>:</strong> <em>oh</em></div><div class="chat"><small>~inkbug1 joined</small></div><div class="chat chatmessage-abismal"><strong style="color:#68a730"><small>☆</small><span class="username" data-name="abismal">abismal</span>:</strong> <em>yeah now this will be fun</em></div><div class="chat"><small> jazzmat joined</small></div><div class="chat chatmessage-ausma"><strong style="color:#774de1"><small>☆</small><span class="username" data-name="ausma">ausma</span>:</strong> <em>fuck your musasoar ]</em></div><div class="chat chatmessage-abismal"><strong style="color:#68a730"><small>☆</small><span class="username" data-name="abismal">abismal</span>:</strong> <em>:(</em></div><div class="spacer battle-history"><br></div><div class="battle-history">Battle started between ausma and abismal!<br></div><div class="spacer battle-history"><br></div><div class="battle-history">Go! Gigalith (<strong>Gigalith-Kalos</strong>)!<br></div><div class="spacer battle-history"><br></div><div class="battle-history">abismal sent out <strong>Electrode</strong>!<br></div><div class="chat"><ul class="utilichart"><li class="result"><span class="col pokemonnamecol" style="white-space: nowrap">Gigalith-Kalos</span> <span class="col typecol"><img src="https://play.pokemonshowdown.com/sprites/types/Rock.png" alt="Rock" height="14" width="32"><img src="https://play.pokemonshowdown.com/sprites/types/Electric.png" alt="Electric" height="14" width="32"></span> <span style="float: left ; min-height: 26px"><span class="col abilitycol">Sturdy / Drought / Solar Power</span><span class="col abilitycol"></span></span></li><li style="clear: both"></li></ul></div><div class="chat"><ul class="utilichart"><li class="result"><span style="float: left ; min-height: 26px"><span class="col statcol"><em>HP</em><br>85</span> <span class="col statcol"><em>Atk</em><br>60</span> <span class="col statcol"><em>Def</em><br>130</span> <span class="col statcol"><em>SpA</em><br>135</span> <span class="col statcol"><em>SpD</em><br>80</span> <span class="col statcol"><em>Spe</em><br>25</span> </span></li><li style="clear: both"></li></ul></div><div class="battle-history"><small>(Gigalith-Kalos was created by Violet!)</small><br></div><div class="battle-history">[Gigalith's Drought]<br><small>The sunlight turned harsh!</small><br></div><div class="spacer battle-history"><br></div><h2 class="battle-history">Turn 1</h2><div class="spacer battle-history"><br></div><div class="battle-history">Gigalith, come back!<br></div><div class="battle-history">Go! <strong>Cherrim</strong>!<br></div><div class="battle-history">[Cherrim's Flower Gift]<br>Cherrim transformed!<br></div><div class="spacer battle-history"><br></div><div class="battle-history">The opposing Electrode used <strong>Light Screen</strong>!<br></div><div class="battle-history"><small>Light Screen made the opposing team stronger against special moves!</small><br></div><div class="spacer battle-history"><br></div><div class="battle-history"><small>(The sunlight is strong.)</small><br></div><div class="spacer battle-history"><br></div><h2 class="battle-history">Turn 2</h2><div class="chat chatmessage-inkbug1 mine"><strong style="color:#e46e0f"><small>~</small><span class="username" data-name="inkbug1">inkbug1</span>:</strong> <em>oh yeah tht was the other thing i knew there was <i>something</i></em></div><div class="spacer battle-history"><br></div><div class="battle-history">The opposing Electrode used <strong>Reflect</strong>!<br></div><div class="battle-history"><small>Reflect made the opposing team stronger against physical moves!</small><br></div><div class="spacer battle-history"><br></div><div class="battle-history">Cherrim used <strong>Solar Blade</strong>!<br></div><div class="battle-history"><small>Cherrim absorbed light!</small><br></div><div class="battle-history"><small>(The opposing Electrode lost 71% of its health!)</small><br></div><div class="spacer battle-history"><br></div><div class="battle-history"><small>(The sunlight is strong.)</small><br></div><div class="spacer battle-history"><br></div><h2 class="battle-history">Turn 3</h2><div class="spacer battle-history"><br></div><div class="battle-history">The opposing Electrode used <strong>Volt Switch</strong>!<br></div><div class="battle-history"><small>It's not very effective...</small><br></div><div class="battle-history"><small>(Cherrim lost 10% of its health!)</small><br></div><div class="chat chatmessage-inkbug1 mine"><strong style="color:#e46e0f"><small>~</small><span class="username" data-name="inkbug1">inkbug1</span>:</strong> <em>eclipse resisting both the moves it runs i mean</em></div><div class="chat chatmessage-ausma"><strong style="color:#774de1"><small>☆</small><span class="username" data-name="ausma">ausma</span>:</strong> <em>yea </em></div><div class="chat chatmessage-ausma"><strong style="color:#774de1"><small>☆</small><span class="username" data-name="ausma">ausma</span>:</strong> <em>bronzong is around as well </em></div><div class="spacer battle-history"><br></div><div class="battle-history">The opposing Electrode went back to abismal!<br></div><div class="battle-history">abismal sent out Jynx (<strong>Jynx-Variant</strong>)!<br></div><div class="chat"><ul class="utilichart"><li class="result"><span class="col pokemonnamecol" style="white-space: nowrap">Jynx-Variant</span> <span class="col typecol"><img src="https://play.pokemonshowdown.com/sprites/types/Grass.png" alt="Grass" height="14" width="32"><img src="https://play.pokemonshowdown.com/sprites/types/Fighting.png" alt="Fighting" height="14" width="32"></span> <span style="float: left ; min-height: 26px"><span class="col abilitycol">Dancer / Flame Body / Flash Fire</span><span class="col abilitycol"></span></span></li><li style="clear: both"></li></ul></div><div class="chat"><ul class="utilichart"><li class="result"><span style="float: left ; min-height: 26px"><span class="col statcol"><em>HP</em><br>65</span> <span class="col statcol"><em>Atk</em><br>50</span> <span class="col statcol"><em>Def</em><br>95</span> <span class="col statcol"><em>SpA</em><br>115</span> <span class="col statcol"><em>SpD</em><br>35</span> <span class="col statcol"><em>Spe</em><br>95</span> </span></li><li style="clear: both"></li></ul></div><div class="battle-history"><small>(Jynx-Variant was created by abismal!)</small><br></div><div class="spacer battle-history"><br></div><div class="battle-history">Cherrim used <strong>Solar Blade</strong>!<br></div><div class="battle-history"><small>Cherrim absorbed light!</small><br></div><div class="battle-history"><small>It's not very effective...</small><br></div><div class="battle-history"><small>(The opposing Jynx lost 33% of its health!)</small><br></div><div class="spacer battle-history"><br></div><div class="battle-history"><small>(The sunlight is strong.)</small><br></div><div class="battle-history"><small>The opposing Jynx restored a little HP using its Leftovers!</small><br></div><div class="spacer battle-history"><br></div><h2 class="battle-history">Turn 4</h2><div class="chat chatmessage-inkbug1 mine"><strong style="color:#e46e0f"><small>~</small><span class="username" data-name="inkbug1">inkbug1</span>:</strong> <em>arctaroc can take an eq and absolutely deletes it with taxel as well </em></div><div class="spacer battle-history"><br></div><div class="battle-history">Cherrim, come back!<br></div><div class="battle-history">Go! Goodra (<strong>Goodra-Arctara</strong>)!<br></div><div class="chat"><ul class="utilichart"><li class="result"><span class="col pokemonnamecol" style="white-space: nowrap">Goodra-Arctara</span> <span class="col typecol"><img src="https://play.pokemonshowdown.com/sprites/types/Water.png" alt="Water" height="14" width="32"><img src="https://play.pokemonshowdown.com/sprites/types/Ice.png" alt="Ice" height="14" width="32"></span> <span style="float: left ; min-height: 26px"><span class="col abilitycol">Stamina / Hydration / Water Absorb</span><span class="col abilitycol"></span></span></li><li style="clear: both"></li></ul></div><div class="chat"><ul class="utilichart"><li class="result"><span style="float: left ; min-height: 26px"><span class="col statcol"><em>HP</em><br>50</span> <span class="col statcol"><em>Atk</em><br>110</span> <span class="col statcol"><em>Def</em><br>70</span> <span class="col statcol"><em>SpA</em><br>110</span> <span class="col statcol"><em>SpD</em><br>150</span> <span class="col statcol"><em>Spe</em><br>110</span> </span></li><li style="clear: both"></li></ul></div><div class="battle-history"><small>(Goodra-Arctara was created by ausma!)</small><br></div><div class="spacer battle-history"><br></div><div class="battle-history">The opposing Jynx used <strong>Giga Drain</strong>!<br></div><div class="battle-history"><small>It's super effective!</small><br></div><div class="battle-history"><small>A critical hit!</small><br></div><div class="battle-history"><small>(Goodra lost 79% of its health!)</small><br></div><div class="battle-history"><small>Goodra had its energy drained!</small><br></div><div class="battle-history">[Goodra's Stamina]<br></div><div class="battle-history"><small>Goodra's Defense rose!</small><br></div><div class="spacer battle-history"><br></div><div class="battle-history"><small>(The sunlight is strong.)</small><br></div><div class="battle-history"><small>Goodra restored a little HP using its Leftovers!</small><br></div><div class="spacer battle-history"><br></div><h2 class="battle-history">Turn 5</h2><div class="chat chatmessage-abismal"><strong style="color:#68a730"><small>☆</small><span class="username" data-name="abismal">abismal</span>:</strong> <em>sorry</em></div><div class="chat chatmessage-ausma"><strong style="color:#774de1"><small>☆</small><span class="username" data-name="ausma">ausma</span>:</strong> <em>ur good</em></div><div class="spacer battle-history"><br></div><div class="battle-history">abismal withdrew Jynx!<br></div><div class="battle-history">abismal sent out <strong>Carnelion</strong>!<br></div><div class="chat"><ul class="utilichart"><li class="result"><span class="col pokemonnamecol" style="white-space: nowrap">Carnelion</span> <span class="col typecol"><img src="https://play.pokemonshowdown.com/sprites/types/Normal.png" alt="Normal" height="14" width="32"><img src="https://play.pokemonshowdown.com/sprites/types/Rock.png" alt="Rock" height="14" width="32"></span> <span style="float: left ; min-height: 26px"><span class="col abilitycol">Limber / Technician / Unnerve</span><span class="col abilitycol"></span></span></li><li style="clear: both"></li></ul></div><div class="chat"><ul class="utilichart"><li class="result"><span style="float: left ; min-height: 26px"><span class="col statcol"><em>HP</em><br>85</span> <span class="col statcol"><em>Atk</em><br>105</span> <span class="col statcol"><em>Def</em><br>70</span> <span class="col statcol"><em>SpA</em><br>95</span> <span class="col statcol"><em>SpD</em><br>70</span> <span class="col statcol"><em>Spe</em><br>120</span> </span></li><li style="clear: both"></li></ul></div><div class="battle-history"><small>(Carnelion was created by abismal!)</small><br></div><div class="spacer battle-history"><br></div><div class="battle-history">Goodra used <strong>Substitute</strong>!<br></div><div class="battle-history"><small>Goodra put in a substitute!</small><br></div><div class="battle-history"><small>(Goodra lost 25% of its health!)</small><br></div><div class="spacer battle-history"><br></div><div class="battle-history"><small>(The sunlight is strong.)</small><br></div><div class="battle-history"><small>Goodra restored a little HP using its Leftovers!</small><br></div><div class="spacer battle-history"><br></div><h2 class="battle-history">Turn 6</h2><div class="spacer battle-history"><br></div><div class="battle-history">The opposing Carnelion used <strong>Power Gem</strong>!<br></div><div class="battle-history"><small>It's super effective!</small><br></div><div class="battle-history"><small>Goodra's substitute faded!</small><br></div><div class="spacer battle-history"><br></div><div class="battle-history">Goodra used <strong>Pain Split</strong>!<br></div><div class="battle-history"><small>The battlers shared their pain!</small><br></div><div class="spacer battle-history"><br></div><div class="battle-history"><small>(The sunlight is strong.)</small><br></div><div class="battle-history"><small>Goodra restored a little HP using its Leftovers!</small><br></div><div class="spacer battle-history"><br></div><h2 class="battle-history">Turn 7</h2><div class="spacer battle-history"><br></div><div class="battle-history">Goodra, come back!<br></div><div class="battle-history">Go! Excadrill (<strong>Excadrill-Hisui</strong>)!<br></div><div class="chat"><ul class="utilichart"><li class="result"><span class="col pokemonnamecol" style="white-space: nowrap">Excadrill-Hisui</span> <span class="col typecol"><img src="https://play.pokemonshowdown.com/sprites/types/Ground.png" alt="Ground" height="14" width="32"><img src="https://play.pokemonshowdown.com/sprites/types/Normal.png" alt="Normal" height="14" width="32"></span> <span style="float: left ; min-height: 26px"><span class="col abilitycol">Centrifuge / Sand Force / Technician</span><span class="col abilitycol"></span></span></li><li style="clear: both"></li></ul></div><div class="chat"><ul class="utilichart"><li class="result"><span style="float: left ; min-height: 26px"><span class="col statcol"><em>HP</em><br>110</span> <span class="col statcol"><em>Atk</em><br>135</span> <span class="col statcol"><em>Def</em><br>60</span> <span class="col statcol"><em>SpA</em><br>50</span> <span class="col statcol"><em>SpD</em><br>65</span> <span class="col statcol"><em>Spe</em><br>88</span> </span></li><li style="clear: both"></li></ul></div><div class="battle-history"><small>(Excadrill-Hisui was created by ausma!)</small><br></div><div class="spacer battle-history"><br></div><div class="battle-history">The opposing Carnelion used <strong>Power Gem</strong>!<br></div><div class="battle-history"><small>It's not very effective...</small><br></div><div class="battle-history"><small>(Excadrill lost 21% of its health!)</small><br></div><div class="spacer battle-history"><br></div><div class="battle-history"><small>(The sunlight is strong.)</small><br></div><div class="battle-history"><small>Excadrill restored a little HP using its Leftovers!</small><br></div><div class="spacer battle-history"><br></div><h2 class="battle-history">Turn 8</h2><div class="spacer battle-history"><br></div><div class="battle-history">The opposing Carnelion used <strong>Hidden Power</strong>!<br></div><div class="battle-history"><small>It's super effective!</small><br></div><div class="battle-history"><small>(Excadrill lost 78% of its health!)</small><br></div><div class="spacer battle-history"><br></div><div class="battle-history">Excadrill used <strong>Stealth Rock</strong>!<br></div><div class="battle-history"><small>Pointed stones float in the air around the opposing team!</small><br></div><div class="spacer battle-history"><br></div><div class="battle-history"><small>The harsh sunlight faded.</small><br></div><div class="battle-history"><small>Excadrill restored a little HP using its Leftovers!</small><br></div><div class="battle-history"><small>The opposing team's Light Screen wore off!</small><br></div><div class="spacer battle-history"><br></div><h2 class="battle-history">Turn 9</h2><div class="spacer battle-history"><br></div><div class="battle-history">Excadrill, come back!<br></div><div class="battle-history">Go! Gigalith (<strong>Gigalith-Kalos</strong>)!<br></div><div class="battle-history">[Gigalith's Drought]<br><small>The sunlight turned harsh!</small><br></div><div class="spacer battle-history"><br></div><div class="battle-history">The opposing Carnelion used <strong>Hidden Power</strong>!<br></div><div class="battle-history"><small>(Gigalith lost 34% of its health!)</small><br></div><div class="spacer battle-history"><br></div><div class="battle-history"><small>(The sunlight is strong.)</small><br></div><div class="battle-history"><small>The opposing team's Reflect wore off!</small><br></div><div class="spacer battle-history"><br></div><h2 class="battle-history">Turn 10</h2><div class="spacer battle-history"><br></div><div class="battle-history">abismal withdrew Carnelion!<br></div><div class="battle-history">abismal sent out Jynx (<strong>Jynx-Variant</strong>)!<br></div><div class="battle-history"><small>Pointed stones dug into the opposing Jynx!</small><br></div><div class="spacer battle-history"><br></div><div class="battle-history">Gigalith, come back!<br></div><div class="battle-history">Go! Goodra (<strong>Goodra-Arctara</strong>)!<br></div><div class="spacer battle-history"><br></div><div class="battle-history"><small>(The sunlight is strong.)</small><br></div><div class="battle-history"><small>Goodra restored a little HP using its Leftovers!</small><br></div><div class="battle-history"><small>The opposing Jynx restored a little HP using its Leftovers!</small><br></div><div class="spacer battle-history"><br></div><h2 class="battle-history">Turn 11</h2><div class="spacer battle-history"><br></div><div class="battle-history">Goodra used <strong>Ice Beam</strong>!<br></div><div class="battle-history"><small>It's super effective!</small><br></div><div class="battle-history"><small>(The opposing Jynx lost 100% of its health!)</small><br></div><div class="spacer battle-history"><br></div><div class="battle-history">The opposing Jynx fainted!<br></div><div class="spacer battle-history"><br></div><div class="battle-history"><small>(The sunlight is strong.)</small><br></div><div class="battle-history"><small>Goodra restored a little HP using its Leftovers!</small><br></div><div class="spacer battle-history"><br></div><div class="battle-history">abismal sent out Wailord (<strong>Wailord-Ultra</strong>)!<br></div><div class="battle-history"><small>Pointed stones dug into the opposing Wailord!</small><br></div><div class="chat"><ul class="utilichart"><li class="result"><span class="col pokemonnamecol" style="white-space: nowrap">Wailord-Ultra</span> <span class="col typecol"><img src="https://play.pokemonshowdown.com/sprites/types/Psychic.png" alt="Psychic" height="14" width="32"></span> <span style="float: left ; min-height: 26px"><span class="col abilitycol">Illuminate / Oblivious / Beast Boost</span><span class="col abilitycol"></span></span></li><li style="clear: both"></li></ul></div><div class="chat"><ul class="utilichart"><li class="result"><span style="float: left ; min-height: 26px"><span class="col statcol"><em>HP</em><br>173</span> <span class="col statcol"><em>Atk</em><br>89</span> <span class="col statcol"><em>Def</em><br>43</span> <span class="col statcol"><em>SpA</em><br>89</span> <span class="col statcol"><em>SpD</em><br>47</span> <span class="col statcol"><em>Spe</em><br>59</span> </span></li><li style="clear: both"></li></ul></div><div class="battle-history"><small>(Wailord-Ultra was created by abismal!)</small><br></div><div class="spacer battle-history"><br></div><h2 class="battle-history">Turn 12</h2><div class="spacer battle-history"><br></div><div class="battle-history">Goodra, come back!<br></div><div class="battle-history">Go! <strong>Cherrim</strong>!<br></div><div class="battle-history">[Cherrim's Flower Gift]<br>Cherrim transformed!<br></div><div class="spacer battle-history"><br></div><div class="battle-history">The opposing Wailord used <strong>Cosmic Power</strong>!<br></div><div class="battle-history"><small>The opposing Wailord's Defense rose!</small><br></div><div class="battle-history"><small>The opposing Wailord's Sp. Def rose!</small><br></div><div class="spacer battle-history"><br></div><div class="battle-history"><small>(The sunlight is strong.)</small><br></div><div class="battle-history"><small>The opposing Wailord restored a little HP using its Leftovers!</small><br></div><div class="spacer battle-history"><br></div><h2 class="battle-history">Turn 13</h2><div class="spacer battle-history"><br></div><div class="battle-history">abismal withdrew Wailord!<br></div><div class="battle-history">abismal sent out <strong>Musasoar</strong>!<br></div><div class="battle-history"><small>Pointed stones dug into the opposing Musasoar!</small><br></div><div class="chat"><ul class="utilichart"><li class="result"><span class="col pokemonnamecol" style="white-space: nowrap">Musasoar</span> <span class="col typecol"><img src="https://play.pokemonshowdown.com/sprites/types/Grass.png" alt="Grass" height="14" width="32"><img src="https://play.pokemonshowdown.com/sprites/types/Flying.png" alt="Flying" height="14" width="32"></span> <span style="float: left ; min-height: 26px"><span class="col abilitycol">Chlorophyll / Leaf Guard / Harvest</span><span class="col abilitycol"></span></span></li><li style="clear: both"></li></ul></div><div class="chat"><ul class="utilichart"><li class="result"><span style="float: left ; min-height: 26px"><span class="col statcol"><em>HP</em><br>109</span> <span class="col statcol"><em>Atk</em><br>108</span> <span class="col statcol"><em>Def</em><br>83</span> <span class="col statcol"><em>SpA</em><br>72</span> <span class="col statcol"><em>SpD</em><br>87</span> <span class="col statcol"><em>Spe</em><br>76</span> </span></li><li style="clear: both"></li></ul></div><div class="battle-history"><small>(Musasoar was created by Violet!)</small><br></div><div class="spacer battle-history"><br></div><div class="battle-history">Cherrim used <strong>Solar Blade</strong>!<br></div><div class="battle-history"><small>Cherrim absorbed light!</small><br></div><div class="battle-history"><small>It's not very effective...</small><br></div><div class="battle-history"><small>(The opposing Musasoar lost 26% of its health!)</small><br></div><div class="battle-history"><small>(The opposing Musasoar ate its Sitrus Berry!)</small><br></div><div class="battle-history"><small>The opposing Musasoar restored HP using its Sitrus Berry!</small><br></div><div class="spacer battle-history"><br></div><div class="battle-history"><small>(The sunlight is strong.)</small><br></div><div class="battle-history">[The opposing Musasoar's Harvest]<br><small>The opposing Musasoar harvested one Sitrus Berry!</small><br></div><div class="spacer battle-history"><br></div><h2 class="battle-history">Turn 14</h2><div class="spacer battle-history"><br></div><div class="battle-history">Cherrim, come back!<br></div><div class="battle-history">Go! <strong>Eclipseroid</strong>!<br></div><div class="chat"><ul class="utilichart"><li class="result"><span class="col pokemonnamecol" style="white-space: nowrap">Eclipseroid</span> <span class="col typecol"><img src="https://play.pokemonshowdown.com/sprites/types/Rock.png" alt="Rock" height="14" width="32"><img src="https://play.pokemonshowdown.com/sprites/types/Ghost.png" alt="Ghost" height="14" width="32"></span> <span style="float: left ; min-height: 26px"><span class="col abilitycol">Levitate</span><span class="col abilitycol"></span></span></li><li style="clear: both"></li></ul></div><div class="chat"><ul class="utilichart"><li class="result"><span style="float: left ; min-height: 26px"><span class="col statcol"><em>HP</em><br>90</span> <span class="col statcol"><em>Atk</em><br>100</span> <span class="col statcol"><em>Def</em><br>90</span> <span class="col statcol"><em>SpA</em><br>100</span> <span class="col statcol"><em>SpD</em><br>90</span> <span class="col statcol"><em>Spe</em><br>70</span> </span></li><li style="clear: both"></li></ul></div><div class="battle-history"><small>(Eclipseroid was created by ausma!)</small><br></div><div class="spacer battle-history"><br></div><div class="battle-history">abismal withdrew Musasoar!<br></div><div class="battle-history">abismal sent out <strong>Curski</strong>!<br></div><div class="chat"><ul class="utilichart"><li class="result"><span class="col pokemonnamecol" style="white-space: nowrap">Curski</span> <span class="col typecol"><img src="https://play.pokemonshowdown.com/sprites/types/Dark.png" alt="Dark" height="14" width="32"></span> <span style="float: left ; min-height: 26px"><span class="col abilitycol">Dark Aura / Infiltrator</span><span class="col abilitycol"></span></span></li><li style="clear: both"></li></ul></div><div class="chat"><ul class="utilichart"><li class="result"><span style="float: left ; min-height: 26px"><span class="col statcol"><em>HP</em><br>50</span> <span class="col statcol"><em>Atk</em><br>117</span> <span class="col statcol"><em>Def</em><br>108</span> <span class="col statcol"><em>SpA</em><br>92</span> <span class="col statcol"><em>SpD</em><br>108</span> <span class="col statcol"><em>Spe</em><br>35</span> </span></li><li style="clear: both"></li></ul></div><div class="battle-history"><small>(Curski was created by KeroseneZanchu!)</small><br></div><div class="battle-history"><small>Pointed stones dug into the opposing Curski!</small><br></div><div class="battle-history">[The opposing Curski's Dark Aura]<br><small>The opposing Curski is radiating a dark aura!</small><br></div><div class="spacer battle-history"><br></div><div class="battle-history"><small>(The sunlight is strong.)</small><br></div><div class="battle-history"><small>The opposing Curski restored a little HP using its Leftovers!</small><br></div><div class="spacer battle-history"><br></div><h2 class="battle-history">Turn 15</h2><div class="spacer battle-history"><br></div><div class="battle-history">Eclipseroid, come back!<br></div><div class="battle-history">Go! Excadrill (<strong>Excadrill-Hisui</strong>)!<br></div><div class="spacer battle-history"><br></div><div class="battle-history">The opposing Curski used <strong>Baddy Bad</strong>!<br></div><div class="battle-history"><small>(Excadrill lost 13% of its health!)</small><br></div><div class="battle-history"><small>Reflect made the opposing team stronger against physical moves!</small><br></div><div class="spacer battle-history"><br></div><div class="battle-history">Excadrill fainted!<br></div><div class="spacer battle-history"><br></div><div class="battle-history"><small>(The sunlight is strong.)</small><br></div><div class="battle-history"><small>The opposing Curski restored a little HP using its Leftovers!</small><br></div><div class="spacer battle-history"><br></div><div class="battle-history">Go! Drifblim (<strong>Drifblim-Variant</strong>)!<br></div><div class="chat"><ul class="utilichart"><li class="result"><span class="col pokemonnamecol" style="white-space: nowrap">Drifblim-Variant</span> <span class="col typecol"><img src="https://play.pokemonshowdown.com/sprites/types/Fire.png" alt="Fire" height="14" width="32"><img src="https://play.pokemonshowdown.com/sprites/types/Flying.png" alt="Flying" height="14" width="32"></span> <span style="float: left ; min-height: 26px"><span class="col abilitycol">Emergency Exit</span><span class="col abilitycol"></span></span></li><li style="clear: both"></li></ul></div><div class="chat"><ul class="utilichart"><li class="result"><span style="float: left ; min-height: 26px"><span class="col statcol"><em>HP</em><br>140</span> <span class="col statcol"><em>Atk</em><br>70</span> <span class="col statcol"><em>Def</em><br>24</span> <span class="col statcol"><em>SpA</em><br>84</span> <span class="col statcol"><em>SpD</em><br>74</span> <span class="col statcol"><em>Spe</em><br>106</span> </span></li><li style="clear: both"></li></ul></div><div class="battle-history"><small>(Drifblim-Variant was created by inkbug!)</small><br></div><div class="spacer battle-history"><br></div><h2 class="battle-history">Turn 16</h2><div class="spacer battle-history"><br></div><div class="battle-history">Drifblim used <strong>Mind Blown</strong>!<br></div><div class="battle-history"><small>(The opposing Curski lost 88% of its health!)</small><br></div><div class="battle-history"><small>(Drifblim cut its own HP to power up its move!)</small><br></div><div class="battle-history">[Drifblim's Emergency Exit]<br></div><div class="spacer battle-history"><br></div><div class="battle-history">Drifblim, come back!<br></div><div class="battle-history">Go! Goodra (<strong>Goodra-Arctara</strong>)!<br></div><div class="spacer battle-history"><br></div><div class="battle-history">The opposing Curski used <strong>Rest</strong>!<br></div><div class="battle-history"><small>The opposing Curski slept and became healthy!</small><br></div><div class="spacer battle-history"><br></div><div class="battle-history"><small>The harsh sunlight faded.</small><br></div><div class="battle-history"><small>Goodra restored a little HP using its Leftovers!</small><br></div><div class="spacer battle-history"><br></div><h2 class="battle-history">Turn 17</h2><div class="spacer battle-history"><br></div><div class="battle-history">Goodra used <strong>Substitute</strong>!<br></div><div class="battle-history"><small>Goodra put in a substitute!</small><br></div><div class="battle-history"><small>(Goodra lost 24% of its health!)</small><br></div><div class="spacer battle-history"><br></div><div class="battle-history">The opposing Curski is fast asleep.<br></div><div class="spacer battle-history"><br></div><div class="battle-history">The opposing Curski used <strong>Sleep Talk</strong>!<br></div><div class="spacer battle-history"><br></div><div class="battle-history">The opposing Curski used <strong>Rest</strong>!<br></div><div class="battle-history"><small>The opposing Curski's HP is full!</small><br></div><div class="spacer battle-history"><br></div><div class="battle-history"><small>Goodra restored a little HP using its Leftovers!</small><br></div><div class="spacer battle-history"><br></div><h2 class="battle-history">Turn 18</h2><div class="spacer battle-history"><br></div><div class="battle-history">Goodra used <strong>Ice Beam</strong>!<br></div><div class="battle-history"><small>(The opposing Curski lost 34% of its health!)</small><br></div><div class="spacer battle-history"><br></div><div class="battle-history">The opposing Curski is fast asleep.<br></div><div class="spacer battle-history"><br></div><div class="battle-history">The opposing Curski used <strong>Sleep Talk</strong>!<br></div><div class="spacer battle-history"><br></div><div class="battle-history">The opposing Curski used <strong>Calm Mind</strong>!<br></div><div class="battle-history"><small>The opposing Curski's Sp. Atk rose!</small><br></div><div class="battle-history"><small>The opposing Curski's Sp. Def rose!</small><br></div><div class="spacer battle-history"><br></div><div class="battle-history"><small>Goodra restored a little HP using its Leftovers!</small><br></div><div class="battle-history"><small>The opposing Curski restored a little HP using its Leftovers!</small><br></div><div class="spacer battle-history"><br></div><h2 class="battle-history">Turn 19</h2><div class="chat chatmessage-ausma"><strong style="color:#774de1"><small>☆</small><span class="username" data-name="ausma">ausma</span>:</strong> <em>oh</em></div><div class="spacer battle-history"><br></div><div class="battle-history">Goodra, come back!<br></div><div class="battle-history">Go! Gigalith (<strong>Gigalith-Kalos</strong>)!<br></div><div class="battle-history">[Gigalith's Drought]<br><small>The sunlight turned harsh!</small><br></div><div class="battle-history"><small>The opposing Curski woke up!</small><br></div><div class="spacer battle-history"><br></div><div class="battle-history">The opposing Curski used <strong>Rest</strong>!<br></div><div class="battle-history"><small>The opposing Curski slept and became healthy!</small><br></div><div class="spacer battle-history"><br></div><div class="battle-history"><small>(The sunlight is strong.)</small><br></div><div class="battle-history"><small>The opposing team's Reflect wore off!</small><br></div><div class="spacer battle-history"><br></div><h2 class="battle-history">Turn 20</h2><div class="spacer battle-history"><br></div><div class="battle-history">Gigalith, come back!<br></div><div class="battle-history">Go! Drifblim (<strong>Drifblim-Variant</strong>)!<br></div><div class="spacer battle-history"><br></div><div class="battle-history">The opposing Curski is fast asleep.<br></div><div class="spacer battle-history"><br></div><div class="battle-history">The opposing Curski used <strong>Sleep Talk</strong>!<br></div><div class="spacer battle-history"><br></div><div class="battle-history">The opposing Curski used <strong>Baddy Bad</strong>!<br></div><div class="battle-history"><small>A critical hit!</small><br></div><div class="battle-history"><small>(Drifblim lost 50% of its health!)</small><br></div><div class="battle-history"><small>Reflect made the opposing team stronger against physical moves!</small><br></div><div class="spacer battle-history"><br></div><div class="battle-history">Drifblim fainted!<br></div><div class="spacer battle-history"><br></div><div class="battle-history"><small>(The sunlight is strong.)</small><br></div><div class="spacer battle-history"><br></div><div class="battle-history">Go! <strong>Cherrim</strong>!<br></div><div class="battle-history">[Cherrim's Flower Gift]<br>Cherrim transformed!<br></div><div class="spacer battle-history"><br></div><h2 class="battle-history">Turn 21</h2><div class="spacer battle-history"><br></div><div class="battle-history">Cherrim used <strong>Solar Blade</strong>!<br></div><div class="battle-history"><small>Cherrim absorbed light!</small><br></div><div class="battle-history"><small>A critical hit!</small><br></div><div class="battle-history"><small>(The opposing Curski lost 100% of its health!)</small><br></div><div class="spacer battle-history"><br></div><div class="battle-history">The opposing Curski fainted!<br></div><div class="spacer battle-history"><br></div><div class="battle-history"><small>(The sunlight is strong.)</small><br></div><div class="chat chatmessage-abismal"><strong style="color:#68a730"><small>☆</small><span class="username" data-name="abismal">abismal</span>:</strong> <em>ok come on</em></div><div class="spacer battle-history"><br></div><div class="battle-history">abismal sent out <strong>Electrode</strong>!<br></div><div class="battle-history"><small>Pointed stones dug into the opposing Electrode!</small><br></div><div class="spacer battle-history"><br></div><h2 class="battle-history">Turn 22</h2><div class="spacer battle-history"><br></div><div class="battle-history">The opposing Electrode used <strong>Light Screen</strong>!<br></div><div class="battle-history"><small>Light Screen made the opposing team stronger against special moves!</small><br></div><div class="spacer battle-history"><br></div><div class="battle-history">Cherrim used <strong>Solar Blade</strong>!<br></div><div class="battle-history"><small>Cherrim absorbed light!</small><br></div><div class="battle-history"><small>(The opposing Electrode lost 16% of its health!)</small><br></div><div class="battle-history">[The opposing Electrode's Aftermath]<br><small>Cherrim was hurt!</small><br></div><div class="spacer battle-history"><br></div><div class="battle-history">The opposing Electrode fainted!<br></div><div class="spacer battle-history"><br></div><div class="battle-history"><small>(The sunlight is strong.)</small><br></div><div class="chat"><small> jazzmat left</small></div><div class="spacer battle-history"><br></div><div class="battle-history">abismal sent out <strong>Carnelion</strong>!<br></div><div class="battle-history"><small>Pointed stones dug into the opposing Carnelion!</small><br></div><div class="spacer battle-history"><br></div><h2 class="battle-history">Turn 23</h2><div class="spacer battle-history"><br></div><div class="battle-history">The opposing Carnelion used <strong>Nasty Plot</strong>!<br></div><div class="battle-history"><small>The opposing Carnelion's Sp. Atk rose sharply!</small><br></div><div class="spacer battle-history"><br></div><div class="battle-history">Cherrim used <strong>Solar Blade</strong>!<br></div><div class="battle-history"><small>Cherrim absorbed light!</small><br></div><div class="battle-history"><small>It's super effective!</small><br></div><div class="battle-history"><small>(The opposing Carnelion lost 42% of its health!)</small><br></div><div class="spacer battle-history"><br></div><div class="battle-history">The opposing Carnelion fainted!<br></div><div class="spacer battle-history"><br></div><div class="battle-history"><small>(The sunlight is strong.)</small><br></div><div class="spacer battle-history"><br></div><div class="battle-history">abismal sent out Wailord (<strong>Wailord-Ultra</strong>)!<br></div><div class="battle-history"><small>Pointed stones dug into the opposing Wailord!</small><br></div><div class="spacer battle-history"><br></div><h2 class="battle-history">Turn 24</h2><div class="spacer battle-history"><br></div><div class="battle-history">Cherrim, come back!<br></div><div class="battle-history">Go! <strong>Eclipseroid</strong>!<br></div><div class="spacer battle-history"><br></div><div class="battle-history">The opposing Wailord used <strong>Cosmic Power</strong>!<br></div><div class="battle-history"><small>The opposing Wailord's Defense rose!</small><br></div><div class="battle-history"><small>The opposing Wailord's Sp. Def rose!</small><br></div><div class="spacer battle-history"><br></div><div class="battle-history"><small>(The sunlight is strong.)</small><br></div><div class="battle-history"><small>The opposing Wailord restored a little HP using its Leftovers!</small><br></div><div class="battle-history"><small>The opposing team's Reflect wore off!</small><br></div><div class="spacer battle-history"><br></div><h2 class="battle-history">Turn 25</h2><div class="spacer battle-history"><br></div><div class="battle-history">Eclipseroid used <strong>Nasty Plot</strong>!<br></div><div class="battle-history"><small>Eclipseroid's Sp. Atk rose sharply!</small><br></div><div class="spacer battle-history"><br></div><div class="battle-history">The opposing Wailord used <strong>Cosmic Power</strong>!<br></div><div class="battle-history"><small>The opposing Wailord's Defense rose!</small><br></div><div class="battle-history"><small>The opposing Wailord's Sp. Def rose!</small><br></div><div class="spacer battle-history"><br></div><div class="battle-history"><small>(The sunlight is strong.)</small><br></div><div class="battle-history"><small>The opposing Wailord restored a little HP using its Leftovers!</small><br></div><div class="spacer battle-history"><br></div><h2 class="battle-history">Turn 26</h2><div class="spacer battle-history"><br></div><div class="battle-history">Eclipseroid used <strong>Nasty Plot</strong>!<br></div><div class="battle-history"><small>Eclipseroid's Sp. Atk rose sharply!</small><br></div><div class="spacer battle-history"><br></div><div class="battle-history">The opposing Wailord used <strong>Cosmic Power</strong>!<br></div><div class="battle-history"><small>The opposing Wailord's Defense rose!</small><br></div><div class="battle-history"><small>The opposing Wailord's Sp. Def rose!</small><br></div><div class="spacer battle-history"><br></div><div class="battle-history"><small>The harsh sunlight faded.</small><br></div><div class="battle-history"><small>The opposing Wailord restored a little HP using its Leftovers!</small><br></div><div class="spacer battle-history"><br></div><h2 class="battle-history">Turn 27</h2><div class="chat"><small> jazzmat joined</small></div><div class="spacer battle-history"><br></div><div class="battle-history">Eclipseroid used <strong>Nasty Plot</strong>!<br></div><div class="battle-history"><small>Eclipseroid's Sp. Atk rose sharply!</small><br></div><div class="spacer battle-history"><br></div><div class="battle-history">The opposing Wailord used <strong>Substitute</strong>!<br></div><div class="battle-history"><small>The opposing Wailord put in a substitute!</small><br></div><div class="battle-history"><small>(The opposing Wailord lost 24% of its health!)</small><br></div><div class="spacer battle-history"><br></div><div class="battle-history"><small>The opposing Wailord restored a little HP using its Leftovers!</small><br></div><div class="spacer battle-history"><br></div><h2 class="battle-history">Turn 28</h2><div class="spacer battle-history"><br></div><div class="battle-history">Eclipseroid used <strong>Shadow Ball</strong>!<br></div><div class="battle-history"><small>It's super effective!</small><br></div><div class="battle-history"><small>The opposing Wailord's substitute faded!</small><br></div><div class="spacer battle-history"><br></div><div class="battle-history">The opposing Wailord used <strong>Stored Power</strong>!<br></div><div class="battle-history"><small>(Eclipseroid lost 53% of its health!)</small><br></div><div class="spacer battle-history"><br></div><div class="battle-history"><small>Eclipseroid restored a little HP using its Leftovers!</small><br></div><div class="battle-history"><small>The opposing Wailord restored a little HP using its Leftovers!</small><br></div><div class="spacer battle-history"><br></div><h2 class="battle-history">Turn 29</h2><div class="spacer battle-history"><br></div><div class="battle-history">Eclipseroid used <strong>Shadow Ball</strong>!<br></div><div class="battle-history"><small>It's super effective!</small><br></div><div class="battle-history"><small>(The opposing Wailord lost 50% of its health!)</small><br></div><div class="spacer battle-history"><br></div><div class="battle-history">The opposing Wailord used <strong>Stored Power</strong>!<br></div><div class="battle-history"><small>(Eclipseroid lost 53% of its health!)</small><br></div><div class="spacer battle-history"><br></div><div class="battle-history">Eclipseroid fainted!<br></div><div class="spacer battle-history"><br></div><div class="battle-history"><small>The opposing Wailord restored a little HP using its Leftovers!</small><br></div><div class="battle-history"><small>The opposing team's Light Screen wore off!</small><br></div><div class="spacer battle-history"><br></div><div class="battle-history">Go! Gigalith (<strong>Gigalith-Kalos</strong>)!<br></div><div class="battle-history">[Gigalith's Drought]<br><small>The sunlight turned harsh!</small><br></div><div class="spacer battle-history"><br></div><h2 class="battle-history">Turn 30</h2><div class="spacer battle-history"><br></div><div class="battle-history">Gigalith used <strong>Weather Ball</strong>!<br></div><div class="battle-history"><small>(The opposing Wailord lost 20% of its health!)</small><br></div><div class="spacer battle-history"><br></div><div class="battle-history">The opposing Wailord used <strong>Cosmic Power</strong>!<br></div><div class="battle-history"><small>The opposing Wailord's Defense rose!</small><br></div><div class="battle-history"><small>The opposing Wailord's Sp. Def rose!</small><br></div><div class="spacer battle-history"><br></div><div class="battle-history"><small>(The sunlight is strong.)</small><br></div><div class="battle-history"><small>The opposing Wailord restored a little HP using its Leftovers!</small><br></div><div class="spacer battle-history"><br></div><h2 class="battle-history">Turn 31</h2><div class="spacer battle-history"><br></div><div class="battle-history">Gigalith used <strong>Weather Ball</strong>!<br></div><div class="battle-history"><small>A critical hit!</small><br></div><div class="battle-history"><small>(The opposing Wailord lost 30% of its health!)</small><br></div><div class="spacer battle-history"><br></div><div class="battle-history">The opposing Wailord fainted!<br></div><div class="spacer battle-history"><br></div><div class="battle-history"><small>(The sunlight is strong.)</small><br></div><div class="chat chatmessage-ausma"><strong style="color:#774de1"><small>☆</small><span class="username" data-name="ausma">ausma</span>:</strong> <em>yea had to bank on that</em></div><div class="spacer battle-history"><br></div><div class="battle-history">abismal sent out <strong>Musasoar</strong>!<br></div><div class="battle-history"><small>Pointed stones dug into the opposing Musasoar!</small><br></div><div class="battle-history"><small>(The opposing Musasoar ate its Sitrus Berry!)</small><br></div><div class="battle-history"><small>The opposing Musasoar restored HP using its Sitrus Berry!</small><br></div><div class="spacer battle-history"><br></div><h2 class="battle-history">Turn 32</h2><div class="chat chatmessage-abismal"><strong style="color:#68a730"><small>☆</small><span class="username" data-name="abismal">abismal</span>:</strong> <em>why</em></div><div class="chat chatmessage-abismal"><strong style="color:#68a730"><small>☆</small><span class="username" data-name="abismal">abismal</span>:</strong> <em>what is iwth all the crits</em></div><div class="spacer battle-history"><br></div><div class="battle-history">The opposing Musasoar used <strong>Substitute</strong>!<br></div><div class="battle-history"><small>The opposing Musasoar put in a substitute!</small><br></div><div class="battle-history"><small>(The opposing Musasoar lost 25% of its health!)</small><br></div><div class="spacer battle-history"><br></div><div class="battle-history">Gigalith used <strong>Weather Ball</strong>!<br></div><div class="battle-history"><small>It's super effective!</small><br></div><div class="battle-history"><small>The opposing Musasoar's substitute faded!</small><br></div><div class="spacer battle-history"><br></div><div class="battle-history"><small>(The sunlight is strong.)</small><br></div><div class="battle-history">[The opposing Musasoar's Harvest]<br><small>The opposing Musasoar harvested one Sitrus Berry!</small><br></div><div class="spacer battle-history"><br></div><div class="battle-history"><small>(The opposing Musasoar ate its Sitrus Berry!)</small><br></div><div class="battle-history"><small>The opposing Musasoar restored HP using its Sitrus Berry!</small><br></div><div class="spacer battle-history"><br></div><h2 class="battle-history">Turn 33</h2><div class="chat chatmessage-ausma"><strong style="color:#774de1"><small>☆</small><span class="username" data-name="ausma">ausma</span>:</strong> <em>because i sacked eclipseroid like a dingus</em></div><div class="spacer battle-history"><br></div><div class="battle-history">The opposing Musasoar used <strong>Earthquake</strong>!<br></div><div class="battle-history"><small>It's super effective!</small><br></div><div class="battle-history"><small>(Gigalith lost 66% of its health!)</small><br></div><div class="spacer battle-history"><br></div><div class="battle-history">Gigalith fainted!<br></div><div class="spacer battle-history"><br></div><div class="battle-history"><small>(The sunlight is strong.)</small><br></div><div class="battle-history">[The opposing Musasoar's Harvest]<br><small>The opposing Musasoar harvested one Sitrus Berry!</small><br></div><div class="spacer battle-history"><br></div><div class="battle-history">Go! Goodra (<strong>Goodra-Arctara</strong>)!<br></div><div class="spacer battle-history"><br></div><h2 class="battle-history">Turn 34</h2><div class="chat chatmessage-abismal"><strong style="color:#68a730"><small>☆</small><span class="username" data-name="abismal">abismal</span>:</strong> <em>gg</em></div><div class="spacer battle-history"><br></div><div class="battle-history">Goodra used <strong>Ice Beam</strong>!<br></div><div class="battle-history"><small>It's super effective!</small><br></div><div class="battle-history"><small>(The opposing Musasoar lost 75% of its health!)</small><br></div><div class="spacer battle-history"><br></div><div class="battle-history">The opposing Musasoar fainted!<br></div><div class="spacer battle-history"><br></div><div class="battle-history"><strong>ausma</strong> won the battle!<br></div><div class="chat chatmessage-ausma"><strong style="color:#774de1"><small>☆</small><span class="username" data-name="ausma">ausma</span>:</strong> <em>gg</em></div></div><div class="inner-preempt message-log"></div></div></div>
</div>
<script>
let daily = Math.floor(Date.now()/1000/60/60/24);document.write('<script src="https://dragonheaven.herokuapp.com/js/replay-embed.js?version'+daily+'"></'+'script>');
</script>
