<!DOCTYPE html>
<meta charset="utf-8" />
<!-- version 1 -->
<title>[Gen 8] Evolution Project replay: abismal vs. jazzmat</title>
<style>
html,body {font-family:Verdana, sans-serif;font-size:10pt;margin:0;padding:0;}body{padding:12px 0;} .battle-log {font-family:Verdana, sans-serif;font-size:10pt;} .battle-log-inline {border:1px solid #AAAAAA;background:#EEF2F5;color:black;max-width:640px;margin:0 auto 80px;padding-bottom:5px;} .battle-log .inner {padding:4px 8px 0px 8px;} .battle-log .inner-preempt {padding:0 8px 4px 8px;} .battle-log .inner-after {margin-top:0.5em;} .battle-log h2 {margin:0.5em -8px;padding:4px 8px;border:1px solid #AAAAAA;background:#E0E7EA;border-left:0;border-right:0;font-family:Verdana, sans-serif;font-size:13pt;} .battle-log .chat {vertical-align:middle;padding:3px 0 3px 0;font-size:8pt;} .battle-log .chat strong {color:#40576A;} .battle-log .chat em {padding:1px 4px 1px 3px;color:#000000;font-style:normal;} .chat.mine {background:rgba(0,0,0,0.05);margin-left:-8px;margin-right:-8px;padding-left:8px;padding-right:8px;} .spoiler {color:#BBBBBB;background:#BBBBBB;padding:0px 3px;} .spoiler:hover, .spoiler:active, .spoiler-shown {color:#000000;background:#E2E2E2;padding:0px 3px;} .spoiler a {color:#BBBBBB;} .spoiler:hover a, .spoiler:active a, .spoiler-shown a {color:#2288CC;} .chat code, .chat .spoiler:hover code, .chat .spoiler:active code, .chat .spoiler-shown code {border:1px solid #C0C0C0;background:#EEEEEE;color:black;padding:0 2px;} .chat .spoiler code {border:1px solid #CCCCCC;background:#CCCCCC;color:#CCCCCC;} .battle-log .rated {padding:3px 4px;} .battle-log .rated strong {color:white;background:#89A;padding:1px 4px;border-radius:4px;} .spacer {margin-top:0.5em;} .message-announce {background:#6688AA;color:white;padding:1px 4px 2px;} .message-announce a, .broadcast-green a, .broadcast-blue a, .broadcast-red a {color:#DDEEFF;} .broadcast-green {background-color:#559955;color:white;padding:2px 4px;} .broadcast-blue {background-color:#6688AA;color:white;padding:2px 4px;} .infobox {border:1px solid #6688AA;padding:2px 4px;} .infobox-limited {max-height:200px;overflow:auto;overflow-x:hidden;} .broadcast-red {background-color:#AA5544;color:white;padding:2px 4px;} .message-learn-canlearn {font-weight:bold;color:#228822;text-decoration:underline;} .message-learn-cannotlearn {font-weight:bold;color:#CC2222;text-decoration:underline;} .message-effect-weak {font-weight:bold;color:#CC2222;} .message-effect-resist {font-weight:bold;color:#6688AA;} .message-effect-immune {font-weight:bold;color:#666666;} .message-learn-list {margin-top:0;margin-bottom:0;} .message-throttle-notice, .message-error {color:#992222;} .message-overflow, .chat small.message-overflow {font-size:0pt;} .message-overflow::before {font-size:9pt;content:'...';} .subtle {color:#3A4A66;}
</style>
<div class="wrapper replay-wrapper" style="max-width:1180px;margin:0 auto">
<input type="hidden" name="replayid" value="dragonheaven-gen8evolutionproject-45" />
<div class="battle"></div><div class="battle-log"></div><div class="replay-controls"></div><div class="replay-controls-2"></div>
<h1 style="font-weight:normal;text-align:center"><strong>[Gen 8] Evolution Project</strong><br /><a href="http://pokemonshowdown.com/users/abismal" class="subtle" target="_blank">abismal</a> vs. <a href="http://pokemonshowdown.com/users/jazzmat" class="subtle" target="_blank">jazzmat</a></h1>
<script type="text/plain" class="battle-log-data">|j|☆abismal

|j|☆jazzmat
|t:|1642823596
|player|p1|abismal|unknownf|
|player|p2|jazzmat|1|
|teamsize|p1|6
|teamsize|p2|6
|gametype|singles
|gen|8
|tier|[Gen 8] Evolution Project
|clearpoke
|poke|p1|Wailord-Ultra, F|
|poke|p1|Electrode|
|poke|p1|Curski, M|
|poke|p1|Musasoar, M|
|poke|p1|Carnelion, M|
|poke|p1|Jynx-Variant, M|
|poke|p2|Velocinobi, F|
|poke|p2|Tentacruel, M|
|poke|p2|Drifblim-Variant, M|
|poke|p2|Jynx-Variant, F|
|poke|p2|Constabull, M|
|poke|p2|Scolipede-Variant, F|
|rule|HP Percentage Mod: HP is shown in percentages
|rule|Endless Battle Clause: Forcing endless battles is banned
|rule|OHKO Clause: OHKO moves are banned
|rule|Evasion Moves Clause: Evasion moves are banned
|rule|Species Clause: Limit one of each Pokémon
|rule|Dynamax Clause: You cannot dynamax
|rule|Sleep Clause Mod: Limit one foe put to sleep
|rule|Z-Move Clause: Type-based Z-Moves are banned
|teampreview
|c|☆jazzmat|glhf!!
|c|☆abismal|u2
|
|t:|1642823622
|start
|switch|p1a: Carnelion|Carnelion, M|311\/311
|switch|p2a: Tentacruel|Tentacruel, M|100\/100
|-start|p1a: Carnelion|typechange|Normal\/Rock|[silent]
|raw|<ul class="utilichart"><li class="result"><span class="col pokemonnamecol" style="white-space: nowrap">Carnelion<\/span> <span class="col typecol"><img src="https:\/\/play.pokemonshowdown.com\/sprites\/types\/Normal.png" alt="Normal" height="14" width="32"><img src="https:\/\/play.pokemonshowdown.com\/sprites\/types\/Rock.png" alt="Rock" height="14" width="32"><\/span> <span style="float: left ; min-height: 26px"><span class="col abilitycol">Limber \/ Technician \/ Unnerve<\/span><span class="col abilitycol"><\/span><\/span><\/li><li style="clear: both"><\/li><\/ul>
|raw|<ul class="utilichart"><li class="result"><span style="float: left ; min-height: 26px"><span class="col statcol"><em>HP<\/em><br>85<\/span> <span class="col statcol"><em>Atk<\/em><br>105<\/span> <span class="col statcol"><em>Def<\/em><br>70<\/span> <span class="col statcol"><em>SpA<\/em><br>95<\/span> <span class="col statcol"><em>SpD<\/em><br>70<\/span> <span class="col statcol"><em>Spe<\/em><br>120<\/span> <\/span><\/li><li style="clear: both"><\/li><\/ul>
|-hint|Carnelion was created by abismal!
|turn|1
|
|t:|1642823632
|switch|p1a: Wailord|Wailord-Ultra, F|487\/487
|-start|p1a: Wailord|typechange|Psychic|[silent]
|-start|p1a: Wailord|typechange|Psychic|[silent]
|raw|<ul class="utilichart"><li class="result"><span class="col pokemonnamecol" style="white-space: nowrap">Wailord-Ultra<\/span> <span class="col typecol"><img src="https:\/\/play.pokemonshowdown.com\/sprites\/types\/Psychic.png" alt="Psychic" height="14" width="32"><\/span> <span style="float: left ; min-height: 26px"><span class="col abilitycol">Illuminate \/ Oblivious \/ Beast Boost<\/span><span class="col abilitycol"><\/span><\/span><\/li><li style="clear: both"><\/li><\/ul>
|raw|<ul class="utilichart"><li class="result"><span style="float: left ; min-height: 26px"><span class="col statcol"><em>HP<\/em><br>173<\/span> <span class="col statcol"><em>Atk<\/em><br>89<\/span> <span class="col statcol"><em>Def<\/em><br>43<\/span> <span class="col statcol"><em>SpA<\/em><br>89<\/span> <span class="col statcol"><em>SpD<\/em><br>47<\/span> <span class="col statcol"><em>Spe<\/em><br>59<\/span> <\/span><\/li><li style="clear: both"><\/li><\/ul>
|-hint|Wailord-Ultra was created by abismal!
|move|p2a: Tentacruel|Toxic Spikes|p1a: Wailord
|-sidestart|p1: abismal|move: Toxic Spikes
|
|upkeep
|turn|2
|
|t:|1642823650
|switch|p2a: Drifblim|Drifblim-Variant, M|100\/100
|-start|p2a: Drifblim|typechange|Fire\/Flying|[silent]
|raw|<ul class="utilichart"><li class="result"><span class="col pokemonnamecol" style="white-space: nowrap">Drifblim-Variant<\/span> <span class="col typecol"><img src="https:\/\/play.pokemonshowdown.com\/sprites\/types\/Fire.png" alt="Fire" height="14" width="32"><img src="https:\/\/play.pokemonshowdown.com\/sprites\/types\/Flying.png" alt="Flying" height="14" width="32"><\/span> <span style="float: left ; min-height: 26px"><span class="col abilitycol">Emergency Exit<\/span><span class="col abilitycol"><\/span><\/span><\/li><li style="clear: both"><\/li><\/ul>
|raw|<ul class="utilichart"><li class="result"><span style="float: left ; min-height: 26px"><span class="col statcol"><em>HP<\/em><br>140<\/span> <span class="col statcol"><em>Atk<\/em><br>70<\/span> <span class="col statcol"><em>Def<\/em><br>24<\/span> <span class="col statcol"><em>SpA<\/em><br>84<\/span> <span class="col statcol"><em>SpD<\/em><br>74<\/span> <span class="col statcol"><em>Spe<\/em><br>106<\/span> <\/span><\/li><li style="clear: both"><\/li><\/ul>
|-hint|Drifblim-Variant was created by inkbug!
|move|p1a: Wailord|Substitute|p1a: Wailord
|-start|p1a: Wailord|Substitute
|-damage|p1a: Wailord|366\/487
|
|-heal|p1a: Wailord|396\/487|[from] item: Leftovers
|upkeep
|turn|3
|
|t:|1642823658
|move|p2a: Drifblim|Mind Blown|p1a: Wailord
|-crit|p1a: Wailord
|-end|p1a: Wailord|Substitute
|-damage|p2a: Drifblim|50\/100|[from] mindblown
|-activate|p2a: Drifblim|ability: Emergency Exit
|
|t:|1642823670
|switch|p2a: Scolipede|Scolipede-Variant, F|100\/100
|-start|p2a: Scolipede|typechange|Bug\/Ground|[silent]
|raw|<ul class="utilichart"><li class="result"><span class="col pokemonnamecol" style="white-space: nowrap">Scolipede-Variant<\/span> <span class="col typecol"><img src="https:\/\/play.pokemonshowdown.com\/sprites\/types\/Bug.png" alt="Bug" height="14" width="32"><img src="https:\/\/play.pokemonshowdown.com\/sprites\/types\/Ground.png" alt="Ground" height="14" width="32"><\/span> <span style="float: left ; min-height: 26px"><span class="col abilitycol">Poison Heal \/ Swarm \/ Quick Feet<\/span><span class="col abilitycol"><\/span><\/span><\/li><li style="clear: both"><\/li><\/ul>
|raw|<ul class="utilichart"><li class="result"><span style="float: left ; min-height: 26px"><span class="col statcol"><em>HP<\/em><br>100<\/span> <span class="col statcol"><em>Atk<\/em><br>100<\/span> <span class="col statcol"><em>Def<\/em><br>49<\/span> <span class="col statcol"><em>SpA<\/em><br>85<\/span> <span class="col statcol"><em>SpD<\/em><br>39<\/span> <span class="col statcol"><em>Spe<\/em><br>112<\/span> <\/span><\/li><li style="clear: both"><\/li><\/ul>
|-hint|Scolipede-Variant was created by BlueRay!
|move|p1a: Wailord|Cosmic Power|p1a: Wailord
|-boost|p1a: Wailord|def|1
|-boost|p1a: Wailord|spd|1
|
|-heal|p1a: Wailord|426\/487|[from] item: Leftovers
|-status|p2a: Scolipede|tox|[from] item: Toxic Orb
|upkeep
|turn|4
|
|t:|1642823677
|move|p2a: Scolipede|Pursuit|p1a: Wailord
|-supereffective|p1a: Wailord
|-damage|p1a: Wailord|356\/487
|move|p1a: Wailord|Cosmic Power|p1a: Wailord
|-boost|p1a: Wailord|def|1
|-boost|p1a: Wailord|spd|1
|
|-heal|p1a: Wailord|386\/487|[from] item: Leftovers
|upkeep
|turn|5
|
|t:|1642823681
|move|p2a: Scolipede|Stealth Rock|p1a: Wailord
|-sidestart|p1: abismal|move: Stealth Rock
|move|p1a: Wailord|Cosmic Power|p1a: Wailord
|-boost|p1a: Wailord|def|1
|-boost|p1a: Wailord|spd|1
|
|-heal|p1a: Wailord|416\/487|[from] item: Leftovers
|upkeep
|turn|6
|j|~inkbug1
|
|t:|1642823708
|switch|p2a: Tentacruel|Tentacruel, M|100\/100
|move|p1a: Wailord|Substitute|p1a: Wailord
|-start|p1a: Wailord|Substitute
|-damage|p1a: Wailord|295\/487
|
|-heal|p1a: Wailord|325\/487|[from] item: Leftovers
|upkeep
|turn|7
|
|t:|1642823712
|move|p2a: Tentacruel|Scald|p1a: Wailord
|-activate|p1a: Wailord|move: Substitute|[damage]
|move|p1a: Wailord|Cosmic Power|p1a: Wailord
|-boost|p1a: Wailord|def|1
|-boost|p1a: Wailord|spd|1
|
|-heal|p1a: Wailord|355\/487|[from] item: Leftovers
|upkeep
|turn|8
|
|t:|1642823714
|move|p2a: Tentacruel|Scald|p1a: Wailord
|-activate|p1a: Wailord|move: Substitute|[damage]
|move|p1a: Wailord|Cosmic Power|p1a: Wailord
|-boost|p1a: Wailord|def|1
|-boost|p1a: Wailord|spd|1
|
|-heal|p1a: Wailord|385\/487|[from] item: Leftovers
|upkeep
|turn|9
|
|t:|1642823716
|move|p2a: Tentacruel|Scald|p1a: Wailord
|-end|p1a: Wailord|Substitute
|move|p1a: Wailord|Cosmic Power|p1a: Wailord
|-boost|p1a: Wailord|def|1
|-boost|p1a: Wailord|spd|1
|
|-heal|p1a: Wailord|415\/487|[from] item: Leftovers
|upkeep
|turn|10
|
|t:|1642823719
|move|p2a: Tentacruel|Scald|p1a: Wailord
|-damage|p1a: Wailord|385\/487
|move|p1a: Wailord|Substitute|p1a: Wailord
|-start|p1a: Wailord|Substitute
|-damage|p1a: Wailord|264\/487
|
|-heal|p1a: Wailord|294\/487|[from] item: Leftovers
|upkeep
|turn|11
|
|t:|1642823723
|move|p2a: Tentacruel|Scald|p1a: Wailord
|-activate|p1a: Wailord|move: Substitute|[damage]
|move|p1a: Wailord|Stored Power|p2a: Tentacruel
|-supereffective|p2a: Tentacruel
|-damage|p2a: Tentacruel|0 fnt
|faint|p2a: Tentacruel
|
|-heal|p1a: Wailord|324\/487|[from] item: Leftovers
|upkeep
|
|t:|1642823725
|switch|p2a: Velocinobi|Velocinobi, F|100\/100
|-start|p2a: Velocinobi|typechange|Bug\/Ghost|[silent]
|raw|<ul class="utilichart"><li class="result"><span class="col pokemonnamecol" style="white-space: nowrap">Velocinobi<\/span> <span class="col typecol"><img src="https:\/\/play.pokemonshowdown.com\/sprites\/types\/Bug.png" alt="Bug" height="14" width="32"><img src="https:\/\/play.pokemonshowdown.com\/sprites\/types\/Ghost.png" alt="Ghost" height="14" width="32"><\/span> <span style="float: left ; min-height: 26px"><span class="col abilitycol">Shed Skin \/ Technician \/ Unburden<\/span><span class="col abilitycol"><\/span><\/span><\/li><li style="clear: both"><\/li><\/ul>
|raw|<ul class="utilichart"><li class="result"><span style="float: left ; min-height: 26px"><span class="col statcol"><em>HP<\/em><br>80<\/span> <span class="col statcol"><em>Atk<\/em><br>95<\/span> <span class="col statcol"><em>Def<\/em><br>20<\/span> <span class="col statcol"><em>SpA<\/em><br>105<\/span> <span class="col statcol"><em>SpD<\/em><br>90<\/span> <span class="col statcol"><em>Spe<\/em><br>145<\/span> <\/span><\/li><li style="clear: both"><\/li><\/ul>
|-hint|Velocinobi was created by quagsi!
|turn|12
|
|t:|1642823728
|move|p2a: Velocinobi|Hex|p1a: Wailord
|-supereffective|p1a: Wailord
|-activate|p1a: Wailord|move: Substitute|[damage]
|move|p1a: Wailord|Stored Power|p2a: Velocinobi
|-damage|p2a: Velocinobi|1\/100
|
|-heal|p1a: Wailord|354\/487|[from] item: Leftovers
|upkeep
|turn|13
|
|t:|1642823731
|move|p2a: Velocinobi|Hex|p1a: Wailord
|-supereffective|p1a: Wailord
|-end|p1a: Wailord|Substitute
|move|p1a: Wailord|Stored Power|p2a: Velocinobi
|-damage|p2a: Velocinobi|0 fnt
|faint|p2a: Velocinobi
|
|-heal|p1a: Wailord|384\/487|[from] item: Leftovers
|upkeep
|
|t:|1642823737
|switch|p2a: Drifblim|Drifblim-Variant, M|50\/100
|-start|p2a: Drifblim|typechange|Fire\/Flying|[silent]
|turn|14
|
|t:|1642823741
|move|p2a: Drifblim|Sucker Punch|p1a: Wailord
|-supereffective|p1a: Wailord
|-crit|p1a: Wailord
|-damage|p1a: Wailord|234\/487
|move|p1a: Wailord|Stored Power|p2a: Drifblim
|-damage|p2a: Drifblim|0 fnt
|faint|p2a: Drifblim
|
|-heal|p1a: Wailord|264\/487|[from] item: Leftovers
|upkeep
|c|☆jazzmat|i really got nothing for this lol
|l|~inkbug1
|
|t:|1642823770
|switch|p2a: Scolipede|Scolipede-Variant, F|100\/100 tox
|-start|p2a: Scolipede|typechange|Bug\/Ground|[silent]
|turn|15
|
|t:|1642823773
|move|p2a: Scolipede|Earthquake|p1a: Wailord
|-damage|p1a: Wailord|221\/487
|move|p1a: Wailord|Stored Power|p2a: Scolipede
|-damage|p2a: Scolipede|0 fnt
|faint|p2a: Scolipede
|
|-heal|p1a: Wailord|251\/487|[from] item: Leftovers
|upkeep
|c|☆abismal|its a beast
|j| Paul(Paulluxx)
|
|t:|1642823802
|switch|p2a: Jynx|Jynx-Variant, F|100\/100
|-start|p2a: Jynx|typechange|Grass\/Fighting|[silent]
|raw|<ul class="utilichart"><li class="result"><span class="col pokemonnamecol" style="white-space: nowrap">Jynx-Variant<\/span> <span class="col typecol"><img src="https:\/\/play.pokemonshowdown.com\/sprites\/types\/Grass.png" alt="Grass" height="14" width="32"><img src="https:\/\/play.pokemonshowdown.com\/sprites\/types\/Fighting.png" alt="Fighting" height="14" width="32"><\/span> <span style="float: left ; min-height: 26px"><span class="col abilitycol">Dancer \/ Flame Body \/ Flash Fire<\/span><span class="col abilitycol"><\/span><\/span><\/li><li style="clear: both"><\/li><\/ul>
|raw|<ul class="utilichart"><li class="result"><span style="float: left ; min-height: 26px"><span class="col statcol"><em>HP<\/em><br>65<\/span> <span class="col statcol"><em>Atk<\/em><br>50<\/span> <span class="col statcol"><em>Def<\/em><br>95<\/span> <span class="col statcol"><em>SpA<\/em><br>115<\/span> <span class="col statcol"><em>SpD<\/em><br>35<\/span> <span class="col statcol"><em>Spe<\/em><br>95<\/span> <\/span><\/li><li style="clear: both"><\/li><\/ul>
|-hint|Jynx-Variant was created by abismal!
|turn|16
|
|t:|1642823807
|move|p2a: Jynx|Fiery Dance|p1a: Wailord
|-damage|p1a: Wailord|225\/487
|-boost|p2a: Jynx|spa|1
|move|p1a: Wailord|Stored Power|p2a: Jynx
|-supereffective|p2a: Jynx
|-damage|p2a: Jynx|0 fnt
|faint|p2a: Jynx
|
|-heal|p1a: Wailord|255\/487|[from] item: Leftovers
|upkeep
|
|t:|1642823810
|switch|p2a: Constabull|Constabull, M|100\/100
|-start|p2a: Constabull|typechange|Fairy|[silent]
|raw|<ul class="utilichart"><li class="result"><span class="col pokemonnamecol" style="white-space: nowrap">Constabull<\/span> <span class="col typecol"><img src="https:\/\/play.pokemonshowdown.com\/sprites\/types\/Fairy.png" alt="Fairy" height="14" width="32"><\/span> <span style="float: left ; min-height: 26px"><span class="col abilitycol">Intimidate \/ Early Bird \/ Iron Barbs<\/span><span class="col abilitycol"><\/span><\/span><\/li><li style="clear: both"><\/li><\/ul>
|raw|<ul class="utilichart"><li class="result"><span style="float: left ; min-height: 26px"><span class="col statcol"><em>HP<\/em><br>93<\/span> <span class="col statcol"><em>Atk<\/em><br>130<\/span> <span class="col statcol"><em>Def<\/em><br>110<\/span> <span class="col statcol"><em>SpA<\/em><br>80<\/span> <span class="col statcol"><em>SpD<\/em><br>80<\/span> <span class="col statcol"><em>Spe<\/em><br>32<\/span> <\/span><\/li><li style="clear: both"><\/li><\/ul>
|-hint|Constabull was created by inkbug!
|turn|17
|
|t:|1642823812
|move|p1a: Wailord|Stored Power|p2a: Constabull
|-damage|p2a: Constabull|13\/100
|move|p2a: Constabull|Play Rough|p1a: Wailord|[miss]
|-miss|p2a: Constabull|p1a: Wailord
|
|-heal|p1a: Wailord|285\/487|[from] item: Leftovers
|upkeep
|turn|18
|
|t:|1642823815
|move|p1a: Wailord|Stored Power|p2a: Constabull
|-damage|p2a: Constabull|0 fnt
|faint|p2a: Constabull
|
|win|abismal
|c|☆jazzmat|gg
|c|☆abismal|gg
|c|☆jazzmat|let me change up my team a little then rematch?
|c|☆abismal|sure
|j| Low-Key-G-Mazing
|l| Low-Key-G-Mazing</script>
</div>
<div class="battle-log battle-log-inline"><div class="inner"><div class="battle-options"><div style="padding-top: 3px; padding-right: 3px; text-align: right"><button class="icon button" name="openBattleOptions" title="Options">Battle Options</button></div></div><div class="inner message-log"><div class="chat"><small>☆abismal and ☆jazzmat joined</small></div><div class=""><small>Format:</small> <br><strong>[Gen 8] Evolution Project</strong></div><div class=""><small><em>HP Percentage Mod:</em> HP is shown in percentages</small></div><div class=""><small><em>Endless Battle Clause:</em> Forcing endless battles is banned</small></div><div class=""><small><em>OHKO Clause:</em> OHKO moves are banned</small></div><div class=""><small><em>Evasion Moves Clause:</em> Evasion moves are banned</small></div><div class=""><small><em>Species Clause:</em> Limit one of each Pokémon</small></div><div class=""><small><em>Dynamax Clause:</em> You cannot dynamax</small></div><div class=""><small><em>Sleep Clause Mod:</em> Limit one foe put to sleep</small></div><div class=""><small><em>Z-Move Clause:</em> Type-based Z-Moves are banned</small></div><div class="chat battle-history"><strong>abismal's team:</strong> <em style="color:#445566;display:block;">Wailord-Ultra / Electrode / Curski / Musasoar / Carnelion / Jynx-Variant</em></div><div class="chat battle-history"><strong>jazzmat's team:</strong> <em style="color:#445566;display:block;">Velocinobi / Tentacruel / Drifblim-Variant / Jynx-Variant / Constabull / Scolipede-Variant</em></div><div class="chat chatmessage-jazzmat"><strong style="color:#bf458a"><small>☆</small><span class="username" data-name="jazzmat">jazzmat</span>:</strong> <em>glhf!!</em></div><div class="chat chatmessage-abismal mine"><strong style="color:#68a730"><small>☆</small><span class="username" data-name="abismal">abismal</span>:</strong> <em>u2</em></div><div class="spacer battle-history"><br></div><div class="battle-history">Battle started between abismal and jazzmat!<br></div><div class="spacer battle-history"><br></div><div class="battle-history">Go! <strong>Carnelion</strong>!<br></div><div class="spacer battle-history"><br></div><div class="battle-history">jazzmat sent out <strong>Tentacruel</strong>!<br></div><div class="chat"><ul class="utilichart"><li class="result"><span class="col pokemonnamecol" style="white-space: nowrap">Carnelion</span> <span class="col typecol"><img src="https://play.pokemonshowdown.com/sprites/types/Normal.png" alt="Normal" height="14" width="32"><img src="https://play.pokemonshowdown.com/sprites/types/Rock.png" alt="Rock" height="14" width="32"></span> <span style="float: left ; min-height: 26px"><span class="col abilitycol">Limber / Technician / Unnerve</span><span class="col abilitycol"></span></span></li><li style="clear: both"></li></ul></div><div class="chat"><ul class="utilichart"><li class="result"><span style="float: left ; min-height: 26px"><span class="col statcol"><em>HP</em><br>85</span> <span class="col statcol"><em>Atk</em><br>105</span> <span class="col statcol"><em>Def</em><br>70</span> <span class="col statcol"><em>SpA</em><br>95</span> <span class="col statcol"><em>SpD</em><br>70</span> <span class="col statcol"><em>Spe</em><br>120</span> </span></li><li style="clear: both"></li></ul></div><div class="battle-history"><small>(Carnelion was created by abismal!)</small><br></div><div class="spacer battle-history"><br></div><h2 class="battle-history">Turn 1</h2><div class="spacer battle-history"><br></div><div class="battle-history">Carnelion, come back!<br></div><div class="battle-history">Go! Wailord (<strong>Wailord-Ultra</strong>)!<br></div><div class="chat"><ul class="utilichart"><li class="result"><span class="col pokemonnamecol" style="white-space: nowrap">Wailord-Ultra</span> <span class="col typecol"><img src="https://play.pokemonshowdown.com/sprites/types/Psychic.png" alt="Psychic" height="14" width="32"></span> <span style="float: left ; min-height: 26px"><span class="col abilitycol">Illuminate / Oblivious / Beast Boost</span><span class="col abilitycol"></span></span></li><li style="clear: both"></li></ul></div><div class="chat"><ul class="utilichart"><li class="result"><span style="float: left ; min-height: 26px"><span class="col statcol"><em>HP</em><br>173</span> <span class="col statcol"><em>Atk</em><br>89</span> <span class="col statcol"><em>Def</em><br>43</span> <span class="col statcol"><em>SpA</em><br>89</span> <span class="col statcol"><em>SpD</em><br>47</span> <span class="col statcol"><em>Spe</em><br>59</span> </span></li><li style="clear: both"></li></ul></div><div class="battle-history"><small>(Wailord-Ultra was created by abismal!)</small><br></div><div class="spacer battle-history"><br></div><div class="battle-history">The opposing Tentacruel used <strong>Toxic Spikes</strong>!<br></div><div class="battle-history"><small>Poison spikes were scattered on the ground all around your team!</small><br></div><div class="spacer battle-history"><br></div><h2 class="battle-history">Turn 2</h2><div class="spacer battle-history"><br></div><div class="battle-history">jazzmat withdrew Tentacruel!<br></div><div class="battle-history">jazzmat sent out Drifblim (<strong>Drifblim-Variant</strong>)!<br></div><div class="chat"><ul class="utilichart"><li class="result"><span class="col pokemonnamecol" style="white-space: nowrap">Drifblim-Variant</span> <span class="col typecol"><img src="https://play.pokemonshowdown.com/sprites/types/Fire.png" alt="Fire" height="14" width="32"><img src="https://play.pokemonshowdown.com/sprites/types/Flying.png" alt="Flying" height="14" width="32"></span> <span style="float: left ; min-height: 26px"><span class="col abilitycol">Emergency Exit</span><span class="col abilitycol"></span></span></li><li style="clear: both"></li></ul></div><div class="chat"><ul class="utilichart"><li class="result"><span style="float: left ; min-height: 26px"><span class="col statcol"><em>HP</em><br>140</span> <span class="col statcol"><em>Atk</em><br>70</span> <span class="col statcol"><em>Def</em><br>24</span> <span class="col statcol"><em>SpA</em><br>84</span> <span class="col statcol"><em>SpD</em><br>74</span> <span class="col statcol"><em>Spe</em><br>106</span> </span></li><li style="clear: both"></li></ul></div><div class="battle-history"><small>(Drifblim-Variant was created by inkbug!)</small><br></div><div class="spacer battle-history"><br></div><div class="battle-history">Wailord used <strong>Substitute</strong>!<br></div><div class="battle-history"><small>Wailord put in a substitute!</small><br></div><div class="battle-history"><small>(Wailord lost <abbr title="−121/487">24.8%</abbr> of its health!)</small><br></div><div class="spacer battle-history"><br></div><div class="battle-history"><small>Wailord restored a little HP using its Leftovers!</small><br></div><div class="spacer battle-history"><br></div><h2 class="battle-history">Turn 3</h2><div class="spacer battle-history"><br></div><div class="battle-history">The opposing Drifblim used <strong>Mind Blown</strong>!<br></div><div class="battle-history"><small>A critical hit!</small><br></div><div class="battle-history"><small>Wailord's substitute faded!</small><br></div><div class="battle-history"><small>(The opposing Drifblim cut its own HP to power up its move!)</small><br></div><div class="battle-history">[The opposing Drifblim's Emergency Exit]<br></div><div class="spacer battle-history"><br></div><div class="battle-history">jazzmat withdrew Drifblim!<br></div><div class="battle-history">jazzmat sent out Scolipede (<strong>Scolipede-Variant</strong>)!<br></div><div class="chat"><ul class="utilichart"><li class="result"><span class="col pokemonnamecol" style="white-space: nowrap">Scolipede-Variant</span> <span class="col typecol"><img src="https://play.pokemonshowdown.com/sprites/types/Bug.png" alt="Bug" height="14" width="32"><img src="https://play.pokemonshowdown.com/sprites/types/Ground.png" alt="Ground" height="14" width="32"></span> <span style="float: left ; min-height: 26px"><span class="col abilitycol">Poison Heal / Swarm / Quick Feet</span><span class="col abilitycol"></span></span></li><li style="clear: both"></li></ul></div><div class="chat"><ul class="utilichart"><li class="result"><span style="float: left ; min-height: 26px"><span class="col statcol"><em>HP</em><br>100</span> <span class="col statcol"><em>Atk</em><br>100</span> <span class="col statcol"><em>Def</em><br>49</span> <span class="col statcol"><em>SpA</em><br>85</span> <span class="col statcol"><em>SpD</em><br>39</span> <span class="col statcol"><em>Spe</em><br>112</span> </span></li><li style="clear: both"></li></ul></div><div class="battle-history"><small>(Scolipede-Variant was created by BlueRay!)</small><br></div><div class="spacer battle-history"><br></div><div class="battle-history">Wailord used <strong>Cosmic Power</strong>!<br></div><div class="battle-history"><small>Wailord's Defense rose!</small><br></div><div class="battle-history"><small>Wailord's Sp. Def rose!</small><br></div><div class="spacer battle-history"><br></div><div class="battle-history"><small>Wailord restored a little HP using its Leftovers!</small><br></div><div class="battle-history"><small>The opposing Scolipede was badly poisoned!</small><br></div><div class="spacer battle-history"><br></div><h2 class="battle-history">Turn 4</h2><div class="spacer battle-history"><br></div><div class="battle-history">The opposing Scolipede used <strong>Pursuit</strong>!<br></div><div class="battle-history"><small>It's super effective!</small><br></div><div class="battle-history"><small>(Wailord lost <abbr title="−70/487">14.4%</abbr> of its health!)</small><br></div><div class="spacer battle-history"><br></div><div class="battle-history">Wailord used <strong>Cosmic Power</strong>!<br></div><div class="battle-history"><small>Wailord's Defense rose!</small><br></div><div class="battle-history"><small>Wailord's Sp. Def rose!</small><br></div><div class="spacer battle-history"><br></div><div class="battle-history"><small>Wailord restored a little HP using its Leftovers!</small><br></div><div class="spacer battle-history"><br></div><h2 class="battle-history">Turn 5</h2><div class="spacer battle-history"><br></div><div class="battle-history">The opposing Scolipede used <strong>Stealth Rock</strong>!<br></div><div class="battle-history"><small>Pointed stones float in the air around your team!</small><br></div><div class="spacer battle-history"><br></div><div class="battle-history">Wailord used <strong>Cosmic Power</strong>!<br></div><div class="battle-history"><small>Wailord's Defense rose!</small><br></div><div class="battle-history"><small>Wailord's Sp. Def rose!</small><br></div><div class="spacer battle-history"><br></div><div class="battle-history"><small>Wailord restored a little HP using its Leftovers!</small><br></div><div class="spacer battle-history"><br></div><h2 class="battle-history">Turn 6</h2><div class="chat"><small>~inkbug1 joined</small></div><div class="spacer battle-history"><br></div><div class="battle-history">jazzmat withdrew Scolipede!<br></div><div class="battle-history">jazzmat sent out <strong>Tentacruel</strong>!<br></div><div class="spacer battle-history"><br></div><div class="battle-history">Wailord used <strong>Substitute</strong>!<br></div><div class="battle-history"><small>Wailord put in a substitute!</small><br></div><div class="battle-history"><small>(Wailord lost <abbr title="−121/487">24.8%</abbr> of its health!)</small><br></div><div class="spacer battle-history"><br></div><div class="battle-history"><small>Wailord restored a little HP using its Leftovers!</small><br></div><div class="spacer battle-history"><br></div><h2 class="battle-history">Turn 7</h2><div class="spacer battle-history"><br></div><div class="battle-history">The opposing Tentacruel used <strong>Scald</strong>!<br></div><div class="battle-history"><small>The substitute took damage for Wailord!</small><br></div><div class="spacer battle-history"><br></div><div class="battle-history">Wailord used <strong>Cosmic Power</strong>!<br></div><div class="battle-history"><small>Wailord's Defense rose!</small><br></div><div class="battle-history"><small>Wailord's Sp. Def rose!</small><br></div><div class="spacer battle-history"><br></div><div class="battle-history"><small>Wailord restored a little HP using its Leftovers!</small><br></div><div class="spacer battle-history"><br></div><h2 class="battle-history">Turn 8</h2><div class="spacer battle-history"><br></div><div class="battle-history">The opposing Tentacruel used <strong>Scald</strong>!<br></div><div class="battle-history"><small>The substitute took damage for Wailord!</small><br></div><div class="spacer battle-history"><br></div><div class="battle-history">Wailord used <strong>Cosmic Power</strong>!<br></div><div class="battle-history"><small>Wailord's Defense rose!</small><br></div><div class="battle-history"><small>Wailord's Sp. Def rose!</small><br></div><div class="spacer battle-history"><br></div><div class="battle-history"><small>Wailord restored a little HP using its Leftovers!</small><br></div><div class="spacer battle-history"><br></div><h2 class="battle-history">Turn 9</h2><div class="spacer battle-history"><br></div><div class="battle-history">The opposing Tentacruel used <strong>Scald</strong>!<br></div><div class="battle-history"><small>Wailord's substitute faded!</small><br></div><div class="spacer battle-history"><br></div><div class="battle-history">Wailord used <strong>Cosmic Power</strong>!<br></div><div class="battle-history"><small>Wailord's Defense rose!</small><br></div><div class="battle-history"><small>Wailord's Sp. Def rose!</small><br></div><div class="spacer battle-history"><br></div><div class="battle-history"><small>Wailord restored a little HP using its Leftovers!</small><br></div><div class="spacer battle-history"><br></div><h2 class="battle-history">Turn 10</h2><div class="spacer battle-history"><br></div><div class="battle-history">The opposing Tentacruel used <strong>Scald</strong>!<br></div><div class="battle-history"><small>(Wailord lost <abbr title="−30/487">6.2%</abbr> of its health!)</small><br></div><div class="spacer battle-history"><br></div><div class="battle-history">Wailord used <strong>Substitute</strong>!<br></div><div class="battle-history"><small>Wailord put in a substitute!</small><br></div><div class="battle-history"><small>(Wailord lost <abbr title="−121/487">24.8%</abbr> of its health!)</small><br></div><div class="spacer battle-history"><br></div><div class="battle-history"><small>Wailord restored a little HP using its Leftovers!</small><br></div><div class="spacer battle-history"><br></div><h2 class="battle-history">Turn 11</h2><div class="spacer battle-history"><br></div><div class="battle-history">The opposing Tentacruel used <strong>Scald</strong>!<br></div><div class="battle-history"><small>The substitute took damage for Wailord!</small><br></div><div class="spacer battle-history"><br></div><div class="battle-history">Wailord used <strong>Stored Power</strong>!<br></div><div class="battle-history"><small>It's super effective!</small><br></div><div class="battle-history"><small>(The opposing Tentacruel lost 100% of its health!)</small><br></div><div class="spacer battle-history"><br></div><div class="battle-history">The opposing Tentacruel fainted!<br></div><div class="spacer battle-history"><br></div><div class="battle-history"><small>Wailord restored a little HP using its Leftovers!</small><br></div><div class="spacer battle-history"><br></div><div class="battle-history">jazzmat sent out <strong>Velocinobi</strong>!<br></div><div class="chat"><ul class="utilichart"><li class="result"><span class="col pokemonnamecol" style="white-space: nowrap">Velocinobi</span> <span class="col typecol"><img src="https://play.pokemonshowdown.com/sprites/types/Bug.png" alt="Bug" height="14" width="32"><img src="https://play.pokemonshowdown.com/sprites/types/Ghost.png" alt="Ghost" height="14" width="32"></span> <span style="float: left ; min-height: 26px"><span class="col abilitycol">Shed Skin / Technician / Unburden</span><span class="col abilitycol"></span></span></li><li style="clear: both"></li></ul></div><div class="chat"><ul class="utilichart"><li class="result"><span style="float: left ; min-height: 26px"><span class="col statcol"><em>HP</em><br>80</span> <span class="col statcol"><em>Atk</em><br>95</span> <span class="col statcol"><em>Def</em><br>20</span> <span class="col statcol"><em>SpA</em><br>105</span> <span class="col statcol"><em>SpD</em><br>90</span> <span class="col statcol"><em>Spe</em><br>145</span> </span></li><li style="clear: both"></li></ul></div><div class="battle-history"><small>(Velocinobi was created by quagsi!)</small><br></div><div class="spacer battle-history"><br></div><h2 class="battle-history">Turn 12</h2><div class="spacer battle-history"><br></div><div class="battle-history">The opposing Velocinobi used <strong>Hex</strong>!<br></div><div class="battle-history"><small>It's super effective!</small><br></div><div class="battle-history"><small>The substitute took damage for Wailord!</small><br></div><div class="spacer battle-history"><br></div><div class="battle-history">Wailord used <strong>Stored Power</strong>!<br></div><div class="battle-history"><small>(The opposing Velocinobi lost 99% of its health!)</small><br></div><div class="spacer battle-history"><br></div><div class="battle-history"><small>Wailord restored a little HP using its Leftovers!</small><br></div><div class="spacer battle-history"><br></div><h2 class="battle-history">Turn 13</h2><div class="spacer battle-history"><br></div><div class="battle-history">The opposing Velocinobi used <strong>Hex</strong>!<br></div><div class="battle-history"><small>It's super effective!</small><br></div><div class="battle-history"><small>Wailord's substitute faded!</small><br></div><div class="spacer battle-history"><br></div><div class="battle-history">Wailord used <strong>Stored Power</strong>!<br></div><div class="battle-history"><small>(The opposing Velocinobi lost 1% of its health!)</small><br></div><div class="spacer battle-history"><br></div><div class="battle-history">The opposing Velocinobi fainted!<br></div><div class="spacer battle-history"><br></div><div class="battle-history"><small>Wailord restored a little HP using its Leftovers!</small><br></div><div class="spacer battle-history"><br></div><div class="battle-history">jazzmat sent out Drifblim (<strong>Drifblim-Variant</strong>)!<br></div><div class="spacer battle-history"><br></div><h2 class="battle-history">Turn 14</h2><div class="spacer battle-history"><br></div><div class="battle-history">The opposing Drifblim used <strong>Sucker Punch</strong>!<br></div><div class="battle-history"><small>It's super effective!</small><br></div><div class="battle-history"><small>A critical hit!</small><br></div><div class="battle-history"><small>(Wailord lost <abbr title="−150/487">30.8%</abbr> of its health!)</small><br></div><div class="spacer battle-history"><br></div><div class="battle-history">Wailord used <strong>Stored Power</strong>!<br></div><div class="battle-history"><small>(The opposing Drifblim lost 50% of its health!)</small><br></div><div class="spacer battle-history"><br></div><div class="battle-history">The opposing Drifblim fainted!<br></div><div class="spacer battle-history"><br></div><div class="battle-history"><small>Wailord restored a little HP using its Leftovers!</small><br></div><div class="chat chatmessage-jazzmat"><strong style="color:#bf458a"><small>☆</small><span class="username" data-name="jazzmat">jazzmat</span>:</strong> <em>i really got nothing for this lol</em></div><div class="chat"><small>~inkbug1 left</small></div><div class="spacer battle-history"><br></div><div class="battle-history">jazzmat sent out Scolipede (<strong>Scolipede-Variant</strong>)!<br></div><div class="spacer battle-history"><br></div><h2 class="battle-history">Turn 15</h2><div class="spacer battle-history"><br></div><div class="battle-history">The opposing Scolipede used <strong>Earthquake</strong>!<br></div><div class="battle-history"><small>(Wailord lost <abbr title="−43/487">8.8%</abbr> of its health!)</small><br></div><div class="spacer battle-history"><br></div><div class="battle-history">Wailord used <strong>Stored Power</strong>!<br></div><div class="battle-history"><small>(The opposing Scolipede lost 100% of its health!)</small><br></div><div class="spacer battle-history"><br></div><div class="battle-history">The opposing Scolipede fainted!<br></div><div class="spacer battle-history"><br></div><div class="battle-history"><small>Wailord restored a little HP using its Leftovers!</small><br></div><div class="chat chatmessage-abismal mine"><strong style="color:#68a730"><small>☆</small><span class="username" data-name="abismal">abismal</span>:</strong> <em>its a beast</em></div><div class="chat"><small> Paul(Paulluxx) joined</small></div><div class="spacer battle-history"><br></div><div class="battle-history">jazzmat sent out Jynx (<strong>Jynx-Variant</strong>)!<br></div><div class="chat"><ul class="utilichart"><li class="result"><span class="col pokemonnamecol" style="white-space: nowrap">Jynx-Variant</span> <span class="col typecol"><img src="https://play.pokemonshowdown.com/sprites/types/Grass.png" alt="Grass" height="14" width="32"><img src="https://play.pokemonshowdown.com/sprites/types/Fighting.png" alt="Fighting" height="14" width="32"></span> <span style="float: left ; min-height: 26px"><span class="col abilitycol">Dancer / Flame Body / Flash Fire</span><span class="col abilitycol"></span></span></li><li style="clear: both"></li></ul></div><div class="chat"><ul class="utilichart"><li class="result"><span style="float: left ; min-height: 26px"><span class="col statcol"><em>HP</em><br>65</span> <span class="col statcol"><em>Atk</em><br>50</span> <span class="col statcol"><em>Def</em><br>95</span> <span class="col statcol"><em>SpA</em><br>115</span> <span class="col statcol"><em>SpD</em><br>35</span> <span class="col statcol"><em>Spe</em><br>95</span> </span></li><li style="clear: both"></li></ul></div><div class="battle-history"><small>(Jynx-Variant was created by abismal!)</small><br></div><div class="spacer battle-history"><br></div><h2 class="battle-history">Turn 16</h2><div class="spacer battle-history"><br></div><div class="battle-history">The opposing Jynx used <strong>Fiery Dance</strong>!<br></div><div class="battle-history"><small>(Wailord lost <abbr title="−26/487">5.3%</abbr> of its health!)</small><br></div><div class="battle-history"><small>The opposing Jynx's Sp. Atk rose!</small><br></div><div class="spacer battle-history"><br></div><div class="battle-history">Wailord used <strong>Stored Power</strong>!<br></div><div class="battle-history"><small>It's super effective!</small><br></div><div class="battle-history"><small>(The opposing Jynx lost 100% of its health!)</small><br></div><div class="spacer battle-history"><br></div><div class="battle-history">The opposing Jynx fainted!<br></div><div class="spacer battle-history"><br></div><div class="battle-history"><small>Wailord restored a little HP using its Leftovers!</small><br></div><div class="spacer battle-history"><br></div><div class="battle-history">jazzmat sent out <strong>Constabull</strong>!<br></div><div class="chat"><ul class="utilichart"><li class="result"><span class="col pokemonnamecol" style="white-space: nowrap">Constabull</span> <span class="col typecol"><img src="https://play.pokemonshowdown.com/sprites/types/Fairy.png" alt="Fairy" height="14" width="32"></span> <span style="float: left ; min-height: 26px"><span class="col abilitycol">Intimidate / Early Bird / Iron Barbs</span><span class="col abilitycol"></span></span></li><li style="clear: both"></li></ul></div><div class="chat"><ul class="utilichart"><li class="result"><span style="float: left ; min-height: 26px"><span class="col statcol"><em>HP</em><br>93</span> <span class="col statcol"><em>Atk</em><br>130</span> <span class="col statcol"><em>Def</em><br>110</span> <span class="col statcol"><em>SpA</em><br>80</span> <span class="col statcol"><em>SpD</em><br>80</span> <span class="col statcol"><em>Spe</em><br>32</span> </span></li><li style="clear: both"></li></ul></div><div class="battle-history"><small>(Constabull was created by inkbug!)</small><br></div><div class="spacer battle-history"><br></div><h2 class="battle-history">Turn 17</h2><div class="spacer battle-history"><br></div><div class="battle-history">Wailord used <strong>Stored Power</strong>!<br></div><div class="battle-history"><small>(The opposing Constabull lost 87% of its health!)</small><br></div><div class="spacer battle-history"><br></div><div class="battle-history">The opposing Constabull used <strong>Play Rough</strong>!<br></div><div class="battle-history"><small>Wailord avoided the attack!</small><br></div><div class="spacer battle-history"><br></div><div class="battle-history"><small>Wailord restored a little HP using its Leftovers!</small><br></div><div class="spacer battle-history"><br></div><h2 class="battle-history">Turn 18</h2><div class="spacer battle-history"><br></div><div class="battle-history">Wailord used <strong>Stored Power</strong>!<br></div><div class="battle-history"><small>(The opposing Constabull lost 13% of its health!)</small><br></div><div class="spacer battle-history"><br></div><div class="battle-history">The opposing Constabull fainted!<br></div><div class="spacer battle-history"><br></div><div class="battle-history"><strong>abismal</strong> won the battle!<br></div><div class="chat chatmessage-jazzmat"><strong style="color:#bf458a"><small>☆</small><span class="username" data-name="jazzmat">jazzmat</span>:</strong> <em>gg</em></div><div class="chat chatmessage-abismal mine"><strong style="color:#68a730"><small>☆</small><span class="username" data-name="abismal">abismal</span>:</strong> <em>gg</em></div><div class="chat chatmessage-jazzmat"><strong style="color:#bf458a"><small>☆</small><span class="username" data-name="jazzmat">jazzmat</span>:</strong> <em>let me change up my team a little then rematch?</em></div><div class="chat chatmessage-abismal mine"><strong style="color:#68a730"><small>☆</small><span class="username" data-name="abismal">abismal</span>:</strong> <em>sure</em></div><div class="chat"><small> Low-Key-G-Mazing joined;  Low-Key-G-Mazing left</small></div></div><div class="inner-preempt message-log"></div></div></div>
</div>
<script>
let daily = Math.floor(Date.now()/1000/60/60/24);document.write('<script src="https://dragonheaven.herokuapp.com/js/replay-embed.js?version'+daily+'"></'+'script>');
</script>
