<!DOCTYPE html>
<meta charset="utf-8" />
<!-- version 1 -->
<title>[Gen 8] Evolution Project replay: inkbug1 vs. god of joe</title>
<style>
html,body {font-family:Verdana, sans-serif;font-size:10pt;margin:0;padding:0;}body{padding:12px 0;} .battle-log {font-family:Verdana, sans-serif;font-size:10pt;} .battle-log-inline {border:1px solid #AAAAAA;background:#EEF2F5;color:black;max-width:640px;margin:0 auto 80px;padding-bottom:5px;} .battle-log .inner {padding:4px 8px 0px 8px;} .battle-log .inner-preempt {padding:0 8px 4px 8px;} .battle-log .inner-after {margin-top:0.5em;} .battle-log h2 {margin:0.5em -8px;padding:4px 8px;border:1px solid #AAAAAA;background:#E0E7EA;border-left:0;border-right:0;font-family:Verdana, sans-serif;font-size:13pt;} .battle-log .chat {vertical-align:middle;padding:3px 0 3px 0;font-size:8pt;} .battle-log .chat strong {color:#40576A;} .battle-log .chat em {padding:1px 4px 1px 3px;color:#000000;font-style:normal;} .chat.mine {background:rgba(0,0,0,0.05);margin-left:-8px;margin-right:-8px;padding-left:8px;padding-right:8px;} .spoiler {color:#BBBBBB;background:#BBBBBB;padding:0px 3px;} .spoiler:hover, .spoiler:active, .spoiler-shown {color:#000000;background:#E2E2E2;padding:0px 3px;} .spoiler a {color:#BBBBBB;} .spoiler:hover a, .spoiler:active a, .spoiler-shown a {color:#2288CC;} .chat code, .chat .spoiler:hover code, .chat .spoiler:active code, .chat .spoiler-shown code {border:1px solid #C0C0C0;background:#EEEEEE;color:black;padding:0 2px;} .chat .spoiler code {border:1px solid #CCCCCC;background:#CCCCCC;color:#CCCCCC;} .battle-log .rated {padding:3px 4px;} .battle-log .rated strong {color:white;background:#89A;padding:1px 4px;border-radius:4px;} .spacer {margin-top:0.5em;} .message-announce {background:#6688AA;color:white;padding:1px 4px 2px;} .message-announce a, .broadcast-green a, .broadcast-blue a, .broadcast-red a {color:#DDEEFF;} .broadcast-green {background-color:#559955;color:white;padding:2px 4px;} .broadcast-blue {background-color:#6688AA;color:white;padding:2px 4px;} .infobox {border:1px solid #6688AA;padding:2px 4px;} .infobox-limited {max-height:200px;overflow:auto;overflow-x:hidden;} .broadcast-red {background-color:#AA5544;color:white;padding:2px 4px;} .message-learn-canlearn {font-weight:bold;color:#228822;text-decoration:underline;} .message-learn-cannotlearn {font-weight:bold;color:#CC2222;text-decoration:underline;} .message-effect-weak {font-weight:bold;color:#CC2222;} .message-effect-resist {font-weight:bold;color:#6688AA;} .message-effect-immune {font-weight:bold;color:#666666;} .message-learn-list {margin-top:0;margin-bottom:0;} .message-throttle-notice, .message-error {color:#992222;} .message-overflow, .chat small.message-overflow {font-size:0pt;} .message-overflow::before {font-size:9pt;content:'...';} .subtle {color:#3A4A66;}
</style>
<div class="wrapper replay-wrapper" style="max-width:1180px;margin:0 auto">
<input type="hidden" name="replayid" value="dragonheaven-gen8evolutionproject-65" />
<div class="battle"></div><div class="battle-log"></div><div class="replay-controls"></div><div class="replay-controls-2"></div>
<h1 style="font-weight:normal;text-align:center"><strong>[Gen 8] Evolution Project</strong><br /><a href="http://pokemonshowdown.com/users/inkbug1" class="subtle" target="_blank">inkbug1</a> vs. <a href="http://pokemonshowdown.com/users/godofjoe" class="subtle" target="_blank">god of joe</a></h1>
<script type="text/plain" class="battle-log-data">|j|☆inkbug1

|j|☆god of joe
|t:|1658001879
|player|p1|inkbug1|emmet|
|player|p2|god of joe|caitlin|
|teamsize|p1|6
|teamsize|p2|6
|gametype|singles
|gen|8
|tier|[Gen 8] Evolution Project
|clearpoke
|poke|p1|Starmie-Variant, F|
|poke|p1|Voltangent, F|
|poke|p1|Endurow, M|
|poke|p1|Raticate-Alola, F|
|poke|p1|Frosmoth-Variant, M|
|poke|p1|Mienshao-Yaoguai, M|
|poke|p2|Tyrandra, M|
|poke|p2|Naganadel-Terrestrial, F|
|poke|p2|Alchemissus, M|
|poke|p2|Steelix, F|
|poke|p2|Rotom-Wash|
|poke|p2|Starly-Crown, F|
|rule|HP Percentage Mod: HP is shown in percentages
|rule|Endless Battle Clause: Forcing endless battles is banned
|rule|OHKO Clause: OHKO moves are banned
|rule|Evasion Moves Clause: Evasion moves are banned
|rule|Species Clause: Limit one of each Pokémon
|rule|Dynamax Clause: You cannot dynamax
|rule|Sleep Clause Mod: Limit one foe put to sleep
|rule|Z-Move Clause: Type-based Z-Moves are banned
|teampreview
|c|☆inkbug1|a ! helo ! 
|c|☆god of joe|helo!!!! fun looking team :O
|c|☆inkbug1|i have not used 5\/6 of these sets before so this will be exciting
|j|+H2OPulse
|c|+H2OPulse|__aa hi!! Good luck and have fun both!!__
|c|+H2OPulse|I just switched back to my laptop hi
|c|☆inkbug1|hi ! !
|
|t:|1658001944
|start
|switch|p1a: Dollar|Starmie-Variant, F|324\/324
|switch|p2a: Naganadel-Terrestr|Naganadel-Terrestrial, F|100\/100
|-start|p1a: Dollar|typechange|Rock|[silent]
|raw|<ul class="utilichart"><li class="result"><span class="col pokemonnamecol" style="white-space: nowrap">Starmie-Variant<\/span> <span class="col typecol"><img src="https:\/\/dragonheaven.herokuapp.com\/sprites\/types\/Rock.png" alt="Rock" height="14" width="32"><\/span> <span style="float: left ; min-height: 26px"><span class="col abilitycol">Dazzling \/ Natural Cure \/ Analytic<\/span><span class="col abilitycol"><\/span><\/span><\/li><li style="clear: both"><\/li><\/ul>
|raw|<ul class="utilichart"><li class="result"><span style="float: left ; min-height: 26px"><span class="col statcol"><em>HP<\/em><br>60<\/span> <span class="col statcol"><em>Atk<\/em><br>75<\/span> <span class="col statcol"><em>Def<\/em><br>85<\/span> <span class="col statcol"><em>SpA<\/em><br>100<\/span> <span class="col statcol"><em>SpD<\/em><br>85<\/span> <span class="col statcol"><em>Spe<\/em><br>115<\/span> <\/span><\/li><li style="clear: both"><\/li><\/ul>
|-hint|Starmie-Variant was created by BlueRay!
|-start|p2a: Naganadel-Terrestr|typechange|Bug\/Dragon|[silent]
|raw|<ul class="utilichart"><li class="result"><span class="col pokemonnamecol" style="white-space: nowrap">Naganadel-Terrestrial<\/span> <span class="col typecol"><img src="https:\/\/dragonheaven.herokuapp.com\/sprites\/types\/Bug.png" alt="Bug" height="14" width="32"><img src="https:\/\/dragonheaven.herokuapp.com\/sprites\/types\/Dragon.png" alt="Dragon" height="14" width="32"><\/span> <span style="float: left ; min-height: 26px"><span class="col abilitycol">Regenerator \/ Beast Boost<\/span><span class="col abilitycol"><\/span><\/span><\/li><li style="clear: both"><\/li><\/ul>
|raw|<ul class="utilichart"><li class="result"><span style="float: left ; min-height: 26px"><span class="col statcol"><em>HP<\/em><br>73<\/span> <span class="col statcol"><em>Atk<\/em><br>127<\/span> <span class="col statcol"><em>Def<\/em><br>73<\/span> <span class="col statcol"><em>SpA<\/em><br>127<\/span> <span class="col statcol"><em>SpD<\/em><br>73<\/span> <span class="col statcol"><em>Spe<\/em><br>67<\/span> <\/span><\/li><li style="clear: both"><\/li><\/ul>
|-hint|Naganadel-Terrestrial was created by KeroseneZanchu!
|turn|1
|
|t:|1658001953
|switch|p2a: Steelix|Steelix, F|100\/100
|move|p1a: Dollar|Magic Coat|p1a: Dollar
|-singleturn|p1a: Dollar|move: Magic Coat
|
|upkeep
|turn|2
|c|☆inkbug1|aw
|c|☆god of joe|that wouldve been sick tbh yeah
|c|☆inkbug1|now is the part where i have zero switch ins
|
|t:|1658001988
|switch|p1a: Caesar|Endurow, M|306\/306
|-start|p1a: Caesar|typechange|Flying|[silent]
|raw|<ul class="utilichart"><li class="result"><span class="col pokemonnamecol" style="white-space: nowrap">Endurow<\/span> <span class="col typecol"><img src="https:\/\/dragonheaven.herokuapp.com\/sprites\/types\/Flying.png" alt="Flying" height="14" width="32"><\/span> <span style="float: left ; min-height: 26px"><span class="col abilitycol">Stamina \/ Sniper<\/span><span class="col abilitycol"><\/span><\/span><\/li><li style="clear: both"><\/li><\/ul>
|raw|<ul class="utilichart"><li class="result"><span style="float: left ; min-height: 26px"><span class="col statcol"><em>HP<\/em><br>82<\/span> <span class="col statcol"><em>Atk<\/em><br>110<\/span> <span class="col statcol"><em>Def<\/em><br>65<\/span> <span class="col statcol"><em>SpA<\/em><br>61<\/span> <span class="col statcol"><em>SpD<\/em><br>61<\/span> <span class="col statcol"><em>Spe<\/em><br>118<\/span> <\/span><\/li><li style="clear: both"><\/li><\/ul>
|-hint|Endurow was created by Violet!
|move|p2a: Steelix|Stealth Rock|p1a: Caesar
|-sidestart|p1: inkbug1|move: Stealth Rock
|
|upkeep
|turn|3
|
|t:|1658001996
|move|p1a: Caesar|Heat Wave|p2a: Steelix
|-supereffective|p2a: Steelix
|-damage|p2a: Steelix|76\/100
|move|p2a: Steelix|Gyro Ball|p1a: Caesar
|-damage|p1a: Caesar|93\/306
|-ability|p1a: Caesar|Stamina|boost
|-boost|p1a: Caesar|def|1
|
|-heal|p2a: Steelix|82\/100|[from] item: Leftovers
|upkeep
|turn|4
|c|+H2OPulse|Endurow scares me so much
|c|☆god of joe|dear god yeah
|
|t:|1658002043
|switch|p2a: Rotom|Rotom-Wash|100\/100
|move|p1a: Caesar|Roost|p1a: Caesar
|-heal|p1a: Caesar|246\/306
|-singleturn|p1a: Caesar|move: Roost
|
|upkeep
|turn|5
|c|☆inkbug1|i see
|c|☆inkbug1|hm
|
|t:|1658002060
|switch|p1a: Monster Truck|Voltangent, F|404\/404
|-damage|p1a: Monster Truck|354\/404|[from] Stealth Rock
|-start|p1a: Monster Truck|typechange|Electric\/Dragon|[silent]
|raw|<ul class="utilichart"><li class="result"><span class="col pokemonnamecol" style="white-space: nowrap">Voltangent<\/span> <span class="col typecol"><img src="https:\/\/dragonheaven.herokuapp.com\/sprites\/types\/Electric.png" alt="Electric" height="14" width="32"><img src="https:\/\/dragonheaven.herokuapp.com\/sprites\/types\/Dragon.png" alt="Dragon" height="14" width="32"><\/span> <span style="float: left ; min-height: 26px"><span class="col abilitycol">Regenerator \/ Minus<\/span><span class="col abilitycol"><\/span><\/span><\/li><li style="clear: both"><\/li><\/ul>
|raw|<ul class="utilichart"><li class="result"><span style="float: left ; min-height: 26px"><span class="col statcol"><em>HP<\/em><br>100<\/span> <span class="col statcol"><em>Atk<\/em><br>115<\/span> <span class="col statcol"><em>Def<\/em><br>85<\/span> <span class="col statcol"><em>SpA<\/em><br>75<\/span> <span class="col statcol"><em>SpD<\/em><br>90<\/span> <span class="col statcol"><em>Spe<\/em><br>45<\/span> <\/span><\/li><li style="clear: both"><\/li><\/ul>
|-hint|Voltangent was created by Paulluxx!
|move|p2a: Rotom|Nasty Plot|p2a: Rotom
|-boost|p2a: Rotom|spa|2
|
|upkeep
|turn|6
|c|☆inkbug1|i see
|c|☆inkbug1|hm
|
|t:|1658002076
|move|p2a: Rotom|Hydro Pump|p1a: Monster Truck
|-resisted|p1a: Monster Truck
|-damage|p1a: Monster Truck|260\/404
|move|p1a: Monster Truck|Wild Charge|p2a: Rotom
|-crit|p2a: Rotom
|-damage|p2a: Rotom|27\/100
|-damage|p1a: Monster Truck|204\/404|[from] Recoil
|
|-heal|p2a: Rotom|33\/100|[from] item: Leftovers
|upkeep
|turn|7
|c|☆inkbug1|hjesus
|
|t:|1658002113
|move|p2a: Rotom|Volt Switch|p1a: Monster Truck
|-resisted|p1a: Monster Truck
|-damage|p1a: Monster Truck|172\/404
|c|+H2OPulse|I love that you upgraded her name from Semi Truck to Monster Truck
|
|t:|1658002120
|switch|p2a: Steelix|Steelix, F|82\/100|[from]move: Volt Switch
|move|p1a: Monster Truck|Volt Switch|p2a: Steelix
|-immune|p2a: Steelix
|
|-heal|p2a: Steelix|89\/100|[from] item: Leftovers
|upkeep
|turn|8
|c|☆inkbug1|its a different set 
|
|t:|1658002132
|move|p2a: Steelix|Gyro Ball|p1a: Monster Truck
|-resisted|p1a: Monster Truck
|-damage|p1a: Monster Truck|139\/404
|move|p1a: Monster Truck|Counter|p2a: Steelix
|-damage|p2a: Steelix|70\/100
|
|-heal|p2a: Steelix|76\/100|[from] item: Leftovers
|upkeep
|turn|9
|c|☆god of joe|darn
|c|+H2OPulse|asjdfh
|c|☆inkbug1|ok fine i will go- 
|c|☆inkbug1|hm but 
|c|☆inkbug1|- again problem of having no switch ins-
|
|t:|1658002169
|switch|p1a: Boone|Raticate-Alola, F|354\/354
|-damage|p1a: Boone|310\/354|[from] Stealth Rock
|move|p2a: Steelix|Earthquake|p1a: Boone
|-damage|p1a: Boone|183\/354
|
|-heal|p1a: Boone|205\/354|[from] item: Leftovers
|-heal|p2a: Steelix|82\/100|[from] item: Leftovers
|upkeep
|turn|10
|
|t:|1658002186
|move|p1a: Boone|Bulk Up|p1a: Boone
|-boost|p1a: Boone|atk|1
|-boost|p1a: Boone|def|1
|move|p2a: Steelix|Gyro Ball|p1a: Boone
|-damage|p1a: Boone|129\/354
|
|-heal|p1a: Boone|151\/354|[from] item: Leftovers
|-heal|p2a: Steelix|89\/100|[from] item: Leftovers
|upkeep
|turn|11
|c|☆god of joe|oh
|c|☆god of joe|thats
|c|☆god of joe|thats scary
|c|+H2OPulse|:eyes:
|
|t:|1658002205
|switch|p2a: Tyrandra|Tyrandra, M|100\/100
|-start|p2a: Tyrandra|typechange|Dark\/Dragon|[silent]
|raw|<ul class="utilichart"><li class="result"><span class="col pokemonnamecol" style="white-space: nowrap">Tyrandra<\/span> <span class="col typecol"><img src="https:\/\/dragonheaven.herokuapp.com\/sprites\/types\/Dark.png" alt="Dark" height="14" width="32"><img src="https:\/\/dragonheaven.herokuapp.com\/sprites\/types\/Dragon.png" alt="Dragon" height="14" width="32"><\/span> <span style="float: left ; min-height: 26px"><span class="col abilitycol">Poison Point \/ Merciless \/ Damp<\/span><span class="col abilitycol"><\/span><\/span><\/li><li style="clear: both"><\/li><\/ul>
|raw|<ul class="utilichart"><li class="result"><span style="float: left ; min-height: 26px"><span class="col statcol"><em>HP<\/em><br>70<\/span> <span class="col statcol"><em>Atk<\/em><br>90<\/span> <span class="col statcol"><em>Def<\/em><br>95<\/span> <span class="col statcol"><em>SpA<\/em><br>90<\/span> <span class="col statcol"><em>SpD<\/em><br>95<\/span> <span class="col statcol"><em>Spe<\/em><br>100<\/span> <\/span><\/li><li style="clear: both"><\/li><\/ul>
|-hint|Tyrandra was created by ausma!
|move|p1a: Boone|Sucker Punch||[still]
|-fail|p1a: Boone
|
|-heal|p1a: Boone|173\/354|[from] item: Leftovers
|upkeep
|turn|12
|
|t:|1658002211
|move|p2a: Tyrandra|Flip Turn|p1a: Boone
|-damage|p1a: Boone|136\/354
|
|t:|1658002218
|switch|p2a: Steelix|Steelix, F|89\/100|[from]move: Flip Turn
|move|p1a: Boone|Stomping Tantrum|p2a: Steelix
|-supereffective|p2a: Steelix
|-crit|p2a: Steelix
|-damage|p2a: Steelix|31\/100
|
|-heal|p1a: Boone|158\/354|[from] item: Leftovers
|-heal|p2a: Steelix|37\/100|[from] item: Leftovers
|upkeep
|turn|13
|c|+H2OPulse|I love Alolan Raticate's design and it sounds really cool in theory but I have literally never seen it tried in practice so this is exciting
|c|+H2OPulse|HY PE
|c|☆inkbug1|STOP 
|c|☆god of joe|i deserve that
|c|☆inkbug1|critting
|c|☆inkbug1|all of you 
|c|☆inkbug1|jesus
|c|+H2OPulse|akjdfhg
|
|t:|1658002239
|switch|p2a: Rotom|Rotom-Wash|33\/100
|move|p1a: Boone|Knock Off|p2a: Rotom
|-damage|p2a: Rotom|0 fnt
|-enditem|p2a: Rotom|Leftovers|[from] move: Knock Off|[of] p1a: Boone
|faint|p2a: Rotom
|
|-heal|p1a: Boone|180\/354|[from] item: Leftovers
|upkeep
|c|+H2OPulse|I didn't even notice that it was a crit but I respect Stomping Tantrum on this so much--
|
|t:|1658002242
|switch|p2a: Tyrandra|Tyrandra, M|100\/100
|-start|p2a: Tyrandra|typechange|Dark\/Dragon|[silent]
|turn|14
|c|+H2OPulse|oh man are you also Hustle I bet
|c|+H2OPulse|or
|c|☆inkbug1|thick fat actually
|c|+H2OPulse|ooo
|c|+H2OPulse|okay
|c|☆god of joe|i should not have sacked that 
|c|☆inkbug1|im so scared of resurrectric man 
|c|+H2OPulse|I am so sorry
|
|t:|1658002277
|move|p2a: Tyrandra|Draco Meteor|p1a: Boone
|-damage|p1a: Boone|38\/354
|-unboost|p2a: Tyrandra|spa|2
|move|p1a: Boone|Knock Off|p2a: Tyrandra
|-resisted|p2a: Tyrandra
|-damage|p2a: Tyrandra|75\/100
|-enditem|p2a: Tyrandra|Assault Vest|[from] move: Knock Off|[of] p1a: Boone
|
|-heal|p1a: Boone|60\/354|[from] item: Leftovers
|upkeep
|turn|15
|c|☆god of joe|its okay honestly like
|c|☆god of joe|LJWHE4F;W2AFR
|c|☆inkbug1|what the hell
|c|☆god of joe|WHY DID IT TAKE SO LITTLE
|c|☆inkbug1|what the hell ??? rat?????
|c|+H2OPulse|MSNDFHJ
|c|+H2OPulse|QUEEN
|c|☆inkbug1|umm 
|c|☆inkbug1|!showset 4 
|c|~inkbug1|\/raw <div class="infobox">Boone (Raticate-Alola) @ Leftovers<br \/>Ability: Thick Fat<br \/>EVs: 252 hp \/ 4 atk \/ 252 spd<br \/>Careful Nature<br \/>- Bulk Up<br \/>- Knock Off<br \/>- Sucker Punch<br \/>- Stomping Tantrum<br \/><br \/><\/div>
|c|☆god of joe|oh spdef okay
|c|☆inkbug1|i guess shes max
|
|t:|1658002318
|switch|p1a: Dollar|Starmie-Variant, F|324\/324
|-start|p1a: Dollar|typechange|Rock|[silent]
|move|p2a: Tyrandra|Draco Meteor|p1a: Dollar
|-damage|p1a: Dollar|222\/324
|-unboost|p2a: Tyrandra|spa|2
|
|upkeep
|turn|16
|
|t:|1658002327
|move|p2a: Tyrandra|Flip Turn|p1a: Dollar
|-supereffective|p1a: Dollar
|-damage|p1a: Dollar|130\/324
|
|t:|1658002330
|switch|p2a: Alchemissus|Alchemissus, M|100\/100|[from]move: Flip Turn
|-start|p2a: Alchemissus|typechange|Ghost\/Poison|[silent]
|raw|<ul class="utilichart"><li class="result"><span class="col pokemonnamecol" style="white-space: nowrap">Alchemissus<\/span> <span class="col typecol"><img src="https:\/\/dragonheaven.herokuapp.com\/sprites\/types\/Ghost.png" alt="Ghost" height="14" width="32"><img src="https:\/\/dragonheaven.herokuapp.com\/sprites\/types\/Poison.png" alt="Poison" height="14" width="32"><\/span> <span style="float: left ; min-height: 26px"><span class="col abilitycol">Levitate \/ Corrosion \/ Gluttony<\/span><span class="col abilitycol"><\/span><\/span><\/li><li style="clear: both"><\/li><\/ul>
|raw|<ul class="utilichart"><li class="result"><span style="float: left ; min-height: 26px"><span class="col statcol"><em>HP<\/em><br>66<\/span> <span class="col statcol"><em>Atk<\/em><br>66<\/span> <span class="col statcol"><em>Def<\/em><br>66<\/span> <span class="col statcol"><em>SpA<\/em><br>114<\/span> <span class="col statcol"><em>SpD<\/em><br>113<\/span> <span class="col statcol"><em>Spe<\/em><br>107<\/span> <\/span><\/li><li style="clear: both"><\/li><\/ul>
|-hint|Alchemissus was created by KeroseneZanchu!
|move|p1a: Dollar|Rapid Spin|p2a: Alchemissus
|-immune|p2a: Alchemissus
|
|upkeep
|turn|17
|c|☆inkbug1|no my cool moves 
|
|t:|1658002340
|move|p2a: Alchemissus|Toxic|p1a: Dollar
|-status|p1a: Dollar|tox
|move|p1a: Dollar|Earth Power|p2a: Alchemissus
|-supereffective|p2a: Alchemissus
|-damage|p2a: Alchemissus|50\/100
|
|-heal|p2a: Alchemissus|56\/100|[from] item: Black Sludge
|-damage|p1a: Dollar|110\/324 tox|[from] psn
|upkeep
|turn|18
|
|t:|1658002353
|switch|p1a: Caesar|Endurow, M|246\/306
|-damage|p1a: Caesar|170\/306|[from] Stealth Rock
|-start|p1a: Caesar|typechange|Flying|[silent]
|move|p2a: Alchemissus|Hex|p1a: Caesar
|-damage|p1a: Caesar|76\/306
|-ability|p1a: Caesar|Stamina|boost
|-boost|p1a: Caesar|def|1
|-enditem|p1a: Caesar|Maranga Berry|[eat]
|-boost|p1a: Caesar|spd|1|[from] item: Maranga Berry
|
|-heal|p2a: Alchemissus|62\/100|[from] item: Black Sludge
|upkeep
|turn|19
|
|t:|1658002363
|move|p1a: Caesar|Roost|p1a: Caesar
|-heal|p1a: Caesar|229\/306
|-singleturn|p1a: Caesar|move: Roost
|move|p2a: Alchemissus|Hex|p1a: Caesar
|-immune|p1a: Caesar
|
|-heal|p2a: Alchemissus|69\/100|[from] item: Black Sludge
|upkeep
|turn|20
|c|☆inkbug1|IFORGOt
|c|+H2OPulse|__same__
|c|☆god of joe|NO CURSE YOU VIOLET FOR COMING UP WITH A COOL DESIGN
|c|☆inkbug1|about that wheeze
|c|+H2OPulse|__msmdfjgh__
|c|☆god of joe|shrieks
|
|t:|1658002387
|move|p1a: Caesar|Acrobatics|p2a: Alchemissus
|-damage|p2a: Alchemissus|14\/100
|move|p2a: Alchemissus|Toxic|p1a: Caesar
|-status|p1a: Caesar|tox
|
|-heal|p2a: Alchemissus|20\/100|[from] item: Black Sludge
|-damage|p1a: Caesar|210\/306 tox|[from] psn
|upkeep
|turn|21
|c|☆inkbug1|dang i shoulda gone for work up anyway i was hoping to kill before i got poisoned-
|
|t:|1658002426
|switch|p2a: Starly|Starly-Crown, F|100\/100
|-start|p2a: Starly|typechange|Normal\/Flying|[silent]
|raw|<ul class="utilichart"><li class="result"><span class="col pokemonnamecol" style="white-space: nowrap">Starly-Crown<\/span> <span class="col typecol"><img src="https:\/\/dragonheaven.herokuapp.com\/sprites\/types\/Normal.png" alt="Normal" height="14" width="32"><img src="https:\/\/dragonheaven.herokuapp.com\/sprites\/types\/Flying.png" alt="Flying" height="14" width="32"><\/span> <span style="float: left ; min-height: 26px"><span class="col abilitycol">Murmuration<\/span><span class="col abilitycol"><\/span><\/span><\/li><li style="clear: both"><\/li><\/ul>
|raw|<ul class="utilichart"><li class="result"><span style="float: left ; min-height: 26px"><span class="col statcol"><em>HP<\/em><br>40<\/span> <span class="col statcol"><em>Atk<\/em><br>55<\/span> <span class="col statcol"><em>Def<\/em><br>30<\/span> <span class="col statcol"><em>SpA<\/em><br>30<\/span> <span class="col statcol"><em>SpD<\/em><br>30<\/span> <span class="col statcol"><em>Spe<\/em><br>60<\/span> <\/span><\/li><li style="clear: both"><\/li><\/ul>
|-hint|Starly-Crown was created by KeroseneZanchu!
|detailschange|p2a: Starly|Starly-Crown-Cloud, F
|-start|p2a: Starly|typechange|Normal\/Flying|[silent]
|raw|<ul class="utilichart"><li class="result"><span class="col pokemonnamecol" style="white-space: nowrap">Starly-Crown-Cloud<\/span> <span class="col typecol"><img src="https:\/\/dragonheaven.herokuapp.com\/sprites\/types\/Normal.png" alt="Normal" height="14" width="32"><img src="https:\/\/dragonheaven.herokuapp.com\/sprites\/types\/Flying.png" alt="Flying" height="14" width="32"><\/span> <span style="float: left ; min-height: 26px"><span class="col abilitycol">Murmuration<\/span><span class="col abilitycol"><\/span><\/span><span style="float: left ; min-height: 26px"><span class="col statcol"><em>HP<\/em><br>40<\/span> <span class="col statcol"><em>Atk<\/em><br>120<\/span> <span class="col statcol"><em>Def<\/em><br>170<\/span> <span class="col statcol"><em>SpA<\/em><br>50<\/span> <span class="col statcol"><em>SpD<\/em><br>161<\/span> <span class="col statcol"><em>Spe<\/em><br>100<\/span> <\/span><\/li><li style="clear: both"><\/li><\/ul>
|-message|Starly changed to Cloud Form!
|-start|p2a: Starly|typechange|Normal\/Flying|[silent]
|raw|<ul class="utilichart"><li class="result"><span class="col pokemonnamecol" style="white-space: nowrap">Starly-Crown-Cloud<\/span> <span class="col typecol"><img src="https:\/\/dragonheaven.herokuapp.com\/sprites\/types\/Normal.png" alt="Normal" height="14" width="32"><img src="https:\/\/dragonheaven.herokuapp.com\/sprites\/types\/Flying.png" alt="Flying" height="14" width="32"><\/span> <span style="float: left ; min-height: 26px"><span class="col abilitycol">Murmuration<\/span><span class="col abilitycol"><\/span><\/span><span style="float: left ; min-height: 26px"><span class="col statcol"><em>HP<\/em><br>40<\/span> <span class="col statcol"><em>Atk<\/em><br>120<\/span> <span class="col statcol"><em>Def<\/em><br>170<\/span> <span class="col statcol"><em>SpA<\/em><br>50<\/span> <span class="col statcol"><em>SpD<\/em><br>161<\/span> <span class="col statcol"><em>Spe<\/em><br>100<\/span> <\/span><\/li><li style="clear: both"><\/li><\/ul>
|move|p1a: Caesar|Acrobatics|p2a: Starly
|-damage|p2a: Starly|70\/100
|
|-damage|p1a: Caesar|172\/306 tox|[from] psn
|-start|p2a: Starly|typechange|Normal\/Flying|[silent]
|upkeep
|turn|22
|
|t:|1658002434
|move|p1a: Caesar|Work Up|p1a: Caesar
|-boost|p1a: Caesar|atk|1
|-boost|p1a: Caesar|spa|1
|move|p2a: Starly|U-turn|p1a: Caesar
|-resisted|p1a: Caesar
|-damage|p1a: Caesar|140\/306 tox
|-ability|p1a: Caesar|Stamina|boost
|-boost|p1a: Caesar|def|1
|
|t:|1658002441
|switch|p2a: Steelix|Steelix, F|37\/100|[from]move: U-turn
|
|-heal|p2a: Steelix|43\/100|[from] item: Leftovers
|-damage|p1a: Caesar|83\/306 tox|[from] psn
|upkeep
|turn|23
|
|t:|1658002447
|switch|p2a: Starly|Starly-Crown-Cloud, F|70\/100
|-start|p2a: Starly|typechange|Normal\/Flying|[silent]
|-start|p2a: Starly|typechange|Normal\/Flying|[silent]
|move|p1a: Caesar|Heat Wave|p2a: Starly
|-damage|p2a: Starly|54\/100
|
|-damage|p1a: Caesar|7\/306 tox|[from] psn
|-start|p2a: Starly|typechange|Normal\/Flying|[silent]
|upkeep
|turn|24
|
|t:|1658002453
|move|p1a: Caesar|Roost|p1a: Caesar
|-heal|p1a: Caesar|160\/306 tox
|-singleturn|p1a: Caesar|move: Roost
|move|p2a: Starly|Rapid Spin|p1a: Caesar
|-damage|p1a: Caesar|108\/306 tox
|-boost|p2a: Starly|spe|1
|-ability|p1a: Caesar|Stamina|boost
|-boost|p1a: Caesar|def|1
|
|-damage|p1a: Caesar|13\/306 tox|[from] psn
|-start|p2a: Starly|typechange|Normal\/Flying|[silent]
|upkeep
|turn|25
|c|☆inkbug1|is it at all possible for me to get out without dying to rocks
|c|☆inkbug1|i do not think so
|
|t:|1658002470
|switch|p1a: Dollar|Starmie-Variant, F|110\/324
|-start|p1a: Dollar|typechange|Rock|[silent]
|move|p2a: Starly|Roost|p2a: Starly
|-heal|p2a: Starly|100\/100
|-singleturn|p2a: Starly|move: Roost
|
|-start|p2a: Starly|typechange|Normal\/Flying|[silent]
|upkeep
|turn|26
|
|t:|1658002476
|move|p2a: Starly|U-turn|p1a: Dollar
|-damage|p1a: Dollar|41\/324
|c|☆inkbug1|ow
|
|t:|1658002487
|switch|p2a: Alchemissus|Alchemissus, M|20\/100|[from]move: U-turn
|-start|p2a: Alchemissus|typechange|Ghost\/Poison|[silent]
|move|p1a: Dollar|Recover|p1a: Dollar
|-heal|p1a: Dollar|203\/324
|
|-heal|p2a: Alchemissus|27\/100|[from] item: Black Sludge
|upkeep
|turn|27
|
|t:|1658002509
|switch|p2a: Steelix|Steelix, F|43\/100
|move|p1a: Dollar|Earth Power|p2a: Steelix
|-supereffective|p2a: Steelix
|-damage|p2a: Steelix|0 fnt
|faint|p2a: Steelix
|
|upkeep
|c|☆god of joe|damn i thought i was playing 4d chess for a second
|c|☆god of joe|LMAO
|c|☆inkbug1|adfsjkh fair-
|c|☆god of joe|this thing is rly weird to switch into
|
|t:|1658002537
|switch|p2a: Naganadel-Terrestr|Naganadel-Terrestrial, F|100\/100
|-start|p2a: Naganadel-Terrestr|typechange|Bug\/Dragon|[silent]
|turn|28
|c|+H2OPulse|akfjgh yeah--
|c|+H2OPulse|I have gotten swept by it before it's brutal
|c|☆inkbug1|i mean this set isnt super threatening i dont think 
|
|t:|1658002576
|move|p1a: Dollar|Rapid Spin|p2a: Naganadel-Terrestr
|-damage|p2a: Naganadel-Terrestr|88\/100
|-boost|p1a: Dollar|spe|1
|-sideend|p1: inkbug1|Stealth Rock|[from] move: Rapid Spin|[of] p1a: Dollar
|move|p2a: Naganadel-Terrestr|Toxic Spikes|p1a: Dollar
|-sidestart|p1: inkbug1|move: Toxic Spikes
|
|upkeep
|turn|29
|c|+H2OPulse|Dazzling can make Meteor Beam so hard to revenge though
|c|☆inkbug1|ohhh true
|c|+H2OPulse|I'm glad it's mono Rock now
|c|+H2OPulse|as opposed to Rock\/Ground
|c|+H2OPulse|I would die I think--
|c|☆inkbug1|yeah fair-
|
|t:|1658002628
|move|p1a: Dollar|Magic Coat|p1a: Dollar
|-singleturn|p1a: Dollar|move: Magic Coat
|move|p2a: Naganadel-Terrestr|Draco Meteor|p1a: Dollar
|-damage|p1a: Dollar|0 fnt
|-unboost|p2a: Naganadel-Terrestr|spa|2
|faint|p1a: Dollar
|
|upkeep
|c|☆inkbug1|i deserve that
|
|t:|1658002636
|switch|p1a: Leif|Frosmoth-Variant, M|344\/344
|-status|p1a: Leif|psn
|-start|p1a: Leif|typechange|Normal\/Bug|[silent]
|raw|<ul class="utilichart"><li class="result"><span class="col pokemonnamecol" style="white-space: nowrap">Frosmoth-Variant<\/span> <span class="col typecol"><img src="https:\/\/dragonheaven.herokuapp.com\/sprites\/types\/Normal.png" alt="Normal" height="14" width="32"><img src="https:\/\/dragonheaven.herokuapp.com\/sprites\/types\/Bug.png" alt="Bug" height="14" width="32"><\/span> <span style="float: left ; min-height: 26px"><span class="col abilitycol">Shield Dust \/ Fur Coat \/ Scale Shift<\/span><span class="col abilitycol"><\/span><\/span><\/li><li style="clear: both"><\/li><\/ul>
|raw|<ul class="utilichart"><li class="result"><span style="float: left ; min-height: 26px"><span class="col statcol"><em>HP<\/em><br>70<\/span> <span class="col statcol"><em>Atk<\/em><br>65<\/span> <span class="col statcol"><em>Def<\/em><br>60<\/span> <span class="col statcol"><em>SpA<\/em><br>125<\/span> <span class="col statcol"><em>SpD<\/em><br>90<\/span> <span class="col statcol"><em>Spe<\/em><br>65<\/span> <\/span><\/li><li style="clear: both"><\/li><\/ul>
|-hint|Frosmoth-Variant was created by BlueRay!
|turn|30
|
|t:|1658002648
|move|p2a: Naganadel-Terrestr|U-turn|p1a: Leif
|-damage|p1a: Leif|266\/344 psn
|
|t:|1658002651
|switch|p2a: Starly|Starly-Crown-Cloud, F|100\/100|[from]move: U-turn
|-start|p2a: Starly|typechange|Normal\/Flying|[silent]
|-start|p2a: Starly|typechange|Normal\/Flying|[silent]
|move|p1a: Leif|Quiver Dance|p1a: Leif
|-boost|p1a: Leif|spa|1
|-boost|p1a: Leif|spd|1
|-boost|p1a: Leif|spe|1
|
|-damage|p1a: Leif|223\/344 psn|[from] psn
|-start|p2a: Starly|typechange|Normal\/Flying|[silent]
|upkeep
|turn|31
|
|t:|1658002661
|move|p2a: Starly|Flurry|p1a: Leif
|-message|Starly called for help!
|move|p1a: Leif|Dispersion||[still]
|-anim|p1a: Leif|Silver Wind|p2a: Starly
|-damage|p2a: Starly|26\/100
|-damage|p1a: Leif|189\/344 psn|[from] item: Life Orb
|
|-message|Leif is being swarmed by a flurry of Starly!
|-anim|p2a: Starly|Sky Attack|p1a: Leif
|-supereffective|p1a: Leif
|-damage|p1a: Leif|133\/344 psn
|-damage|p1a: Leif|90\/344 psn|[from] psn
|-start|p2a: Starly|typechange|Normal\/Flying|[silent]
|upkeep
|turn|32
|
|t:|1658002684
|switch|p2a: Alchemissus|Alchemissus, M|27\/100
|-start|p2a: Alchemissus|typechange|Ghost\/Poison|[silent]
|move|p1a: Leif|Giga Drain|p2a: Alchemissus
|-resisted|p2a: Alchemissus
|-damage|p2a: Alchemissus|2\/100
|-heal|p1a: Leif|132\/344 psn|[from] drain|[of] p2a: Alchemissus
|-damage|p1a: Leif|98\/344 psn|[from] item: Life Orb
|
|-message|Leif is being swarmed by a flurry of Starly!
|-supereffective|p1a: Leif
|-damage|p1a: Leif|44\/344 psn
|-heal|p2a: Alchemissus|8\/100|[from] item: Black Sludge
|-damage|p1a: Leif|1\/344 psn|[from] psn
|upkeep
|turn|33
|c|+H2OPulse|I am also so happy I was wrong about Frosmoth having Roost
|c|+H2OPulse|I think Galarian Frosmoth should have it though :c
|c|☆inkbug1|not the birdsssssss
|c|+H2OPulse|akjfhg
|c|☆inkbug1|i regret lorb
|c|+H2OPulse|rig ht fair--
|c|☆inkbug1|but like also i always do-
|
|t:|1658002715
|move|p2a: Alchemissus|Hex|p1a: Leif
|-immune|p1a: Leif
|move|p1a: Leif|Giga Drain|p2a: Alchemissus
|-resisted|p2a: Alchemissus
|-damage|p2a: Alchemissus|0 fnt
|-heal|p1a: Leif|14\/344 psn|[from] drain|[of] p2a: Alchemissus
|-damage|p1a: Leif|0 fnt|[from] item: Life Orb
|faint|p2a: Alchemissus
|faint|p1a: Leif
|
|-hint|Flurry did not hit because the target is the user.
|upkeep
|c|+H2OPulse|zxkcjvh
|c|☆inkbug1|ow
|
|t:|1658002729
|switch|p2a: Tyrandra|Tyrandra, M|75\/100
|switch|p1a: Caesar|Endurow, M|13\/306 tox
|-start|p1a: Caesar|typechange|Flying|[silent]
|-start|p2a: Tyrandra|typechange|Dark\/Dragon|[silent]
|turn|34
|
|t:|1658002735
|move|p1a: Caesar|Acrobatics|p2a: Tyrandra
|-damage|p2a: Tyrandra|25\/100
|move|p2a: Tyrandra|Dark Pulse|p1a: Caesar
|-crit|p1a: Caesar
|-damage|p1a: Caesar|0 fnt
|faint|p1a: Caesar
|
|-hint|Flurry did not hit because the target is the user.
|upkeep
|
|t:|1658002749
|switch|p1a: Houdini|Mienshao-Yaoguai, M|271\/271
|-start|p1a: Houdini|typechange|Fighting\/Ghost|[silent]
|raw|<ul class="utilichart"><li class="result"><span class="col pokemonnamecol" style="white-space: nowrap">Mienshao-Yaoguai<\/span> <span class="col typecol"><img src="https:\/\/dragonheaven.herokuapp.com\/sprites\/types\/Fighting.png" alt="Fighting" height="14" width="32"><img src="https:\/\/dragonheaven.herokuapp.com\/sprites\/types\/Ghost.png" alt="Ghost" height="14" width="32"><\/span> <span style="float: left ; min-height: 26px"><span class="col abilitycol">Inner Focus \/ Prankster \/ Berserk<\/span><span class="col abilitycol"><\/span><\/span><\/li><li style="clear: both"><\/li><\/ul>
|raw|<ul class="utilichart"><li class="result"><span style="float: left ; min-height: 26px"><span class="col statcol"><em>HP<\/em><br>65<\/span> <span class="col statcol"><em>Atk<\/em><br>125<\/span> <span class="col statcol"><em>Def<\/em><br>60<\/span> <span class="col statcol"><em>SpA<\/em><br>105<\/span> <span class="col statcol"><em>SpD<\/em><br>60<\/span> <span class="col statcol"><em>Spe<\/em><br>95<\/span> <\/span><\/li><li style="clear: both"><\/li><\/ul>
|-hint|Mienshao-Yaoguai was created by Hematite!
|-status|p1a: Houdini|psn
|turn|35
|
|t:|1658002756
|move|p2a: Tyrandra|Draco Meteor|p1a: Houdini
|-crit|p1a: Houdini
|-damage|p1a: Houdini|0 fnt
|-unboost|p2a: Tyrandra|spa|2
|faint|p1a: Houdini
|
|-hint|Flurry did not hit because the target is the user.
|upkeep
|c|☆inkbug1|oh youre fast
|c|☆inkbug1|i see 
|c|☆inkbug1|i was abt to say i shouldve gone for it but youre immune to me first anyway so
|c|+H2OPulse|I would have clicked Me First there trying to steal a Dragon move and then it would not have worked because Tyrandra is Dark-type
|c|+H2OPulse|yeah--
|c|☆inkbug1|gg anyways ! 
|
|t:|1658002798
|switch|p1a: Boone|Raticate-Alola, F|60\/354
|-status|p1a: Boone|psn
|turn|36
|c|☆god of joe|gg!!
|
|t:|1658002802
|move|p1a: Boone|Sucker Punch|p2a: Tyrandra
|-resisted|p2a: Tyrandra
|-damage|p2a: Tyrandra|14\/100
|move|p2a: Tyrandra|Sludge Bomb|p1a: Boone
|-crit|p1a: Boone
|-damage|p1a: Boone|0 fnt
|faint|p1a: Boone
|
|upkeep
|c|+H2OPulse|Good game both!!!
|
|t:|1658002808
|switch|p1a: Monster Truck|Voltangent, F|273\/404
|-start|p1a: Monster Truck|typechange|Electric\/Dragon|[silent]
|-status|p1a: Monster Truck|psn
|turn|37
|
|t:|1658002815
|move|p2a: Tyrandra|Draco Meteor|p1a: Monster Truck
|-supereffective|p1a: Monster Truck
|-crit|p1a: Monster Truck
|-damage|p1a: Monster Truck|0 fnt
|-unboost|p2a: Tyrandra|spa|2
|faint|p1a: Monster Truck
|
|win|god of joe
|c|+H2OPulse|I FORGOT about Merciless I was briefly wondering how it got so many crits--
|c|+H2OPulse|I am a fool
|c|☆inkbug1|god right that reminds me i never tried out how badly i fucked up my starly set on my other team 
|c|+H2OPulse|:eyes:
|c|☆inkbug1|but im not rlly in the mood to play w echoed voice spam so ill jsut . ? click other moves i guess ?? 
|c|+H2OPulse|P f f</script>
</div>
<div class="battle-log battle-log-inline"><div class="inner"><div class="battle-options"><div style="padding-top: 3px; padding-right: 3px; text-align: right"><button class="icon button" name="openBattleOptions" title="Options">Battle Options</button></div></div><div class="inner message-log"><div class="chat"><small>☆inkbug1 and ☆god of joe joined</small></div><div class=""><small>Format:</small> <br><strong>[Gen 8] Evolution Project</strong></div><div class=""><small><em>HP Percentage Mod:</em> HP is shown in percentages</small></div><div class=""><small><em>Endless Battle Clause:</em> Forcing endless battles is banned</small></div><div class=""><small><em>OHKO Clause:</em> OHKO moves are banned</small></div><div class=""><small><em>Evasion Moves Clause:</em> Evasion moves are banned</small></div><div class=""><small><em>Species Clause:</em> Limit one of each Pokémon</small></div><div class=""><small><em>Dynamax Clause:</em> You cannot dynamax</small></div><div class=""><small><em>Sleep Clause Mod:</em> Limit one foe put to sleep</small></div><div class=""><small><em>Z-Move Clause:</em> Type-based Z-Moves are banned</small></div><div class="chat battle-history"><strong>inkbug1's team:</strong> <em style="color:#445566;display:block;">Starmie-Variant / Voltangent / Endurow / Raticate-Alola / Frosmoth-Variant / Mienshao-Yaoguai</em></div><div class="chat battle-history"><strong>god of joe's team:</strong> <em style="color:#445566;display:block;">Tyrandra / Naganadel-Terrestrial / Alchemissus / Steelix / Rotom-Wash / Starly-Crown</em></div><div class="chat chatmessage-inkbug1 mine"><strong style="color:#e46e0f"><small>☆</small><span class="username" data-name="inkbug1">inkbug1</span>:</strong> <em>a ! helo ! </em></div><div class="chat chatmessage-godofjoe"><strong style="color:#a523c9"><small>☆</small><span class="username" data-name="god of joe">god of joe</span>:</strong> <em>helo!!!! fun looking team :O</em></div><div class="chat chatmessage-inkbug1 mine"><strong style="color:#e46e0f"><small>☆</small><span class="username" data-name="inkbug1">inkbug1</span>:</strong> <em>i have not used 5/6 of these sets before so this will be exciting</em></div><div class="chat"><small>+H2OPulse joined</small></div><div class="chat chatmessage-h2opulse"><strong style="color:#6e8c2b"><small>+</small><span class="username" data-name="H2OPulse">H2OPulse</span>:</strong> <em><i>aa hi!! Good luck and have fun both!!</i></em></div><div class="chat chatmessage-h2opulse"><strong style="color:#6e8c2b"><small>+</small><span class="username" data-name="H2OPulse">H2OPulse</span>:</strong> <em>I just switched back to my laptop hi</em></div><div class="chat chatmessage-inkbug1 mine"><strong style="color:#e46e0f"><small>☆</small><span class="username" data-name="inkbug1">inkbug1</span>:</strong> <em>hi ! !</em></div><div class="spacer battle-history"><br></div><div class="battle-history">Battle started between inkbug1 and god of joe!<br></div><div class="spacer battle-history"><br></div><div class="battle-history">Go! Dollar (<strong>Starmie-Variant</strong>)!<br></div><div class="spacer battle-history"><br></div><div class="battle-history">god of joe sent out Naganadel-Terrestr (<strong>Naganadel-Terrestrial</strong>)!<br></div><div class="chat"><ul class="utilichart"><li class="result"><span class="col pokemonnamecol" style="white-space: nowrap">Starmie-Variant</span> <span class="col typecol"><img src="https://dragonheaven.herokuapp.com/sprites/types/Rock.png" alt="Rock" height="14" width="32"></span> <span style="float: left ; min-height: 26px"><span class="col abilitycol">Dazzling / Natural Cure / Analytic</span><span class="col abilitycol"></span></span></li><li style="clear: both"></li></ul></div><div class="chat"><ul class="utilichart"><li class="result"><span style="float: left ; min-height: 26px"><span class="col statcol"><em>HP</em><br>60</span> <span class="col statcol"><em>Atk</em><br>75</span> <span class="col statcol"><em>Def</em><br>85</span> <span class="col statcol"><em>SpA</em><br>100</span> <span class="col statcol"><em>SpD</em><br>85</span> <span class="col statcol"><em>Spe</em><br>115</span> </span></li><li style="clear: both"></li></ul></div><div class="battle-history"><small>(Starmie-Variant was created by BlueRay!)</small><br></div><div class="chat"><ul class="utilichart"><li class="result"><span class="col pokemonnamecol" style="white-space: nowrap">Naganadel-Terrestrial</span> <span class="col typecol"><img src="https://dragonheaven.herokuapp.com/sprites/types/Bug.png" alt="Bug" height="14" width="32"><img src="https://dragonheaven.herokuapp.com/sprites/types/Dragon.png" alt="Dragon" height="14" width="32"></span> <span style="float: left ; min-height: 26px"><span class="col abilitycol">Regenerator / Beast Boost</span><span class="col abilitycol"></span></span></li><li style="clear: both"></li></ul></div><div class="chat"><ul class="utilichart"><li class="result"><span style="float: left ; min-height: 26px"><span class="col statcol"><em>HP</em><br>73</span> <span class="col statcol"><em>Atk</em><br>127</span> <span class="col statcol"><em>Def</em><br>73</span> <span class="col statcol"><em>SpA</em><br>127</span> <span class="col statcol"><em>SpD</em><br>73</span> <span class="col statcol"><em>Spe</em><br>67</span> </span></li><li style="clear: both"></li></ul></div><div class="battle-history"><small>(Naganadel-Terrestrial was created by KeroseneZanchu!)</small><br></div><div class="spacer battle-history"><br></div><h2 class="battle-history">Turn 1</h2><div class="spacer battle-history"><br></div><div class="battle-history">god of joe withdrew Naganadel-Terrestr!<br></div><div class="battle-history">god of joe sent out <strong>Steelix</strong>!<br></div><div class="spacer battle-history"><br></div><div class="battle-history">Dollar used <strong>Magic Coat</strong>!<br></div><div class="battle-history"><small>Dollar shrouded itself with Magic Coat!</small><br></div><div class="spacer battle-history"><br></div><h2 class="battle-history">Turn 2</h2><div class="chat chatmessage-inkbug1 mine"><strong style="color:#e46e0f"><small>☆</small><span class="username" data-name="inkbug1">inkbug1</span>:</strong> <em>aw</em></div><div class="chat chatmessage-godofjoe"><strong style="color:#a523c9"><small>☆</small><span class="username" data-name="god of joe">god of joe</span>:</strong> <em>that wouldve been sick tbh yeah</em></div><div class="chat chatmessage-inkbug1 mine"><strong style="color:#e46e0f"><small>☆</small><span class="username" data-name="inkbug1">inkbug1</span>:</strong> <em>now is the part where i have zero switch ins</em></div><div class="spacer battle-history"><br></div><div class="battle-history">Dollar, come back!<br></div><div class="battle-history">Go! Caesar (<strong>Endurow</strong>)!<br></div><div class="chat"><ul class="utilichart"><li class="result"><span class="col pokemonnamecol" style="white-space: nowrap">Endurow</span> <span class="col typecol"><img src="https://dragonheaven.herokuapp.com/sprites/types/Flying.png" alt="Flying" height="14" width="32"></span> <span style="float: left ; min-height: 26px"><span class="col abilitycol">Stamina / Sniper</span><span class="col abilitycol"></span></span></li><li style="clear: both"></li></ul></div><div class="chat"><ul class="utilichart"><li class="result"><span style="float: left ; min-height: 26px"><span class="col statcol"><em>HP</em><br>82</span> <span class="col statcol"><em>Atk</em><br>110</span> <span class="col statcol"><em>Def</em><br>65</span> <span class="col statcol"><em>SpA</em><br>61</span> <span class="col statcol"><em>SpD</em><br>61</span> <span class="col statcol"><em>Spe</em><br>118</span> </span></li><li style="clear: both"></li></ul></div><div class="battle-history"><small>(Endurow was created by Violet!)</small><br></div><div class="spacer battle-history"><br></div><div class="battle-history">The opposing Steelix used <strong>Stealth Rock</strong>!<br></div><div class="battle-history"><small>Pointed stones float in the air around your team!</small><br></div><div class="spacer battle-history"><br></div><h2 class="battle-history">Turn 3</h2><div class="spacer battle-history"><br></div><div class="battle-history">Caesar used <strong>Heat Wave</strong>!<br></div><div class="battle-history"><small>It's super effective!</small><br></div><div class="battle-history"><small>(The opposing Steelix lost 24% of its health!)</small><br></div><div class="spacer battle-history"><br></div><div class="battle-history">The opposing Steelix used <strong>Gyro Ball</strong>!<br></div><div class="battle-history"><small>(Caesar lost <abbr title="−213/306">69.6%</abbr> of its health!)</small><br></div><div class="battle-history">[Caesar's Stamina]<br></div><div class="battle-history"><small>Caesar's Defense rose!</small><br></div><div class="spacer battle-history"><br></div><div class="battle-history"><small>The opposing Steelix restored a little HP using its Leftovers!</small><br></div><div class="spacer battle-history"><br></div><h2 class="battle-history">Turn 4</h2><div class="chat chatmessage-h2opulse"><strong style="color:#6e8c2b"><small>+</small><span class="username" data-name="H2OPulse">H2OPulse</span>:</strong> <em>Endurow scares me so much</em></div><div class="chat chatmessage-godofjoe"><strong style="color:#a523c9"><small>☆</small><span class="username" data-name="god of joe">god of joe</span>:</strong> <em>dear god yeah</em></div><div class="spacer battle-history"><br></div><div class="battle-history">god of joe withdrew Steelix!<br></div><div class="battle-history">god of joe sent out Rotom (<strong>Rotom-Wash</strong>)!<br></div><div class="spacer battle-history"><br></div><div class="battle-history">Caesar used <strong>Roost</strong>!<br></div><div class="battle-history"><small>Caesar had its HP restored.</small><br></div><div class="battle-history"><small>(Caesar loses Flying type this turn.)</small><br></div><div class="spacer battle-history"><br></div><h2 class="battle-history">Turn 5</h2><div class="chat chatmessage-inkbug1 mine"><strong style="color:#e46e0f"><small>☆</small><span class="username" data-name="inkbug1">inkbug1</span>:</strong> <em>i see</em></div><div class="chat chatmessage-inkbug1 mine"><strong style="color:#e46e0f"><small>☆</small><span class="username" data-name="inkbug1">inkbug1</span>:</strong> <em>hm</em></div><div class="spacer battle-history"><br></div><div class="battle-history">Caesar, come back!<br></div><div class="battle-history">Go! Monster Truck (<strong>Voltangent</strong>)!<br></div><div class="battle-history"><small>Pointed stones dug into Monster Truck!</small><br></div><div class="chat"><ul class="utilichart"><li class="result"><span class="col pokemonnamecol" style="white-space: nowrap">Voltangent</span> <span class="col typecol"><img src="https://dragonheaven.herokuapp.com/sprites/types/Electric.png" alt="Electric" height="14" width="32"><img src="https://dragonheaven.herokuapp.com/sprites/types/Dragon.png" alt="Dragon" height="14" width="32"></span> <span style="float: left ; min-height: 26px"><span class="col abilitycol">Regenerator / Minus</span><span class="col abilitycol"></span></span></li><li style="clear: both"></li></ul></div><div class="chat"><ul class="utilichart"><li class="result"><span style="float: left ; min-height: 26px"><span class="col statcol"><em>HP</em><br>100</span> <span class="col statcol"><em>Atk</em><br>115</span> <span class="col statcol"><em>Def</em><br>85</span> <span class="col statcol"><em>SpA</em><br>75</span> <span class="col statcol"><em>SpD</em><br>90</span> <span class="col statcol"><em>Spe</em><br>45</span> </span></li><li style="clear: both"></li></ul></div><div class="battle-history"><small>(Voltangent was created by Paulluxx!)</small><br></div><div class="spacer battle-history"><br></div><div class="battle-history">The opposing Rotom used <strong>Nasty Plot</strong>!<br></div><div class="battle-history"><small>The opposing Rotom's Sp. Atk rose sharply!</small><br></div><div class="spacer battle-history"><br></div><h2 class="battle-history">Turn 6</h2><div class="chat chatmessage-inkbug1 mine"><strong style="color:#e46e0f"><small>☆</small><span class="username" data-name="inkbug1">inkbug1</span>:</strong> <em>i see</em></div><div class="chat chatmessage-inkbug1 mine"><strong style="color:#e46e0f"><small>☆</small><span class="username" data-name="inkbug1">inkbug1</span>:</strong> <em>hm</em></div><div class="spacer battle-history"><br></div><div class="battle-history">The opposing Rotom used <strong>Hydro Pump</strong>!<br></div><div class="battle-history"><small>It's not very effective...</small><br></div><div class="battle-history"><small>(Monster Truck lost <abbr title="−94/404">23.3%</abbr> of its health!)</small><br></div><div class="spacer battle-history"><br></div><div class="battle-history">Monster Truck used <strong>Wild Charge</strong>!<br></div><div class="battle-history"><small>A critical hit!</small><br></div><div class="battle-history"><small>(The opposing Rotom lost 73% of its health!)</small><br></div><div class="battle-history"><small>Monster Truck was damaged by the recoil!</small><br></div><div class="spacer battle-history"><br></div><div class="battle-history"><small>The opposing Rotom restored a little HP using its Leftovers!</small><br></div><div class="spacer battle-history"><br></div><h2 class="battle-history">Turn 7</h2><div class="chat chatmessage-inkbug1 mine"><strong style="color:#e46e0f"><small>☆</small><span class="username" data-name="inkbug1">inkbug1</span>:</strong> <em>hjesus</em></div><div class="spacer battle-history"><br></div><div class="battle-history">The opposing Rotom used <strong>Volt Switch</strong>!<br></div><div class="battle-history"><small>It's not very effective...</small><br></div><div class="battle-history"><small>(Monster Truck lost <abbr title="−32/404">7.9%</abbr> of its health!)</small><br></div><div class="chat chatmessage-h2opulse"><strong style="color:#6e8c2b"><small>+</small><span class="username" data-name="H2OPulse">H2OPulse</span>:</strong> <em>I love that you upgraded her name from Semi Truck to Monster Truck</em></div><div class="spacer battle-history"><br></div><div class="battle-history">The opposing Rotom went back to god of joe!<br></div><div class="battle-history">god of joe sent out <strong>Steelix</strong>!<br></div><div class="spacer battle-history"><br></div><div class="battle-history">Monster Truck used <strong>Volt Switch</strong>!<br></div><div class="battle-history"><small>It doesn't affect the opposing Steelix...</small><br></div><div class="spacer battle-history"><br></div><div class="battle-history"><small>The opposing Steelix restored a little HP using its Leftovers!</small><br></div><div class="spacer battle-history"><br></div><h2 class="battle-history">Turn 8</h2><div class="chat chatmessage-inkbug1 mine"><strong style="color:#e46e0f"><small>☆</small><span class="username" data-name="inkbug1">inkbug1</span>:</strong> <em>its a different set </em></div><div class="spacer battle-history"><br></div><div class="battle-history">The opposing Steelix used <strong>Gyro Ball</strong>!<br></div><div class="battle-history"><small>It's not very effective...</small><br></div><div class="battle-history"><small>(Monster Truck lost <abbr title="−33/404">8.2%</abbr> of its health!)</small><br></div><div class="spacer battle-history"><br></div><div class="battle-history">Monster Truck used <strong>Counter</strong>!<br></div><div class="battle-history"><small>(The opposing Steelix lost 19% of its health!)</small><br></div><div class="spacer battle-history"><br></div><div class="battle-history"><small>The opposing Steelix restored a little HP using its Leftovers!</small><br></div><div class="spacer battle-history"><br></div><h2 class="battle-history">Turn 9</h2><div class="chat chatmessage-godofjoe"><strong style="color:#a523c9"><small>☆</small><span class="username" data-name="god of joe">god of joe</span>:</strong> <em>darn</em></div><div class="chat chatmessage-h2opulse"><strong style="color:#6e8c2b"><small>+</small><span class="username" data-name="H2OPulse">H2OPulse</span>:</strong> <em>asjdfh</em></div><div class="chat chatmessage-inkbug1 mine"><strong style="color:#e46e0f"><small>☆</small><span class="username" data-name="inkbug1">inkbug1</span>:</strong> <em>ok fine i will go- </em></div><div class="chat chatmessage-inkbug1 mine"><strong style="color:#e46e0f"><small>☆</small><span class="username" data-name="inkbug1">inkbug1</span>:</strong> <em>hm but </em></div><div class="chat chatmessage-inkbug1 mine"><strong style="color:#e46e0f"><small>☆</small><span class="username" data-name="inkbug1">inkbug1</span>:</strong> <em>- again problem of having no switch ins-</em></div><div class="spacer battle-history"><br></div><div class="battle-history">Monster Truck, come back!<br></div><div class="battle-history">Go! Boone (<strong>Raticate-Alola</strong>)!<br></div><div class="battle-history"><small>Pointed stones dug into Boone!</small><br></div><div class="spacer battle-history"><br></div><div class="battle-history">The opposing Steelix used <strong>Earthquake</strong>!<br></div><div class="battle-history"><small>(Boone lost <abbr title="−127/354">35.9%</abbr> of its health!)</small><br></div><div class="spacer battle-history"><br></div><div class="battle-history"><small>Boone restored a little HP using its Leftovers!</small><br></div><div class="battle-history"><small>The opposing Steelix restored a little HP using its Leftovers!</small><br></div><div class="spacer battle-history"><br></div><h2 class="battle-history">Turn 10</h2><div class="spacer battle-history"><br></div><div class="battle-history">Boone used <strong>Bulk Up</strong>!<br></div><div class="battle-history"><small>Boone's Attack rose!</small><br></div><div class="battle-history"><small>Boone's Defense rose!</small><br></div><div class="spacer battle-history"><br></div><div class="battle-history">The opposing Steelix used <strong>Gyro Ball</strong>!<br></div><div class="battle-history"><small>(Boone lost <abbr title="−76/354">21.5%</abbr> of its health!)</small><br></div><div class="spacer battle-history"><br></div><div class="battle-history"><small>Boone restored a little HP using its Leftovers!</small><br></div><div class="battle-history"><small>The opposing Steelix restored a little HP using its Leftovers!</small><br></div><div class="spacer battle-history"><br></div><h2 class="battle-history">Turn 11</h2><div class="chat chatmessage-godofjoe"><strong style="color:#a523c9"><small>☆</small><span class="username" data-name="god of joe">god of joe</span>:</strong> <em>oh</em></div><div class="chat chatmessage-godofjoe"><strong style="color:#a523c9"><small>☆</small><span class="username" data-name="god of joe">god of joe</span>:</strong> <em>thats</em></div><div class="chat chatmessage-godofjoe"><strong style="color:#a523c9"><small>☆</small><span class="username" data-name="god of joe">god of joe</span>:</strong> <em>thats scary</em></div><div class="chat chatmessage-h2opulse"><strong style="color:#6e8c2b"><small>+</small><span class="username" data-name="H2OPulse">H2OPulse</span>:</strong> <em>:eyes:</em></div><div class="spacer battle-history"><br></div><div class="battle-history">god of joe withdrew Steelix!<br></div><div class="battle-history">god of joe sent out <strong>Tyrandra</strong>!<br></div><div class="chat"><ul class="utilichart"><li class="result"><span class="col pokemonnamecol" style="white-space: nowrap">Tyrandra</span> <span class="col typecol"><img src="https://dragonheaven.herokuapp.com/sprites/types/Dark.png" alt="Dark" height="14" width="32"><img src="https://dragonheaven.herokuapp.com/sprites/types/Dragon.png" alt="Dragon" height="14" width="32"></span> <span style="float: left ; min-height: 26px"><span class="col abilitycol">Poison Point / Merciless / Damp</span><span class="col abilitycol"></span></span></li><li style="clear: both"></li></ul></div><div class="chat"><ul class="utilichart"><li class="result"><span style="float: left ; min-height: 26px"><span class="col statcol"><em>HP</em><br>70</span> <span class="col statcol"><em>Atk</em><br>90</span> <span class="col statcol"><em>Def</em><br>95</span> <span class="col statcol"><em>SpA</em><br>90</span> <span class="col statcol"><em>SpD</em><br>95</span> <span class="col statcol"><em>Spe</em><br>100</span> </span></li><li style="clear: both"></li></ul></div><div class="battle-history"><small>(Tyrandra was created by ausma!)</small><br></div><div class="spacer battle-history"><br></div><div class="battle-history">Boone used <strong>Sucker Punch</strong>!<br></div><div class="battle-history"><small>But it failed!</small><br></div><div class="spacer battle-history"><br></div><div class="battle-history"><small>Boone restored a little HP using its Leftovers!</small><br></div><div class="spacer battle-history"><br></div><h2 class="battle-history">Turn 12</h2><div class="spacer battle-history"><br></div><div class="battle-history">The opposing Tyrandra used <strong>Flip Turn</strong>!<br></div><div class="battle-history"><small>(Boone lost <abbr title="−37/354">10.5%</abbr> of its health!)</small><br></div><div class="spacer battle-history"><br></div><div class="battle-history">god of joe withdrew Tyrandra!<br></div><div class="battle-history">god of joe sent out <strong>Steelix</strong>!<br></div><div class="spacer battle-history"><br></div><div class="battle-history">Boone used <strong>Stomping Tantrum</strong>!<br></div><div class="battle-history"><small>It's super effective!</small><br></div><div class="battle-history"><small>A critical hit!</small><br></div><div class="battle-history"><small>(The opposing Steelix lost 58% of its health!)</small><br></div><div class="spacer battle-history"><br></div><div class="battle-history"><small>Boone restored a little HP using its Leftovers!</small><br></div><div class="battle-history"><small>The opposing Steelix restored a little HP using its Leftovers!</small><br></div><div class="spacer battle-history"><br></div><h2 class="battle-history">Turn 13</h2><div class="chat chatmessage-h2opulse"><strong style="color:#6e8c2b"><small>+</small><span class="username" data-name="H2OPulse">H2OPulse</span>:</strong> <em>I love Alolan Raticate's design and it sounds really cool in theory but I have literally never seen it tried in practice so this is exciting</em></div><div class="chat chatmessage-h2opulse"><strong style="color:#6e8c2b"><small>+</small><span class="username" data-name="H2OPulse">H2OPulse</span>:</strong> <em>HY PE</em></div><div class="chat chatmessage-inkbug1 mine"><strong style="color:#e46e0f"><small>☆</small><span class="username" data-name="inkbug1">inkbug1</span>:</strong> <em>STOP </em></div><div class="chat chatmessage-godofjoe"><strong style="color:#a523c9"><small>☆</small><span class="username" data-name="god of joe">god of joe</span>:</strong> <em>i deserve that</em></div><div class="chat chatmessage-inkbug1 mine"><strong style="color:#e46e0f"><small>☆</small><span class="username" data-name="inkbug1">inkbug1</span>:</strong> <em>critting</em></div><div class="chat chatmessage-inkbug1 mine"><strong style="color:#e46e0f"><small>☆</small><span class="username" data-name="inkbug1">inkbug1</span>:</strong> <em>all of you </em></div><div class="chat chatmessage-inkbug1 mine"><strong style="color:#e46e0f"><small>☆</small><span class="username" data-name="inkbug1">inkbug1</span>:</strong> <em>jesus</em></div><div class="chat chatmessage-h2opulse"><strong style="color:#6e8c2b"><small>+</small><span class="username" data-name="H2OPulse">H2OPulse</span>:</strong> <em>akjdfhg</em></div><div class="spacer battle-history"><br></div><div class="battle-history">god of joe withdrew Steelix!<br></div><div class="battle-history">god of joe sent out Rotom (<strong>Rotom-Wash</strong>)!<br></div><div class="spacer battle-history"><br></div><div class="battle-history">Boone used <strong>Knock Off</strong>!<br></div><div class="battle-history"><small>(The opposing Rotom lost 33% of its health!)</small><br></div><div class="battle-history"><small>Boone knocked off the opposing Rotom's Leftovers!</small><br></div><div class="spacer battle-history"><br></div><div class="battle-history">The opposing Rotom fainted!<br></div><div class="spacer battle-history"><br></div><div class="battle-history"><small>Boone restored a little HP using its Leftovers!</small><br></div><div class="chat chatmessage-h2opulse"><strong style="color:#6e8c2b"><small>+</small><span class="username" data-name="H2OPulse">H2OPulse</span>:</strong> <em>I didn't even notice that it was a crit but I respect Stomping Tantrum on this so much--</em></div><div class="spacer battle-history"><br></div><div class="battle-history">god of joe sent out <strong>Tyrandra</strong>!<br></div><div class="spacer battle-history"><br></div><h2 class="battle-history">Turn 14</h2><div class="chat chatmessage-h2opulse"><strong style="color:#6e8c2b"><small>+</small><span class="username" data-name="H2OPulse">H2OPulse</span>:</strong> <em>oh man are you also Hustle I bet</em></div><div class="chat chatmessage-h2opulse"><strong style="color:#6e8c2b"><small>+</small><span class="username" data-name="H2OPulse">H2OPulse</span>:</strong> <em>or</em></div><div class="chat chatmessage-inkbug1 mine"><strong style="color:#e46e0f"><small>☆</small><span class="username" data-name="inkbug1">inkbug1</span>:</strong> <em>thick fat actually</em></div><div class="chat chatmessage-h2opulse"><strong style="color:#6e8c2b"><small>+</small><span class="username" data-name="H2OPulse">H2OPulse</span>:</strong> <em>ooo</em></div><div class="chat chatmessage-h2opulse"><strong style="color:#6e8c2b"><small>+</small><span class="username" data-name="H2OPulse">H2OPulse</span>:</strong> <em>okay</em></div><div class="chat chatmessage-godofjoe"><strong style="color:#a523c9"><small>☆</small><span class="username" data-name="god of joe">god of joe</span>:</strong> <em>i should not have sacked that </em></div><div class="chat chatmessage-inkbug1 mine"><strong style="color:#e46e0f"><small>☆</small><span class="username" data-name="inkbug1">inkbug1</span>:</strong> <em>im so scared of resurrectric man </em></div><div class="chat chatmessage-h2opulse"><strong style="color:#6e8c2b"><small>+</small><span class="username" data-name="H2OPulse">H2OPulse</span>:</strong> <em>I am so sorry</em></div><div class="spacer battle-history"><br></div><div class="battle-history">The opposing Tyrandra used <strong>Draco Meteor</strong>!<br></div><div class="battle-history"><small>(Boone lost <abbr title="−142/354">40.1%</abbr> of its health!)</small><br></div><div class="battle-history"><small>The opposing Tyrandra's Sp. Atk fell harshly!</small><br></div><div class="spacer battle-history"><br></div><div class="battle-history">Boone used <strong>Knock Off</strong>!<br></div><div class="battle-history"><small>It's not very effective...</small><br></div><div class="battle-history"><small>(The opposing Tyrandra lost 25% of its health!)</small><br></div><div class="battle-history"><small>Boone knocked off the opposing Tyrandra's Assault Vest!</small><br></div><div class="spacer battle-history"><br></div><div class="battle-history"><small>Boone restored a little HP using its Leftovers!</small><br></div><div class="spacer battle-history"><br></div><h2 class="battle-history">Turn 15</h2><div class="chat chatmessage-godofjoe"><strong style="color:#a523c9"><small>☆</small><span class="username" data-name="god of joe">god of joe</span>:</strong> <em>its okay honestly like</em></div><div class="chat chatmessage-godofjoe"><strong style="color:#a523c9"><small>☆</small><span class="username" data-name="god of joe">god of joe</span>:</strong> <em>LJWHE4F;W2AFR</em></div><div class="chat chatmessage-inkbug1 mine"><strong style="color:#e46e0f"><small>☆</small><span class="username" data-name="inkbug1">inkbug1</span>:</strong> <em>what the hell</em></div><div class="chat chatmessage-godofjoe"><strong style="color:#a523c9"><small>☆</small><span class="username" data-name="god of joe">god of joe</span>:</strong> <em>WHY DID IT TAKE SO LITTLE</em></div><div class="chat chatmessage-inkbug1 mine"><strong style="color:#e46e0f"><small>☆</small><span class="username" data-name="inkbug1">inkbug1</span>:</strong> <em>what the hell ??? rat?????</em></div><div class="chat chatmessage-h2opulse"><strong style="color:#6e8c2b"><small>+</small><span class="username" data-name="H2OPulse">H2OPulse</span>:</strong> <em>MSNDFHJ</em></div><div class="chat chatmessage-h2opulse"><strong style="color:#6e8c2b"><small>+</small><span class="username" data-name="H2OPulse">H2OPulse</span>:</strong> <em>QUEEN</em></div><div class="chat chatmessage-inkbug1 mine"><strong style="color:#e46e0f"><small>☆</small><span class="username" data-name="inkbug1">inkbug1</span>:</strong> <em>umm </em></div><div class="chat chatmessage-inkbug1 mine"><strong style="color:#e46e0f"><small>☆</small><span class="username" data-name="inkbug1">inkbug1</span>:</strong> <em>!showset 4 </em></div><div class="chat"><div class="infobox">Boone (Raticate-Alola) @ Leftovers<br>Ability: Thick Fat<br>EVs: 252 hp / 4 atk / 252 spd<br>Careful Nature<br>- Bulk Up<br>- Knock Off<br>- Sucker Punch<br>- Stomping Tantrum<br><br></div></div><div class="chat chatmessage-godofjoe"><strong style="color:#a523c9"><small>☆</small><span class="username" data-name="god of joe">god of joe</span>:</strong> <em>oh spdef okay</em></div><div class="chat chatmessage-inkbug1 mine"><strong style="color:#e46e0f"><small>☆</small><span class="username" data-name="inkbug1">inkbug1</span>:</strong> <em>i guess shes max</em></div><div class="spacer battle-history"><br></div><div class="battle-history">Boone, come back!<br></div><div class="battle-history">Go! Dollar (<strong>Starmie-Variant</strong>)!<br></div><div class="spacer battle-history"><br></div><div class="battle-history">The opposing Tyrandra used <strong>Draco Meteor</strong>!<br></div><div class="battle-history"><small>(Dollar lost <abbr title="−102/324">31.5%</abbr> of its health!)</small><br></div><div class="battle-history"><small>The opposing Tyrandra's Sp. Atk fell harshly!</small><br></div><div class="spacer battle-history"><br></div><h2 class="battle-history">Turn 16</h2><div class="spacer battle-history"><br></div><div class="battle-history">The opposing Tyrandra used <strong>Flip Turn</strong>!<br></div><div class="battle-history"><small>It's super effective!</small><br></div><div class="battle-history"><small>(Dollar lost <abbr title="−92/324">28.4%</abbr> of its health!)</small><br></div><div class="spacer battle-history"><br></div><div class="battle-history">god of joe withdrew Tyrandra!<br></div><div class="battle-history">god of joe sent out <strong>Alchemissus</strong>!<br></div><div class="chat"><ul class="utilichart"><li class="result"><span class="col pokemonnamecol" style="white-space: nowrap">Alchemissus</span> <span class="col typecol"><img src="https://dragonheaven.herokuapp.com/sprites/types/Ghost.png" alt="Ghost" height="14" width="32"><img src="https://dragonheaven.herokuapp.com/sprites/types/Poison.png" alt="Poison" height="14" width="32"></span> <span style="float: left ; min-height: 26px"><span class="col abilitycol">Levitate / Corrosion / Gluttony</span><span class="col abilitycol"></span></span></li><li style="clear: both"></li></ul></div><div class="chat"><ul class="utilichart"><li class="result"><span style="float: left ; min-height: 26px"><span class="col statcol"><em>HP</em><br>66</span> <span class="col statcol"><em>Atk</em><br>66</span> <span class="col statcol"><em>Def</em><br>66</span> <span class="col statcol"><em>SpA</em><br>114</span> <span class="col statcol"><em>SpD</em><br>113</span> <span class="col statcol"><em>Spe</em><br>107</span> </span></li><li style="clear: both"></li></ul></div><div class="battle-history"><small>(Alchemissus was created by KeroseneZanchu!)</small><br></div><div class="spacer battle-history"><br></div><div class="battle-history">Dollar used <strong>Rapid Spin</strong>!<br></div><div class="battle-history"><small>It doesn't affect the opposing Alchemissus...</small><br></div><div class="spacer battle-history"><br></div><h2 class="battle-history">Turn 17</h2><div class="chat chatmessage-inkbug1 mine"><strong style="color:#e46e0f"><small>☆</small><span class="username" data-name="inkbug1">inkbug1</span>:</strong> <em>no my cool moves </em></div><div class="spacer battle-history"><br></div><div class="battle-history">The opposing Alchemissus used <strong>Toxic</strong>!<br></div><div class="battle-history"><small>Dollar was badly poisoned!</small><br></div><div class="spacer battle-history"><br></div><div class="battle-history">Dollar used <strong>Earth Power</strong>!<br></div><div class="battle-history"><small>It's super effective!</small><br></div><div class="battle-history"><small>(The opposing Alchemissus lost 50% of its health!)</small><br></div><div class="spacer battle-history"><br></div><div class="battle-history"><small>The opposing Alchemissus restored a little HP using its Black Sludge!</small><br></div><div class="battle-history"><small>Dollar was hurt by poison!</small><br></div><div class="spacer battle-history"><br></div><h2 class="battle-history">Turn 18</h2><div class="spacer battle-history"><br></div><div class="battle-history">Dollar, come back!<br></div><div class="battle-history">Go! Caesar (<strong>Endurow</strong>)!<br></div><div class="battle-history"><small>Pointed stones dug into Caesar!</small><br></div><div class="spacer battle-history"><br></div><div class="battle-history">The opposing Alchemissus used <strong>Hex</strong>!<br></div><div class="battle-history"><small>(Caesar lost <abbr title="−94/306">30.7%</abbr> of its health!)</small><br></div><div class="battle-history">[Caesar's Stamina]<br></div><div class="battle-history"><small>Caesar's Defense rose!</small><br></div><div class="battle-history"><small>(Caesar ate its Maranga Berry!)</small><br></div><div class="battle-history"><small>The Maranga Berry raised Caesar's Sp. Def!</small><br></div><div class="spacer battle-history"><br></div><div class="battle-history"><small>The opposing Alchemissus restored a little HP using its Black Sludge!</small><br></div><div class="spacer battle-history"><br></div><h2 class="battle-history">Turn 19</h2><div class="spacer battle-history"><br></div><div class="battle-history">Caesar used <strong>Roost</strong>!<br></div><div class="battle-history"><small>Caesar had its HP restored.</small><br></div><div class="battle-history"><small>(Caesar loses Flying type this turn.)</small><br></div><div class="spacer battle-history"><br></div><div class="battle-history">The opposing Alchemissus used <strong>Hex</strong>!<br></div><div class="battle-history"><small>It doesn't affect Caesar...</small><br></div><div class="spacer battle-history"><br></div><div class="battle-history"><small>The opposing Alchemissus restored a little HP using its Black Sludge!</small><br></div><div class="spacer battle-history"><br></div><h2 class="battle-history">Turn 20</h2><div class="chat chatmessage-inkbug1 mine"><strong style="color:#e46e0f"><small>☆</small><span class="username" data-name="inkbug1">inkbug1</span>:</strong> <em>IFORGOt</em></div><div class="chat chatmessage-h2opulse"><strong style="color:#6e8c2b"><small>+</small><span class="username" data-name="H2OPulse">H2OPulse</span>:</strong> <em><i>same</i></em></div><div class="chat chatmessage-godofjoe"><strong style="color:#a523c9"><small>☆</small><span class="username" data-name="god of joe">god of joe</span>:</strong> <em>NO CURSE YOU VIOLET FOR COMING UP WITH A COOL DESIGN</em></div><div class="chat chatmessage-inkbug1 mine"><strong style="color:#e46e0f"><small>☆</small><span class="username" data-name="inkbug1">inkbug1</span>:</strong> <em>about that wheeze</em></div><div class="chat chatmessage-h2opulse"><strong style="color:#6e8c2b"><small>+</small><span class="username" data-name="H2OPulse">H2OPulse</span>:</strong> <em><i>msmdfjgh</i></em></div><div class="chat chatmessage-godofjoe"><strong style="color:#a523c9"><small>☆</small><span class="username" data-name="god of joe">god of joe</span>:</strong> <em>shrieks</em></div><div class="spacer battle-history"><br></div><div class="battle-history">Caesar used <strong>Acrobatics</strong>!<br></div><div class="battle-history"><small>(The opposing Alchemissus lost 55% of its health!)</small><br></div><div class="spacer battle-history"><br></div><div class="battle-history">The opposing Alchemissus used <strong>Toxic</strong>!<br></div><div class="battle-history"><small>Caesar was badly poisoned!</small><br></div><div class="spacer battle-history"><br></div><div class="battle-history"><small>The opposing Alchemissus restored a little HP using its Black Sludge!</small><br></div><div class="battle-history"><small>Caesar was hurt by poison!</small><br></div><div class="spacer battle-history"><br></div><h2 class="battle-history">Turn 21</h2><div class="chat chatmessage-inkbug1 mine"><strong style="color:#e46e0f"><small>☆</small><span class="username" data-name="inkbug1">inkbug1</span>:</strong> <em>dang i shoulda gone for work up anyway i was hoping to kill before i got poisoned-</em></div><div class="spacer battle-history"><br></div><div class="battle-history">god of joe withdrew Alchemissus!<br></div><div class="battle-history">god of joe sent out Starly (<strong>Starly-Crown</strong>)!<br></div><div class="chat"><ul class="utilichart"><li class="result"><span class="col pokemonnamecol" style="white-space: nowrap">Starly-Crown</span> <span class="col typecol"><img src="https://dragonheaven.herokuapp.com/sprites/types/Normal.png" alt="Normal" height="14" width="32"><img src="https://dragonheaven.herokuapp.com/sprites/types/Flying.png" alt="Flying" height="14" width="32"></span> <span style="float: left ; min-height: 26px"><span class="col abilitycol">Murmuration</span><span class="col abilitycol"></span></span></li><li style="clear: both"></li></ul></div><div class="chat"><ul class="utilichart"><li class="result"><span style="float: left ; min-height: 26px"><span class="col statcol"><em>HP</em><br>40</span> <span class="col statcol"><em>Atk</em><br>55</span> <span class="col statcol"><em>Def</em><br>30</span> <span class="col statcol"><em>SpA</em><br>30</span> <span class="col statcol"><em>SpD</em><br>30</span> <span class="col statcol"><em>Spe</em><br>60</span> </span></li><li style="clear: both"></li></ul></div><div class="battle-history"><small>(Starly-Crown was created by KeroseneZanchu!)</small><br></div><div class="chat"><ul class="utilichart"><li class="result"><span class="col pokemonnamecol" style="white-space: nowrap">Starly-Crown-Cloud</span> <span class="col typecol"><img src="https://dragonheaven.herokuapp.com/sprites/types/Normal.png" alt="Normal" height="14" width="32"><img src="https://dragonheaven.herokuapp.com/sprites/types/Flying.png" alt="Flying" height="14" width="32"></span> <span style="float: left ; min-height: 26px"><span class="col abilitycol">Murmuration</span><span class="col abilitycol"></span></span><span style="float: left ; min-height: 26px"><span class="col statcol"><em>HP</em><br>40</span> <span class="col statcol"><em>Atk</em><br>120</span> <span class="col statcol"><em>Def</em><br>170</span> <span class="col statcol"><em>SpA</em><br>50</span> <span class="col statcol"><em>SpD</em><br>161</span> <span class="col statcol"><em>Spe</em><br>100</span> </span></li><li style="clear: both"></li></ul></div><div class="battle-history"><small>Starly changed to Cloud Form!</small><br></div><div class="chat"><ul class="utilichart"><li class="result"><span class="col pokemonnamecol" style="white-space: nowrap">Starly-Crown-Cloud</span> <span class="col typecol"><img src="https://dragonheaven.herokuapp.com/sprites/types/Normal.png" alt="Normal" height="14" width="32"><img src="https://dragonheaven.herokuapp.com/sprites/types/Flying.png" alt="Flying" height="14" width="32"></span> <span style="float: left ; min-height: 26px"><span class="col abilitycol">Murmuration</span><span class="col abilitycol"></span></span><span style="float: left ; min-height: 26px"><span class="col statcol"><em>HP</em><br>40</span> <span class="col statcol"><em>Atk</em><br>120</span> <span class="col statcol"><em>Def</em><br>170</span> <span class="col statcol"><em>SpA</em><br>50</span> <span class="col statcol"><em>SpD</em><br>161</span> <span class="col statcol"><em>Spe</em><br>100</span> </span></li><li style="clear: both"></li></ul></div><div class="spacer battle-history"><br></div><div class="battle-history">Caesar used <strong>Acrobatics</strong>!<br></div><div class="battle-history"><small>(The opposing Starly lost 30% of its health!)</small><br></div><div class="spacer battle-history"><br></div><div class="battle-history"><small>Caesar was hurt by poison!</small><br></div><div class="spacer battle-history"><br></div><h2 class="battle-history">Turn 22</h2><div class="spacer battle-history"><br></div><div class="battle-history">Caesar used <strong>Work Up</strong>!<br></div><div class="battle-history"><small>Caesar's Attack rose!</small><br></div><div class="battle-history"><small>Caesar's Sp. Atk rose!</small><br></div><div class="spacer battle-history"><br></div><div class="battle-history">The opposing Starly used <strong>U-turn</strong>!<br></div><div class="battle-history"><small>It's not very effective...</small><br></div><div class="battle-history"><small>(Caesar lost <abbr title="−32/306">10.5%</abbr> of its health!)</small><br></div><div class="battle-history">[Caesar's Stamina]<br></div><div class="battle-history"><small>Caesar's Defense rose!</small><br></div><div class="spacer battle-history"><br></div><div class="battle-history">The opposing Starly went back to god of joe!<br></div><div class="battle-history">god of joe sent out <strong>Steelix</strong>!<br></div><div class="spacer battle-history"><br></div><div class="battle-history"><small>The opposing Steelix restored a little HP using its Leftovers!</small><br></div><div class="battle-history"><small>Caesar was hurt by poison!</small><br></div><div class="spacer battle-history"><br></div><h2 class="battle-history">Turn 23</h2><div class="spacer battle-history"><br></div><div class="battle-history">god of joe withdrew Steelix!<br></div><div class="battle-history">god of joe sent out Starly (<strong>Starly-Crown-Cloud</strong>)!<br></div><div class="spacer battle-history"><br></div><div class="battle-history">Caesar used <strong>Heat Wave</strong>!<br></div><div class="battle-history"><small>(The opposing Starly lost 16% of its health!)</small><br></div><div class="spacer battle-history"><br></div><div class="battle-history"><small>Caesar was hurt by poison!</small><br></div><div class="spacer battle-history"><br></div><h2 class="battle-history">Turn 24</h2><div class="spacer battle-history"><br></div><div class="battle-history">Caesar used <strong>Roost</strong>!<br></div><div class="battle-history"><small>Caesar had its HP restored.</small><br></div><div class="battle-history"><small>(Caesar loses Flying type this turn.)</small><br></div><div class="spacer battle-history"><br></div><div class="battle-history">The opposing Starly used <strong>Rapid Spin</strong>!<br></div><div class="battle-history"><small>(Caesar lost <abbr title="−52/306">17.0%</abbr> of its health!)</small><br></div><div class="battle-history"><small>The opposing Starly's Speed rose!</small><br></div><div class="battle-history">[Caesar's Stamina]<br></div><div class="battle-history"><small>Caesar's Defense rose!</small><br></div><div class="spacer battle-history"><br></div><div class="battle-history"><small>Caesar was hurt by poison!</small><br></div><div class="spacer battle-history"><br></div><h2 class="battle-history">Turn 25</h2><div class="chat chatmessage-inkbug1 mine"><strong style="color:#e46e0f"><small>☆</small><span class="username" data-name="inkbug1">inkbug1</span>:</strong> <em>is it at all possible for me to get out without dying to rocks</em></div><div class="chat chatmessage-inkbug1 mine"><strong style="color:#e46e0f"><small>☆</small><span class="username" data-name="inkbug1">inkbug1</span>:</strong> <em>i do not think so</em></div><div class="spacer battle-history"><br></div><div class="battle-history">Caesar, come back!<br></div><div class="battle-history">Go! Dollar (<strong>Starmie-Variant</strong>)!<br></div><div class="spacer battle-history"><br></div><div class="battle-history">The opposing Starly used <strong>Roost</strong>!<br></div><div class="battle-history"><small>The opposing Starly had its HP restored.</small><br></div><div class="battle-history"><small>(The opposing Starly loses Flying type this turn.)</small><br></div><div class="spacer battle-history"><br></div><h2 class="battle-history">Turn 26</h2><div class="spacer battle-history"><br></div><div class="battle-history">The opposing Starly used <strong>U-turn</strong>!<br></div><div class="battle-history"><small>(Dollar lost <abbr title="−69/324">21.3%</abbr> of its health!)</small><br></div><div class="chat chatmessage-inkbug1 mine"><strong style="color:#e46e0f"><small>☆</small><span class="username" data-name="inkbug1">inkbug1</span>:</strong> <em>ow</em></div><div class="spacer battle-history"><br></div><div class="battle-history">The opposing Starly went back to god of joe!<br></div><div class="battle-history">god of joe sent out <strong>Alchemissus</strong>!<br></div><div class="spacer battle-history"><br></div><div class="battle-history">Dollar used <strong>Recover</strong>!<br></div><div class="battle-history"><small>Dollar had its HP restored.</small><br></div><div class="spacer battle-history"><br></div><div class="battle-history"><small>The opposing Alchemissus restored a little HP using its Black Sludge!</small><br></div><div class="spacer battle-history"><br></div><h2 class="battle-history">Turn 27</h2><div class="spacer battle-history"><br></div><div class="battle-history">god of joe withdrew Alchemissus!<br></div><div class="battle-history">god of joe sent out <strong>Steelix</strong>!<br></div><div class="spacer battle-history"><br></div><div class="battle-history">Dollar used <strong>Earth Power</strong>!<br></div><div class="battle-history"><small>It's super effective!</small><br></div><div class="battle-history"><small>(The opposing Steelix lost 43% of its health!)</small><br></div><div class="spacer battle-history"><br></div><div class="battle-history">The opposing Steelix fainted!<br></div><div class="chat chatmessage-godofjoe"><strong style="color:#a523c9"><small>☆</small><span class="username" data-name="god of joe">god of joe</span>:</strong> <em>damn i thought i was playing 4d chess for a second</em></div><div class="chat chatmessage-godofjoe"><strong style="color:#a523c9"><small>☆</small><span class="username" data-name="god of joe">god of joe</span>:</strong> <em>LMAO</em></div><div class="chat chatmessage-inkbug1 mine"><strong style="color:#e46e0f"><small>☆</small><span class="username" data-name="inkbug1">inkbug1</span>:</strong> <em>adfsjkh fair-</em></div><div class="chat chatmessage-godofjoe"><strong style="color:#a523c9"><small>☆</small><span class="username" data-name="god of joe">god of joe</span>:</strong> <em>this thing is rly weird to switch into</em></div><div class="spacer battle-history"><br></div><div class="battle-history">god of joe sent out Naganadel-Terrestr (<strong>Naganadel-Terrestrial</strong>)!<br></div><div class="spacer battle-history"><br></div><h2 class="battle-history">Turn 28</h2><div class="chat chatmessage-h2opulse"><strong style="color:#6e8c2b"><small>+</small><span class="username" data-name="H2OPulse">H2OPulse</span>:</strong> <em>akfjgh yeah--</em></div><div class="chat chatmessage-h2opulse"><strong style="color:#6e8c2b"><small>+</small><span class="username" data-name="H2OPulse">H2OPulse</span>:</strong> <em>I have gotten swept by it before it's brutal</em></div><div class="chat chatmessage-inkbug1 mine"><strong style="color:#e46e0f"><small>☆</small><span class="username" data-name="inkbug1">inkbug1</span>:</strong> <em>i mean this set isnt super threatening i dont think </em></div><div class="spacer battle-history"><br></div><div class="battle-history">Dollar used <strong>Rapid Spin</strong>!<br></div><div class="battle-history"><small>(The opposing Naganadel-Terrestr lost 12% of its health!)</small><br></div><div class="battle-history"><small>Dollar's Speed rose!</small><br></div><div class="battle-history"><small>The pointed stones disappeared from around your team!</small><br></div><div class="spacer battle-history"><br></div><div class="battle-history">The opposing Naganadel-Terrestr used <strong>Toxic Spikes</strong>!<br></div><div class="battle-history"><small>Poison spikes were scattered on the ground all around your team!</small><br></div><div class="spacer battle-history"><br></div><h2 class="battle-history">Turn 29</h2><div class="chat chatmessage-h2opulse"><strong style="color:#6e8c2b"><small>+</small><span class="username" data-name="H2OPulse">H2OPulse</span>:</strong> <em>Dazzling can make Meteor Beam so hard to revenge though</em></div><div class="chat chatmessage-inkbug1 mine"><strong style="color:#e46e0f"><small>☆</small><span class="username" data-name="inkbug1">inkbug1</span>:</strong> <em>ohhh true</em></div><div class="chat chatmessage-h2opulse"><strong style="color:#6e8c2b"><small>+</small><span class="username" data-name="H2OPulse">H2OPulse</span>:</strong> <em>I'm glad it's mono Rock now</em></div><div class="chat chatmessage-h2opulse"><strong style="color:#6e8c2b"><small>+</small><span class="username" data-name="H2OPulse">H2OPulse</span>:</strong> <em>as opposed to Rock/Ground</em></div><div class="chat chatmessage-h2opulse"><strong style="color:#6e8c2b"><small>+</small><span class="username" data-name="H2OPulse">H2OPulse</span>:</strong> <em>I would die I think--</em></div><div class="chat chatmessage-inkbug1 mine"><strong style="color:#e46e0f"><small>☆</small><span class="username" data-name="inkbug1">inkbug1</span>:</strong> <em>yeah fair-</em></div><div class="spacer battle-history"><br></div><div class="battle-history">Dollar used <strong>Magic Coat</strong>!<br></div><div class="battle-history"><small>Dollar shrouded itself with Magic Coat!</small><br></div><div class="spacer battle-history"><br></div><div class="battle-history">The opposing Naganadel-Terrestr used <strong>Draco Meteor</strong>!<br></div><div class="battle-history"><small>(Dollar lost <abbr title="−203/324">62.7%</abbr> of its health!)</small><br></div><div class="battle-history"><small>The opposing Naganadel-Terrestr's Sp. Atk fell harshly!</small><br></div><div class="spacer battle-history"><br></div><div class="battle-history">Dollar fainted!<br></div><div class="chat chatmessage-inkbug1 mine"><strong style="color:#e46e0f"><small>☆</small><span class="username" data-name="inkbug1">inkbug1</span>:</strong> <em>i deserve that</em></div><div class="spacer battle-history"><br></div><div class="battle-history">Go! Leif (<strong>Frosmoth-Variant</strong>)!<br></div><div class="battle-history"><small>Leif was poisoned!</small><br></div><div class="chat"><ul class="utilichart"><li class="result"><span class="col pokemonnamecol" style="white-space: nowrap">Frosmoth-Variant</span> <span class="col typecol"><img src="https://dragonheaven.herokuapp.com/sprites/types/Normal.png" alt="Normal" height="14" width="32"><img src="https://dragonheaven.herokuapp.com/sprites/types/Bug.png" alt="Bug" height="14" width="32"></span> <span style="float: left ; min-height: 26px"><span class="col abilitycol">Shield Dust / Fur Coat / Scale Shift</span><span class="col abilitycol"></span></span></li><li style="clear: both"></li></ul></div><div class="chat"><ul class="utilichart"><li class="result"><span style="float: left ; min-height: 26px"><span class="col statcol"><em>HP</em><br>70</span> <span class="col statcol"><em>Atk</em><br>65</span> <span class="col statcol"><em>Def</em><br>60</span> <span class="col statcol"><em>SpA</em><br>125</span> <span class="col statcol"><em>SpD</em><br>90</span> <span class="col statcol"><em>Spe</em><br>65</span> </span></li><li style="clear: both"></li></ul></div><div class="battle-history"><small>(Frosmoth-Variant was created by BlueRay!)</small><br></div><div class="spacer battle-history"><br></div><h2 class="battle-history">Turn 30</h2><div class="spacer battle-history"><br></div><div class="battle-history">The opposing Naganadel-Terrestr used <strong>U-turn</strong>!<br></div><div class="battle-history"><small>(Leif lost <abbr title="−78/344">22.7%</abbr> of its health!)</small><br></div><div class="spacer battle-history"><br></div><div class="battle-history">The opposing Naganadel-Terrestr went back to god of joe!<br></div><div class="battle-history">god of joe sent out Starly (<strong>Starly-Crown-Cloud</strong>)!<br></div><div class="spacer battle-history"><br></div><div class="battle-history">Leif used <strong>Quiver Dance</strong>!<br></div><div class="battle-history"><small>Leif's Sp. Atk rose!</small><br></div><div class="battle-history"><small>Leif's Sp. Def rose!</small><br></div><div class="battle-history"><small>Leif's Speed rose!</small><br></div><div class="spacer battle-history"><br></div><div class="battle-history"><small>Leif was hurt by poison!</small><br></div><div class="spacer battle-history"><br></div><h2 class="battle-history">Turn 31</h2><div class="spacer battle-history"><br></div><div class="battle-history">The opposing Starly used <strong>Flurry</strong>!<br></div><div class="battle-history"><small>Starly called for help!</small><br></div><div class="spacer battle-history"><br></div><div class="battle-history">Leif used <strong>Dispersion</strong>!<br></div><div class="battle-history"><small>(The opposing Starly lost 74% of its health!)</small><br></div><div class="battle-history"><small>Leif lost some of its HP!</small><br></div><div class="spacer battle-history"><br></div><div class="battle-history"><small>Leif is being swarmed by a flurry of Starly!</small><br></div><div class="battle-history"><small>It's super effective!</small><br></div><div class="battle-history"><small>(Leif lost <abbr title="−56/344">16.3%</abbr> of its health!)</small><br></div><div class="battle-history"><small>Leif was hurt by poison!</small><br></div><div class="spacer battle-history"><br></div><h2 class="battle-history">Turn 32</h2><div class="spacer battle-history"><br></div><div class="battle-history">god of joe withdrew Starly!<br></div><div class="battle-history">god of joe sent out <strong>Alchemissus</strong>!<br></div><div class="spacer battle-history"><br></div><div class="battle-history">Leif used <strong>Giga Drain</strong>!<br></div><div class="battle-history"><small>It's not very effective...</small><br></div><div class="battle-history"><small>(The opposing Alchemissus lost 25% of its health!)</small><br></div><div class="battle-history"><small>The opposing Alchemissus had its energy drained!</small><br></div><div class="battle-history"><small>Leif lost some of its HP!</small><br></div><div class="spacer battle-history"><br></div><div class="battle-history"><small>Leif is being swarmed by a flurry of Starly!</small><br></div><div class="battle-history"><small>It's super effective!</small><br></div><div class="battle-history"><small>(Leif lost <abbr title="−54/344">15.7%</abbr> of its health!)</small><br></div><div class="battle-history"><small>The opposing Alchemissus restored a little HP using its Black Sludge!</small><br></div><div class="battle-history"><small>Leif was hurt by poison!</small><br></div><div class="spacer battle-history"><br></div><h2 class="battle-history">Turn 33</h2><div class="chat chatmessage-h2opulse"><strong style="color:#6e8c2b"><small>+</small><span class="username" data-name="H2OPulse">H2OPulse</span>:</strong> <em>I am also so happy I was wrong about Frosmoth having Roost</em></div><div class="chat chatmessage-h2opulse"><strong style="color:#6e8c2b"><small>+</small><span class="username" data-name="H2OPulse">H2OPulse</span>:</strong> <em>I think Galarian Frosmoth should have it though :c</em></div><div class="chat chatmessage-inkbug1 mine"><strong style="color:#e46e0f"><small>☆</small><span class="username" data-name="inkbug1">inkbug1</span>:</strong> <em>not the birdsssssss</em></div><div class="chat chatmessage-h2opulse"><strong style="color:#6e8c2b"><small>+</small><span class="username" data-name="H2OPulse">H2OPulse</span>:</strong> <em>akjfhg</em></div><div class="chat chatmessage-inkbug1 mine"><strong style="color:#e46e0f"><small>☆</small><span class="username" data-name="inkbug1">inkbug1</span>:</strong> <em>i regret lorb</em></div><div class="chat chatmessage-h2opulse"><strong style="color:#6e8c2b"><small>+</small><span class="username" data-name="H2OPulse">H2OPulse</span>:</strong> <em>rig ht fair--</em></div><div class="chat chatmessage-inkbug1 mine"><strong style="color:#e46e0f"><small>☆</small><span class="username" data-name="inkbug1">inkbug1</span>:</strong> <em>but like also i always do-</em></div><div class="spacer battle-history"><br></div><div class="battle-history">The opposing Alchemissus used <strong>Hex</strong>!<br></div><div class="battle-history"><small>It doesn't affect Leif...</small><br></div><div class="spacer battle-history"><br></div><div class="battle-history">Leif used <strong>Giga Drain</strong>!<br></div><div class="battle-history"><small>It's not very effective...</small><br></div><div class="battle-history"><small>(The opposing Alchemissus lost 8% of its health!)</small><br></div><div class="battle-history"><small>The opposing Alchemissus had its energy drained!</small><br></div><div class="battle-history"><small>Leif lost some of its HP!</small><br></div><div class="spacer battle-history"><br></div><div class="battle-history">The opposing Alchemissus fainted!<br></div><div class="battle-history">Leif fainted!<br></div><div class="spacer battle-history"><br></div><div class="battle-history"><small>(Flurry did not hit because the target is the user.)</small><br></div><div class="chat chatmessage-h2opulse"><strong style="color:#6e8c2b"><small>+</small><span class="username" data-name="H2OPulse">H2OPulse</span>:</strong> <em>zxkcjvh</em></div><div class="chat chatmessage-inkbug1 mine"><strong style="color:#e46e0f"><small>☆</small><span class="username" data-name="inkbug1">inkbug1</span>:</strong> <em>ow</em></div><div class="spacer battle-history"><br></div><div class="battle-history">god of joe sent out <strong>Tyrandra</strong>!<br></div><div class="spacer battle-history"><br></div><div class="battle-history">Go! Caesar (<strong>Endurow</strong>)!<br></div><div class="spacer battle-history"><br></div><h2 class="battle-history">Turn 34</h2><div class="spacer battle-history"><br></div><div class="battle-history">Caesar used <strong>Acrobatics</strong>!<br></div><div class="battle-history"><small>(The opposing Tyrandra lost 50% of its health!)</small><br></div><div class="spacer battle-history"><br></div><div class="battle-history">The opposing Tyrandra used <strong>Dark Pulse</strong>!<br></div><div class="battle-history"><small>A critical hit!</small><br></div><div class="battle-history"><small>(Caesar lost <abbr title="−13/306">4.2%</abbr> of its health!)</small><br></div><div class="spacer battle-history"><br></div><div class="battle-history">Caesar fainted!<br></div><div class="spacer battle-history"><br></div><div class="battle-history"><small>(Flurry did not hit because the target is the user.)</small><br></div><div class="spacer battle-history"><br></div><div class="battle-history">Go! Houdini (<strong>Mienshao-Yaoguai</strong>)!<br></div><div class="chat"><ul class="utilichart"><li class="result"><span class="col pokemonnamecol" style="white-space: nowrap">Mienshao-Yaoguai</span> <span class="col typecol"><img src="https://dragonheaven.herokuapp.com/sprites/types/Fighting.png" alt="Fighting" height="14" width="32"><img src="https://dragonheaven.herokuapp.com/sprites/types/Ghost.png" alt="Ghost" height="14" width="32"></span> <span style="float: left ; min-height: 26px"><span class="col abilitycol">Inner Focus / Prankster / Berserk</span><span class="col abilitycol"></span></span></li><li style="clear: both"></li></ul></div><div class="chat"><ul class="utilichart"><li class="result"><span style="float: left ; min-height: 26px"><span class="col statcol"><em>HP</em><br>65</span> <span class="col statcol"><em>Atk</em><br>125</span> <span class="col statcol"><em>Def</em><br>60</span> <span class="col statcol"><em>SpA</em><br>105</span> <span class="col statcol"><em>SpD</em><br>60</span> <span class="col statcol"><em>Spe</em><br>95</span> </span></li><li style="clear: both"></li></ul></div><div class="battle-history"><small>(Mienshao-Yaoguai was created by Hematite!)</small><br></div><div class="battle-history"><small>Houdini was poisoned!</small><br></div><div class="spacer battle-history"><br></div><h2 class="battle-history">Turn 35</h2><div class="spacer battle-history"><br></div><div class="battle-history">The opposing Tyrandra used <strong>Draco Meteor</strong>!<br></div><div class="battle-history"><small>A critical hit!</small><br></div><div class="battle-history"><small>(Houdini lost <abbr title="−271/271">100%</abbr> of its health!)</small><br></div><div class="battle-history"><small>The opposing Tyrandra's Sp. Atk fell harshly!</small><br></div><div class="spacer battle-history"><br></div><div class="battle-history">Houdini fainted!<br></div><div class="spacer battle-history"><br></div><div class="battle-history"><small>(Flurry did not hit because the target is the user.)</small><br></div><div class="chat chatmessage-inkbug1 mine"><strong style="color:#e46e0f"><small>☆</small><span class="username" data-name="inkbug1">inkbug1</span>:</strong> <em>oh youre fast</em></div><div class="chat chatmessage-inkbug1 mine"><strong style="color:#e46e0f"><small>☆</small><span class="username" data-name="inkbug1">inkbug1</span>:</strong> <em>i see </em></div><div class="chat chatmessage-inkbug1 mine"><strong style="color:#e46e0f"><small>☆</small><span class="username" data-name="inkbug1">inkbug1</span>:</strong> <em>i was abt to say i shouldve gone for it but youre immune to me first anyway so</em></div><div class="chat chatmessage-h2opulse"><strong style="color:#6e8c2b"><small>+</small><span class="username" data-name="H2OPulse">H2OPulse</span>:</strong> <em>I would have clicked Me First there trying to steal a Dragon move and then it would not have worked because Tyrandra is Dark-type</em></div><div class="chat chatmessage-h2opulse"><strong style="color:#6e8c2b"><small>+</small><span class="username" data-name="H2OPulse">H2OPulse</span>:</strong> <em>yeah--</em></div><div class="chat chatmessage-inkbug1 mine"><strong style="color:#e46e0f"><small>☆</small><span class="username" data-name="inkbug1">inkbug1</span>:</strong> <em>gg anyways ! </em></div><div class="spacer battle-history"><br></div><div class="battle-history">Go! Boone (<strong>Raticate-Alola</strong>)!<br></div><div class="battle-history"><small>Boone was poisoned!</small><br></div><div class="spacer battle-history"><br></div><h2 class="battle-history">Turn 36</h2><div class="chat chatmessage-godofjoe"><strong style="color:#a523c9"><small>☆</small><span class="username" data-name="god of joe">god of joe</span>:</strong> <em>gg!!</em></div><div class="spacer battle-history"><br></div><div class="battle-history">Boone used <strong>Sucker Punch</strong>!<br></div><div class="battle-history"><small>It's not very effective...</small><br></div><div class="battle-history"><small>(The opposing Tyrandra lost 11% of its health!)</small><br></div><div class="spacer battle-history"><br></div><div class="battle-history">The opposing Tyrandra used <strong>Sludge Bomb</strong>!<br></div><div class="battle-history"><small>A critical hit!</small><br></div><div class="battle-history"><small>(Boone lost <abbr title="−60/354">16.9%</abbr> of its health!)</small><br></div><div class="spacer battle-history"><br></div><div class="battle-history">Boone fainted!<br></div><div class="chat chatmessage-h2opulse"><strong style="color:#6e8c2b"><small>+</small><span class="username" data-name="H2OPulse">H2OPulse</span>:</strong> <em>Good game both!!!</em></div><div class="spacer battle-history"><br></div><div class="battle-history">Go! Monster Truck (<strong>Voltangent</strong>)!<br></div><div class="battle-history"><small>Monster Truck was poisoned!</small><br></div><div class="spacer battle-history"><br></div><h2 class="battle-history">Turn 37</h2><div class="spacer battle-history"><br></div><div class="battle-history">The opposing Tyrandra used <strong>Draco Meteor</strong>!<br></div><div class="battle-history"><small>It's super effective!</small><br></div><div class="battle-history"><small>A critical hit!</small><br></div><div class="battle-history"><small>(Monster Truck lost <abbr title="−273/404">67.6%</abbr> of its health!)</small><br></div><div class="battle-history"><small>The opposing Tyrandra's Sp. Atk fell harshly!</small><br></div><div class="spacer battle-history"><br></div><div class="battle-history">Monster Truck fainted!<br></div><div class="spacer battle-history"><br></div><div class="battle-history"><strong>god of joe</strong> won the battle!<br></div><div class="chat chatmessage-h2opulse"><strong style="color:#6e8c2b"><small>+</small><span class="username" data-name="H2OPulse">H2OPulse</span>:</strong> <em>I FORGOT about Merciless I was briefly wondering how it got so many crits--</em></div><div class="chat chatmessage-h2opulse"><strong style="color:#6e8c2b"><small>+</small><span class="username" data-name="H2OPulse">H2OPulse</span>:</strong> <em>I am a fool</em></div><div class="chat chatmessage-inkbug1 mine"><strong style="color:#e46e0f"><small>☆</small><span class="username" data-name="inkbug1">inkbug1</span>:</strong> <em>god right that reminds me i never tried out how badly i fucked up my starly set on my other team </em></div><div class="chat chatmessage-h2opulse"><strong style="color:#6e8c2b"><small>+</small><span class="username" data-name="H2OPulse">H2OPulse</span>:</strong> <em>:eyes:</em></div><div class="chat chatmessage-inkbug1 mine"><strong style="color:#e46e0f"><small>☆</small><span class="username" data-name="inkbug1">inkbug1</span>:</strong> <em>but im not rlly in the mood to play w echoed voice spam so ill jsut . ? click other moves i guess ?? </em></div><div class="chat chatmessage-h2opulse"><strong style="color:#6e8c2b"><small>+</small><span class="username" data-name="H2OPulse">H2OPulse</span>:</strong> <em>P f f</em></div></div><div class="inner-preempt message-log"></div></div></div>
</div>
<script>
let daily = Math.floor(Date.now()/1000/60/60/24);document.write('<script src="https://dragonheaven.herokuapp.com/js/replay-embed.js?version'+daily+'"></'+'script>');
</script>
