<!DOCTYPE html>
<meta charset="utf-8" />
<!-- version 1 -->
<title>[Gen 8] Evolution Project replay: H2OPulse vs. inkbug1</title>
<style>
html,body {font-family:Verdana, sans-serif;font-size:10pt;margin:0;padding:0;}body{padding:12px 0;} .battle-log {font-family:Verdana, sans-serif;font-size:10pt;} .battle-log-inline {border:1px solid #AAAAAA;background:#EEF2F5;color:black;max-width:640px;margin:0 auto 80px;padding-bottom:5px;} .battle-log .inner {padding:4px 8px 0px 8px;} .battle-log .inner-preempt {padding:0 8px 4px 8px;} .battle-log .inner-after {margin-top:0.5em;} .battle-log h2 {margin:0.5em -8px;padding:4px 8px;border:1px solid #AAAAAA;background:#E0E7EA;border-left:0;border-right:0;font-family:Verdana, sans-serif;font-size:13pt;} .battle-log .chat {vertical-align:middle;padding:3px 0 3px 0;font-size:8pt;} .battle-log .chat strong {color:#40576A;} .battle-log .chat em {padding:1px 4px 1px 3px;color:#000000;font-style:normal;} .chat.mine {background:rgba(0,0,0,0.05);margin-left:-8px;margin-right:-8px;padding-left:8px;padding-right:8px;} .spoiler {color:#BBBBBB;background:#BBBBBB;padding:0px 3px;} .spoiler:hover, .spoiler:active, .spoiler-shown {color:#000000;background:#E2E2E2;padding:0px 3px;} .spoiler a {color:#BBBBBB;} .spoiler:hover a, .spoiler:active a, .spoiler-shown a {color:#2288CC;} .chat code, .chat .spoiler:hover code, .chat .spoiler:active code, .chat .spoiler-shown code {border:1px solid #C0C0C0;background:#EEEEEE;color:black;padding:0 2px;} .chat .spoiler code {border:1px solid #CCCCCC;background:#CCCCCC;color:#CCCCCC;} .battle-log .rated {padding:3px 4px;} .battle-log .rated strong {color:white;background:#89A;padding:1px 4px;border-radius:4px;} .spacer {margin-top:0.5em;} .message-announce {background:#6688AA;color:white;padding:1px 4px 2px;} .message-announce a, .broadcast-green a, .broadcast-blue a, .broadcast-red a {color:#DDEEFF;} .broadcast-green {background-color:#559955;color:white;padding:2px 4px;} .broadcast-blue {background-color:#6688AA;color:white;padding:2px 4px;} .infobox {border:1px solid #6688AA;padding:2px 4px;} .infobox-limited {max-height:200px;overflow:auto;overflow-x:hidden;} .broadcast-red {background-color:#AA5544;color:white;padding:2px 4px;} .message-learn-canlearn {font-weight:bold;color:#228822;text-decoration:underline;} .message-learn-cannotlearn {font-weight:bold;color:#CC2222;text-decoration:underline;} .message-effect-weak {font-weight:bold;color:#CC2222;} .message-effect-resist {font-weight:bold;color:#6688AA;} .message-effect-immune {font-weight:bold;color:#666666;} .message-learn-list {margin-top:0;margin-bottom:0;} .message-throttle-notice, .message-error {color:#992222;} .message-overflow, .chat small.message-overflow {font-size:0pt;} .message-overflow::before {font-size:9pt;content:'...';} .subtle {color:#3A4A66;}
</style>
<div class="wrapper replay-wrapper" style="max-width:1180px;margin:0 auto">
<input type="hidden" name="replayid" value="dragonheaven-gen8evolutionproject-20" />
<div class="battle"></div><div class="battle-log"></div><div class="replay-controls"></div><div class="replay-controls-2"></div>
<h1 style="font-weight:normal;text-align:center"><strong>[Gen 8] Evolution Project</strong><br /><a href="http://pokemonshowdown.com/users/h2opulse" class="subtle" target="_blank">H2OPulse</a> vs. <a href="http://pokemonshowdown.com/users/inkbug1" class="subtle" target="_blank">inkbug1</a></h1>
<script type="text/plain" class="battle-log-data">|j|☆H2OPulse
|j|☆inkbug1

|t:|1652315290
|player|p1|H2OPulse|aetherfoundation|
|player|p2|inkbug1|emmet|
|teamsize|p1|6
|teamsize|p2|6
|gametype|singles
|gen|8
|tier|[Gen 8] Evolution Project
|clearpoke
|poke|p1|Rotom-Heat|
|poke|p1|Shiinotic-Kalos, F|
|poke|p1|Gourmant, F|
|poke|p1|Noivern-Variant, M|
|poke|p1|Milotic, M|
|poke|p1|Bronzong|
|poke|p2|Lediluck, M|
|poke|p2|Carnelion, M|
|poke|p2|Magcargo, F|
|poke|p2|Pollugonal, F|
|poke|p2|Scrafiti, M|
|poke|p2|Gardevoir, M|
|rule|HP Percentage Mod: HP is shown in percentages
|rule|Endless Battle Clause: Forcing endless battles is banned
|rule|OHKO Clause: OHKO moves are banned
|rule|Evasion Moves Clause: Evasion moves are banned
|rule|Species Clause: Limit one of each Pokémon
|rule|Dynamax Clause: You cannot dynamax
|rule|Sleep Clause Mod: Limit one foe put to sleep
|rule|Z-Move Clause: Type-based Z-Moves are banned
|teampreview
|c|☆inkbug1|gl hf 
|c|☆H2OPulse|Aaa hi!! Good luck and have fun!!
|
|t:|1652315335
|start
|switch|p1a: Flavonoid|Bronzong|100\/100
|switch|p2a: Cedric|Lediluck, M|334\/334
|-start|p2a: Cedric|typechange|Bug\/Flying|[silent]
|raw|<ul class="utilichart"><li class="result"><span class="col pokemonnamecol" style="white-space: nowrap">Lediluck<\/span> <span class="col typecol"><img src="https:\/\/dragonheaven.herokuapp.com\/sprites\/types\/Bug.png" alt="Bug" height="14" width="32"><img src="https:\/\/dragonheaven.herokuapp.com\/sprites\/types\/Flying.png" alt="Flying" height="14" width="32"><\/span> <span style="float: left ; min-height: 26px"><span class="col abilitycol">Swarm \/ Super Luck \/ Iron Fist<\/span><span class="col abilitycol"><\/span><\/span><\/li><li style="clear: both"><\/li><\/ul>
|raw|<ul class="utilichart"><li class="result"><span style="float: left ; min-height: 26px"><span class="col statcol"><em>HP<\/em><br>65<\/span> <span class="col statcol"><em>Atk<\/em><br>85<\/span> <span class="col statcol"><em>Def<\/em><br>60<\/span> <span class="col statcol"><em>SpA<\/em><br>65<\/span> <span class="col statcol"><em>SpD<\/em><br>120<\/span> <span class="col statcol"><em>Spe<\/em><br>105<\/span> <\/span><\/li><li style="clear: both"><\/li><\/ul>
|-hint|Lediluck was created by inkbug!
|turn|1
|
|t:|1652315352
|switch|p2a: Slushie|Magcargo, F|323\/323
|move|p1a: Flavonoid|Trick Room|p1a: Flavonoid
|-fieldstart|move: Trick Room|[of] p1a: Flavonoid
|
|upkeep
|turn|2
|
|t:|1652315357
|switch|p1a: Senecio|Milotic, M|100\/100
|move|p2a: Slushie|Stealth Rock|p1a: Senecio
|-sidestart|p1: H2OPulse|move: Stealth Rock
|
|upkeep
|turn|3
|
|t:|1652315364
|switch|p2a: Prism|Pollugonal, F|383\/383
|-start|p2a: Prism|typechange|Ice\/Poison|[silent]
|raw|<ul class="utilichart"><li class="result"><span class="col pokemonnamecol" style="white-space: nowrap">Pollugonal<\/span> <span class="col typecol"><img src="https:\/\/dragonheaven.herokuapp.com\/sprites\/types\/Ice.png" alt="Ice" height="14" width="32"><img src="https:\/\/dragonheaven.herokuapp.com\/sprites\/types\/Poison.png" alt="Poison" height="14" width="32"><\/span> <span style="float: left ; min-height: 26px"><span class="col abilitycol">Levitate<\/span><span class="col abilitycol"><\/span><\/span><\/li><li style="clear: both"><\/li><\/ul>
|raw|<ul class="utilichart"><li class="result"><span style="float: left ; min-height: 26px"><span class="col statcol"><em>HP<\/em><br>90<\/span> <span class="col statcol"><em>Atk<\/em><br>50<\/span> <span class="col statcol"><em>Def<\/em><br>50<\/span> <span class="col statcol"><em>SpA<\/em><br>95<\/span> <span class="col statcol"><em>SpD<\/em><br>140<\/span> <span class="col statcol"><em>Spe<\/em><br>105<\/span> <\/span><\/li><li style="clear: both"><\/li><\/ul>
|-hint|Pollugonal was created by Magmajudis!
|move|p1a: Senecio|Scald|p2a: Prism
|-damage|p2a: Prism|310\/383
|-status|p2a: Prism|brn
|
|-damage|p2a: Prism|287\/383 brn|[from] brn
|upkeep
|turn|4
|
|t:|1652315373
|switch|p1a: Wheat|Rotom-Heat|100\/100
|move|p2a: Prism|Spikes|p1a: Wheat
|-sidestart|p1: H2OPulse|Spikes
|
|-damage|p2a: Prism|264\/383 brn|[from] brn
|upkeep
|turn|5
|j|+analysis geek
|
|t:|1652315385
|switch|p2a: Spyke|Scrafiti, M|343\/343
|-start|p2a: Spyke|typechange|Dark\/Fighting|[silent]
|raw|<ul class="utilichart"><li class="result"><span class="col pokemonnamecol" style="white-space: nowrap">Scrafiti<\/span> <span class="col typecol"><img src="https:\/\/dragonheaven.herokuapp.com\/sprites\/types\/Dark.png" alt="Dark" height="14" width="32"><img src="https:\/\/dragonheaven.herokuapp.com\/sprites\/types\/Fighting.png" alt="Fighting" height="14" width="32"><\/span> <span style="float: left ; min-height: 26px"><span class="col abilitycol">Shed Skin \/ Moxie \/ Prankster<\/span><span class="col abilitycol"><\/span><\/span><\/li><li style="clear: both"><\/li><\/ul>
|raw|<ul class="utilichart"><li class="result"><span style="float: left ; min-height: 26px"><span class="col statcol"><em>HP<\/em><br>70<\/span> <span class="col statcol"><em>Atk<\/em><br>105<\/span> <span class="col statcol"><em>Def<\/em><br>120<\/span> <span class="col statcol"><em>SpA<\/em><br>60<\/span> <span class="col statcol"><em>SpD<\/em><br>120<\/span> <span class="col statcol"><em>Spe<\/em><br>48<\/span> <\/span><\/li><li style="clear: both"><\/li><\/ul>
|-hint|Scrafiti was created by Magmajudis!
|move|p1a: Wheat|Overheat|p2a: Spyke
|-damage|p2a: Spyke|210\/343
|-unboost|p1a: Wheat|spa|2
|
|-heal|p2a: Spyke|231\/343|[from] item: Leftovers
|-fieldend|move: Trick Room
|upkeep
|turn|6
|
|t:|1652315394
|move|p1a: Wheat|Defog|p2a: Spyke
|-unboost|p2a: Spyke|evasion|1
|-sideend|p1: H2OPulse|Spikes|[from] move: Defog|[of] p1a: Wheat
|-sideend|p1: H2OPulse|Stealth Rock|[from] move: Defog|[of] p1a: Wheat
|move|p2a: Spyke|Drain Punch|p1a: Wheat
|-damage|p1a: Wheat|60\/100
|-heal|p2a: Spyke|293\/343|[from] drain|[of] p1a: Wheat
|
|-heal|p2a: Spyke|314\/343|[from] item: Leftovers
|upkeep
|turn|7
|j|+abismal
|j|+BlazingHero657
|
|t:|1652315416
|move|p1a: Wheat|Volt Switch|p2a: Spyke
|-crit|p2a: Spyke
|-damage|p2a: Spyke|206\/343
|
|t:|1652315422
|switch|p1a: Foxfire|Shiinotic-Kalos, F|100\/100|[from]move: Volt Switch
|-start|p1a: Foxfire|typechange|Poison\/Fairy|[silent]
|raw|<ul class="utilichart"><li class="result"><span class="col pokemonnamecol" style="white-space: nowrap">Shiinotic-Kalos<\/span> <span class="col typecol"><img src="https:\/\/dragonheaven.herokuapp.com\/sprites\/types\/Poison.png" alt="Poison" height="14" width="32"><img src="https:\/\/dragonheaven.herokuapp.com\/sprites\/types\/Fairy.png" alt="Fairy" height="14" width="32"><\/span> <span style="float: left ; min-height: 26px"><span class="col abilitycol">Illuminate \/ Effect Spore \/ Technician<\/span><span class="col abilitycol"><\/span><\/span><\/li><li style="clear: both"><\/li><\/ul>
|raw|<ul class="utilichart"><li class="result"><span style="float: left ; min-height: 26px"><span class="col statcol"><em>HP<\/em><br>60<\/span> <span class="col statcol"><em>Atk<\/em><br>45<\/span> <span class="col statcol"><em>Def<\/em><br>60<\/span> <span class="col statcol"><em>SpA<\/em><br>90<\/span> <span class="col statcol"><em>SpD<\/em><br>80<\/span> <span class="col statcol"><em>Spe<\/em><br>70<\/span> <\/span><\/li><li style="clear: both"><\/li><\/ul>
|-hint|Shiinotic-Kalos was created by Hematite!
|move|p2a: Spyke|Knock Off|p1a: Foxfire
|-resisted|p1a: Foxfire
|-damage|p1a: Foxfire|50\/100
|-enditem|p1a: Foxfire|Black Sludge|[from] move: Knock Off|[of] p2a: Spyke
|
|-heal|p2a: Spyke|227\/343|[from] item: Leftovers
|upkeep
|turn|8
|c|☆H2OPulse|Oh fair ow
|
|t:|1652315441
|switch|p2a: Prism|Pollugonal, F|264\/383 brn
|-start|p2a: Prism|typechange|Ice\/Poison|[silent]
|move|p1a: Foxfire|Draining Kiss|p2a: Prism
|-resisted|p2a: Prism
|-damage|p2a: Prism|224\/383 brn
|-heal|p1a: Foxfire|62\/100|[from] drain|[of] p2a: Prism
|
|-damage|p2a: Prism|201\/383 brn|[from] brn
|upkeep
|turn|9
|
|t:|1652315449
|switch|p1a: Wheat|Rotom-Heat|60\/100
|move|p2a: Prism|Recover|p2a: Prism
|-heal|p2a: Prism|383\/383 brn
|
|-damage|p2a: Prism|360\/383 brn|[from] brn
|upkeep
|turn|10
|
|t:|1652315457
|switch|p2a: Slushie|Magcargo, F|323\/323
|move|p1a: Wheat|Volt Switch|p2a: Slushie
|-damage|p2a: Slushie|220\/323
|
|t:|1652315464
|switch|p1a: Senecio|Milotic, M|100\/100|[from]move: Volt Switch
|
|upkeep
|turn|11
|
|t:|1652315470
|switch|p2a: Cedric|Lediluck, M|334\/334
|-start|p2a: Cedric|typechange|Bug\/Flying|[silent]
|move|p1a: Senecio|Scald|p2a: Cedric
|-damage|p2a: Cedric|259\/334
|
|upkeep
|turn|12
|
|t:|1652315476
|move|p2a: Cedric|Light Screen|p2a: Cedric
|-sidestart|p2: inkbug1|move: Light Screen
|move|p1a: Senecio|Ice Beam|p2a: Cedric
|-supereffective|p2a: Cedric
|-damage|p2a: Cedric|195\/334
|
|upkeep
|turn|13
|
|t:|1652315492
|move|p2a: Cedric|Swords Dance|p2a: Cedric
|-boost|p2a: Cedric|atk|2
|move|p1a: Senecio|Ice Beam|p2a: Cedric
|-supereffective|p2a: Cedric
|-damage|p2a: Cedric|131\/334
|
|upkeep
|turn|14
|c|☆H2OPulse|Hm
|c|☆H2OPulse|Well I have no idea what moves you have--
|
|t:|1652315523
|switch|p1a: Flavonoid|Bronzong|100\/100
|move|p2a: Cedric|Thunder Punch|p1a: Flavonoid
|-crit|p1a: Flavonoid
|-damage|p1a: Flavonoid|62\/100
|
|upkeep
|turn|15
|
|t:|1652315538
|switch|p2a: Slushie|Magcargo, F|220\/323
|move|p1a: Flavonoid|Heavy Slam|p2a: Slushie
|-damage|p2a: Slushie|130\/323
|-damage|p1a: Flavonoid|45\/100|[from] item: Rocky Helmet|[of] p2a: Slushie
|
|upkeep
|turn|16
|
|t:|1652315546
|switch|p1a: Senecio|Milotic, M|100\/100
|move|p2a: Slushie|Recover|p2a: Slushie
|-heal|p2a: Slushie|292\/323
|
|-sideend|p2: inkbug1|move: Light Screen
|upkeep
|turn|17
|
|t:|1652315555
|switch|p2a: Prism|Pollugonal, F|360\/383 brn
|-start|p2a: Prism|typechange|Ice\/Poison|[silent]
|move|p1a: Senecio|Scald|p2a: Prism
|-damage|p2a: Prism|290\/383 brn
|
|-damage|p2a: Prism|267\/383 brn|[from] brn
|upkeep
|turn|18
|l|+abismal
|
|t:|1652315577
|switch|p1a: Yeast|Gourmant, F|100\/100
|-start|p1a: Yeast|typechange|Fire\/Dark|[silent]
|raw|<ul class="utilichart"><li class="result"><span class="col pokemonnamecol" style="white-space: nowrap">Gourmant<\/span> <span class="col typecol"><img src="https:\/\/dragonheaven.herokuapp.com\/sprites\/types\/Fire.png" alt="Fire" height="14" width="32"><img src="https:\/\/dragonheaven.herokuapp.com\/sprites\/types\/Dark.png" alt="Dark" height="14" width="32"><\/span> <span style="float: left ; min-height: 26px"><span class="col abilitycol">Gluttony \/ Flash Fire \/ White Smoke<\/span><span class="col abilitycol"><\/span><\/span><\/li><li style="clear: both"><\/li><\/ul>
|raw|<ul class="utilichart"><li class="result"><span style="float: left ; min-height: 26px"><span class="col statcol"><em>HP<\/em><br>85<\/span> <span class="col statcol"><em>Atk<\/em><br>137<\/span> <span class="col statcol"><em>Def<\/em><br>66<\/span> <span class="col statcol"><em>SpA<\/em><br>105<\/span> <span class="col statcol"><em>SpD<\/em><br>66<\/span> <span class="col statcol"><em>Spe<\/em><br>75<\/span> <\/span><\/li><li style="clear: both"><\/li><\/ul>
|-hint|Gourmant was created by quagsi!
|move|p2a: Prism|Spikes|p1a: Yeast
|-sidestart|p1: H2OPulse|Spikes
|
|-damage|p2a: Prism|244\/383 brn|[from] brn
|upkeep
|turn|19
|
|t:|1652315589
|switch|p2a: Slushie|Magcargo, F|292\/323
|move|p1a: Yeast|Knock Off|p2a: Slushie
|-damage|p2a: Slushie|150\/323
|-damage|p1a: Yeast|84\/100|[from] item: Rocky Helmet|[of] p2a: Slushie
|-enditem|p2a: Slushie|Rocky Helmet|[from] move: Knock Off|[of] p1a: Yeast
|
|upkeep
|turn|20
|
|t:|1652315607
|switch|p1a: Mango|Noivern-Variant, M|100\/100
|-start|p1a: Mango|typechange|Fighting\/Dragon|[silent]
|raw|<ul class="utilichart"><li class="result"><span class="col pokemonnamecol" style="white-space: nowrap">Noivern-Variant<\/span> <span class="col typecol"><img src="https:\/\/dragonheaven.herokuapp.com\/sprites\/types\/Fighting.png" alt="Fighting" height="14" width="32"><img src="https:\/\/dragonheaven.herokuapp.com\/sprites\/types\/Dragon.png" alt="Dragon" height="14" width="32"><\/span> <span style="float: left ; min-height: 26px"><span class="col abilitycol">Levitate<\/span><span class="col abilitycol"><\/span><\/span><\/li><li style="clear: both"><\/li><\/ul>
|raw|<ul class="utilichart"><li class="result"><span style="float: left ; min-height: 26px"><span class="col statcol"><em>HP<\/em><br>95<\/span> <span class="col statcol"><em>Atk<\/em><br>70<\/span> <span class="col statcol"><em>Def<\/em><br>80<\/span> <span class="col statcol"><em>SpA<\/em><br>97<\/span> <span class="col statcol"><em>SpD<\/em><br>80<\/span> <span class="col statcol"><em>Spe<\/em><br>113<\/span> <\/span><\/li><li style="clear: both"><\/li><\/ul>
|-hint|Noivern-Variant was created by Hematite!
|move|p2a: Slushie|Stone Edge|p1a: Mango|[miss]
|-miss|p2a: Slushie|p1a: Mango
|
|upkeep
|turn|21
|
|t:|1652315618
|switch|p2a: Cedric|Lediluck, M|131\/334
|-start|p2a: Cedric|typechange|Bug\/Flying|[silent]
|move|p1a: Mango|U-turn|p2a: Cedric
|-resisted|p2a: Cedric
|-damage|p2a: Cedric|97\/334
|-damage|p1a: Mango|91\/100|[from] item: Life Orb
|
|t:|1652315635
|switch|p1a: Wheat|Rotom-Heat|60\/100|[from]move: U-turn
|
|upkeep
|turn|22
|j|+time to chill
|
|t:|1652315658
|switch|p2a: Spyke|Scrafiti, M|227\/343
|-start|p2a: Spyke|typechange|Dark\/Fighting|[silent]
|move|p1a: Wheat|Volt Switch|p2a: Spyke
|-damage|p2a: Spyke|154\/343
|
|t:|1652315663
|switch|p1a: Foxfire|Shiinotic-Kalos, F|62\/100|[from]move: Volt Switch
|-damage|p1a: Foxfire|49\/100|[from] Spikes
|-start|p1a: Foxfire|typechange|Poison\/Fairy|[silent]
|
|-heal|p2a: Spyke|175\/343|[from] item: Leftovers
|upkeep
|turn|23
|
|t:|1652315683
|switch|p2a: Prism|Pollugonal, F|244\/383 brn
|-start|p2a: Prism|typechange|Ice\/Poison|[silent]
|move|p1a: Foxfire|Spore||[still]
|-fail|p1a: Foxfire
|
|-damage|p2a: Prism|221\/383 brn|[from] brn
|upkeep
|turn|24
|c|☆H2OPulse|Oh right
|c|☆H2OPulse|Oh!! I will be right back!
|c|☆inkbug1|ah ok! 
|
|t:|1652315754
|switch|p1a: Yeast|Gourmant, F|84\/100
|-start|p1a: Yeast|typechange|Fire\/Dark|[silent]
|-damage|p1a: Yeast|72\/100|[from] Spikes
|move|p2a: Prism|Freeze-Dry|p1a: Yeast
|-resisted|p1a: Yeast
|-damage|p1a: Yeast|55\/100
|
|-damage|p2a: Prism|198\/383 brn|[from] brn
|upkeep
|turn|25
|j|+Not mossy
|
|t:|1652315764
|switch|p2a: Slushie|Magcargo, F|150\/323
|move|p1a: Yeast|Knock Off|p2a: Slushie
|-damage|p2a: Slushie|65\/323
|
|upkeep
|turn|26
|c|☆inkbug1|thhhhats fair i had a chance to recover earlier and did not take it
|
|t:|1652315783
|switch|p2a: Spyke|Scrafiti, M|175\/343
|-start|p2a: Spyke|typechange|Dark\/Fighting|[silent]
|move|p1a: Yeast|Knock Off|p2a: Spyke
|-resisted|p2a: Spyke
|-damage|p2a: Spyke|130\/343
|-enditem|p2a: Spyke|Leftovers|[from] move: Knock Off|[of] p1a: Yeast
|
|upkeep
|turn|27
|
|t:|1652315796
|move|p1a: Yeast|Fire Lash|p2a: Spyke
|-damage|p2a: Spyke|18\/343
|-unboost|p2a: Spyke|def|1
|move|p2a: Spyke|Drain Punch|p1a: Yeast
|-supereffective|p1a: Yeast
|-damage|p1a: Yeast|0 fnt
|-heal|p2a: Spyke|120\/343|[from] drain|[of] p1a: Yeast
|faint|p1a: Yeast
|
|upkeep
|c|☆H2OPulse|OKAY sorry I said that and then I was like half-back but not all the way back
|c|☆H2OPulse|Now I am all the way back :'D hi
|
|t:|1652315938
|switch|p1a: Wheat|Rotom-Heat|60\/100
|turn|28
|c|☆inkbug1|no worries ! 
|
|t:|1652315943
|move|p2a: Spyke|Copycat|p2a: Spyke
|move|p2a: Spyke|Drain Punch|p1a: Wheat|[from]move: Copycat
|-damage|p1a: Wheat|20\/100
|-heal|p2a: Spyke|180\/343|[from] drain|[of] p1a: Wheat
|move|p1a: Wheat|Overheat|p2a: Spyke
|-damage|p2a: Spyke|39\/343
|-unboost|p1a: Wheat|spa|2
|
|upkeep
|turn|29
|c|☆H2OPulse|FORGOT
|c|☆H2OPulse|okay
|j|+abismal
|
|t:|1652315961
|switch|p2a: Risotto|Carnelion, M|311\/311
|-start|p2a: Risotto|typechange|Normal\/Rock|[silent]
|raw|<ul class="utilichart"><li class="result"><span class="col pokemonnamecol" style="white-space: nowrap">Carnelion<\/span> <span class="col typecol"><img src="https:\/\/dragonheaven.herokuapp.com\/sprites\/types\/Normal.png" alt="Normal" height="14" width="32"><img src="https:\/\/dragonheaven.herokuapp.com\/sprites\/types\/Rock.png" alt="Rock" height="14" width="32"><\/span> <span style="float: left ; min-height: 26px"><span class="col abilitycol">Limber \/ Technician \/ Unnerve<\/span><span class="col abilitycol"><\/span><\/span><\/li><li style="clear: both"><\/li><\/ul>
|raw|<ul class="utilichart"><li class="result"><span style="float: left ; min-height: 26px"><span class="col statcol"><em>HP<\/em><br>85<\/span> <span class="col statcol"><em>Atk<\/em><br>105<\/span> <span class="col statcol"><em>Def<\/em><br>70<\/span> <span class="col statcol"><em>SpA<\/em><br>95<\/span> <span class="col statcol"><em>SpD<\/em><br>70<\/span> <span class="col statcol"><em>Spe<\/em><br>120<\/span> <\/span><\/li><li style="clear: both"><\/li><\/ul>
|-hint|Carnelion was created by abismal!
|move|p1a: Wheat|Volt Switch|p2a: Risotto
|-damage|p2a: Risotto|256\/311
|l|+BlazingHero657
|
|t:|1652315970
|switch|p1a: Flavonoid|Bronzong|45\/100|[from]move: Volt Switch
|
|upkeep
|turn|30
|
|t:|1652315987
|move|p2a: Risotto|U-turn|p1a: Flavonoid
|-damage|p1a: Flavonoid|27\/100
|j|+BlazingHero657
|c|+BlazingHero657|so
|c|+BlazingHero657|what's this format
|
|t:|1652315997
|switch|p2a: Slushie|Magcargo, F|65\/323
|move|p1a: Flavonoid|Trick Room|p1a: Flavonoid
|-fieldstart|move: Trick Room|[of] p1a: Flavonoid
|
|upkeep
|turn|31
|c|☆inkbug1|its a format that exists 
|c|+Not mossy|Looks like it does
|c|☆inkbug1|and contains the pokemon magcargo 
|c|+abismal|its a very widely nown format you could say
|
|t:|1652316020
|move|p2a: Slushie|Recover|p2a: Slushie
|-heal|p2a: Slushie|227\/323
|move|p1a: Flavonoid|Heavy Slam|p2a: Slushie
|-damage|p2a: Slushie|136\/323
|
|upkeep
|turn|32
|c|+Not mossy|WOO MAGCARGO
|
|t:|1652316036
|switch|p1a: Mango|Noivern-Variant, M|91\/100
|-start|p1a: Mango|typechange|Fighting\/Dragon|[silent]
|move|p2a: Slushie|Overheat|p1a: Mango
|-resisted|p1a: Mango
|-damage|p1a: Mango|65\/100
|-unboost|p2a: Slushie|spa|2
|
|upkeep
|turn|33
|c|+time to chill|i think there's also likely going to be a new bacon, mossy x)
|
|t:|1652316050
|switch|p2a: Gamma|Gardevoir, M|278\/278
|-ability|p2a: Gamma|Levitate|[from] ability: Trace|[of] p1a: Mango
|move|p1a: Mango|U-turn|p2a: Gamma
|-damage|p2a: Gamma|204\/278
|-damage|p1a: Mango|55\/100|[from] item: Life Orb
|
|t:|1652316051
|switch|p1a: Flavonoid|Bronzong|27\/100|[from]move: U-turn
|
|upkeep
|turn|34
|c|+abismal|bacon?
|c|+Not mossy|YO YVELTAL
|c|+abismal|wha?
|c|☆H2OPulse|as you can see I am doing very well
|c|☆inkbug1|hm 
|
|t:|1652316077
|switch|p2a: Slushie|Magcargo, F|136\/323
|move|p1a: Flavonoid|Heavy Slam|p2a: Slushie
|-damage|p2a: Slushie|51\/323
|
|-fieldend|move: Trick Room
|upkeep
|turn|35
|c|+BlazingHero657|is this part of pmpl or is it just a popular match to watch?
|c|☆inkbug1|m
|c|+time to chill|just watching for fun
|c|+abismal|nah its totally pmpl
|c|☆inkbug1|this is not part of pmpl me and hematite r just celebrity gamers
|c|+Not mossy|I have to wait 20 more minutes for my pmpl game
|c|+abismal|these are our top players 2-2
|c|+abismal|stakes are high
|c|+Not mossy|I wanted to play at :30, but my opponent didn't accept the rfn
|c|+BlazingHero657|~~i guess i'll look at the format~~
|c|+abismal|yeah study up
|c|☆inkbug1|see you say 'i am doing very well' but i am in a hell of a situation 
|c|+BlazingHero657|there seem to be minisprites but not actual sprites for some mons?
|c|☆inkbug1|yes and? 
|c|☆inkbug1|who give a shit
|c|+BlazingHero657|just
|c|+BlazingHero657|something i noticed
|c|+Not mossy|Minisprites are more useful
|c|☆inkbug1|and easier
|c|+BlazingHero657|i see something called carnivenom?
|c|☆inkbug1|way less work for more benefit
|c|☆inkbug1|yes thats my son
|c|+BlazingHero657|is it a mod that gives things evos?
|c|+abismal|yes
|c|+time to chill|it's the new evo for carnnivine
|c|☆inkbug1|!dt carnivenom 
|raw|<div class="message"><ul class="utilichart"><li class="result"><span class="col numcol">Evo!<\/span> <span class="col iconcol"><psicon pokemon="carnivenom"\/><\/span> <span class="col pokemonnamecol" style="white-space:nowrap"><a href="https:\/\/dex.pokemonshowdown.com\/pokemon\/carnivenom" target="_blank">Carnivenom<\/a><\/span> <span class="col typecol"><img src="https:\/\/dragonheaven.herokuapp.com\/sprites\/types\/Grass.png" alt="Grass" height="14" width="32"><img src="https:\/\/dragonheaven.herokuapp.com\/sprites\/types\/Poison.png" alt="Poison" height="14" width="32"><\/span> <span style="float:left;min-height:26px"><span class="col abilitycol">Levitate<\/span><span class="col abilitycol"><\/span><\/span><span style="float:left;min-height:26px"><span class="col statcol"><em>HP<\/em><br \/>94<\/span> <span class="col statcol"><em>Atk<\/em><br \/>105<\/span> <span class="col statcol"><em>Def<\/em><br \/>82<\/span> <span class="col statcol"><em>SpA<\/em><br \/>100<\/span> <span class="col statcol"><em>SpD<\/em><br \/>102<\/span> <span class="col statcol"><em>Spe<\/em><br \/>51<\/span> <span class="col bstcol"><em>BST<br \/>534<\/em><\/span> <\/span><\/li><li style="clear:both"><\/li><\/ul><\/div>
|raw|<font size="1"><font color="#686868">Dex#:<\/font> -455&nbsp;|&ThickSpace;<font color="#686868">Gen:<\/font> 0&nbsp;|&ThickSpace;<font color="#686868">Height:<\/font> 1.4 m&nbsp;|&ThickSpace;<font color="#686868">Weight:<\/font> 27 kg <em>(60 BP)<\/em>&nbsp;|&ThickSpace;<font color="#686868">Dex Colour:<\/font> Green&nbsp;|&ThickSpace;<font color="#686868">Egg Group(s):<\/font> Grass&nbsp;|&ThickSpace;<font color="#686868">Does Not Evolve<\/font><\/font>

|l|+Not mossy
|
|t:|1652316227
|move|p1a: Flavonoid|Heavy Slam|p2a: Slushie
|-damage|p2a: Slushie|0 fnt
|-status|p1a: Flavonoid|brn|[from] ability: Flame Body|[of] p2a: Slushie
|faint|p2a: Slushie
|
|-damage|p1a: Flavonoid|21\/100 brn|[from] brn
|upkeep
|c|☆inkbug1|oh thank fucking god
|c|☆H2OPulse|Skdjfjfkgk
|c|+time to chill|mod can provide new evos, regional forms, etc.
|
|t:|1652316242
|switch|p2a: Spyke|Scrafiti, M|39\/343
|-start|p2a: Spyke|typechange|Dark\/Fighting|[silent]
|turn|36
|c|+BlazingHero657|~~actually would have liked to see more minisprites, helps me know what i'm looking at~~
|c|☆H2OPulse|Was bound to happen eventually--
|c|☆inkbug1|well u are not in a position to make requests 
|c|☆inkbug1|but it is something we r working on when its fun
|
|t:|1652316268
|move|p2a: Spyke|Drain Punch|p1a: Flavonoid
|-damage|p1a: Flavonoid|0 fnt
|-heal|p2a: Spyke|74\/343|[from] drain|[of] p1a: Flavonoid
|faint|p1a: Flavonoid
|
|upkeep
|c|+BlazingHero657|why do you feel so hostile about this
|
|t:|1652316301
|switch|p1a: Senecio|Milotic, M|100\/100
|-damage|p1a: Senecio|88\/100|[from] Spikes
|turn|37
|j|+Not mossy
|c|☆inkbug1|well im hostile whenever someone implies intentionally or unintentionally that someone needs to do artwork for something they arent being paid for out of some kind of obligation but thats more of a personal beef 
|
|t:|1652316371
|move|p2a: Spyke|Copycat|p2a: Spyke
|move|p2a: Spyke|Drain Punch|p1a: Senecio|[from]move: Copycat
|-damage|p1a: Senecio|62\/100
|-heal|p2a: Spyke|125\/343|[from] drain|[of] p1a: Senecio
|move|p1a: Senecio|Scald|p2a: Spyke
|-damage|p2a: Spyke|41\/343
|
|-heal|p1a: Senecio|68\/100|[from] item: Leftovers
|upkeep
|turn|38
|
|t:|1652316383
|switch|p2a: Prism|Pollugonal, F|198\/383 brn
|-start|p2a: Prism|typechange|Ice\/Poison|[silent]
|move|p1a: Senecio|Scald|p2a: Prism
|-damage|p2a: Prism|129\/383 brn
|
|-heal|p1a: Senecio|74\/100|[from] item: Leftovers
|-damage|p2a: Prism|106\/383 brn|[from] brn
|upkeep
|turn|39
|
|t:|1652316391
|move|p2a: Prism|Recover|p2a: Prism
|-heal|p2a: Prism|298\/383 brn
|move|p1a: Senecio|Scald|p2a: Prism
|-crit|p2a: Prism
|-damage|p2a: Prism|199\/383 brn
|
|-heal|p1a: Senecio|80\/100|[from] item: Leftovers
|-damage|p2a: Prism|176\/383 brn|[from] brn
|upkeep
|turn|40
|c|+BlazingHero657|well, you were like that when i brought up the minisprites too
|c|☆inkbug1|yeah thats what i meant 
|
|t:|1652316423
|move|p2a: Prism|Recover|p2a: Prism
|-heal|p2a: Prism|368\/383 brn
|move|p1a: Senecio|Scald|p2a: Prism
|-damage|p2a: Prism|296\/383 brn
|
|-heal|p1a: Senecio|87\/100|[from] item: Leftovers
|-damage|p2a: Prism|273\/383 brn|[from] brn
|upkeep
|turn|41
|
|t:|1652316440
|move|p2a: Prism|Spikes|p1a: Senecio
|-sidestart|p1: H2OPulse|Spikes
|move|p1a: Senecio|Scald|p2a: Prism
|-damage|p2a: Prism|200\/383 brn
|
|-heal|p1a: Senecio|93\/100|[from] item: Leftovers
|-damage|p2a: Prism|177\/383 brn|[from] brn
|upkeep
|turn|42
|
|t:|1652316453
|move|p2a: Prism|Recover|p2a: Prism
|-heal|p2a: Prism|369\/383 brn
|move|p1a: Senecio|Scald|p2a: Prism
|-damage|p2a: Prism|293\/383 brn
|
|-heal|p1a: Senecio|99\/100|[from] item: Leftovers
|-damage|p2a: Prism|270\/383 brn|[from] brn
|upkeep
|turn|43
|
|t:|1652316461
|move|p2a: Prism|Freeze-Dry|p1a: Senecio
|-supereffective|p1a: Senecio
|-damage|p1a: Senecio|63\/100
|move|p1a: Senecio|Scald|p2a: Prism
|-damage|p2a: Prism|200\/383 brn
|
|-heal|p1a: Senecio|69\/100|[from] item: Leftovers
|-damage|p2a: Prism|177\/383 brn|[from] brn
|upkeep
|turn|44
|
|t:|1652316470
|move|p2a: Prism|Recover|p2a: Prism
|-heal|p2a: Prism|369\/383 brn
|move|p1a: Senecio|Scald|p2a: Prism
|-damage|p2a: Prism|293\/383 brn
|
|-heal|p1a: Senecio|75\/100|[from] item: Leftovers
|-damage|p2a: Prism|270\/383 brn|[from] brn
|upkeep
|turn|45
|c|+BlazingHero657|maybe it's just the event of today leaving me unable to properly let that go, but i'm trying not to be annoyed 
|
|t:|1652316489
|switch|p2a: Cedric|Lediluck, M|97\/334
|-start|p2a: Cedric|typechange|Bug\/Flying|[silent]
|move|p1a: Senecio|Mirror Coat||[still]
|-fail|p1a: Senecio
|
|-heal|p1a: Senecio|81\/100|[from] item: Leftovers
|upkeep
|turn|46
|c|☆inkbug1|NAILED IT 
|c|☆H2OPulse|Oof,,
|c|☆inkbug1|sorry this benefitsd me not at all i think kjashdkajshd
|
|t:|1652316508
|move|p2a: Cedric|Light Screen|p2a: Cedric
|-sidestart|p2: inkbug1|move: Light Screen
|move|p1a: Senecio|Ice Beam|p2a: Cedric
|-supereffective|p2a: Cedric
|-damage|p2a: Cedric|41\/334
|
|-heal|p1a: Senecio|88\/100|[from] item: Leftovers
|upkeep
|turn|47
|
|t:|1652316514
|move|p2a: Cedric|Thunder Punch|p1a: Senecio
|-supereffective|p1a: Senecio
|-crit|p1a: Senecio
|-damage|p1a: Senecio|52\/100
|move|p1a: Senecio|Ice Beam|p2a: Cedric
|-supereffective|p2a: Cedric
|-damage|p2a: Cedric|0 fnt
|faint|p2a: Cedric
|
|-heal|p1a: Senecio|58\/100|[from] item: Leftovers
|upkeep
|c|+time to chill|god, that milotic is so bulky
|c|☆H2OPulse|Ahshdjfk fa ir
|c|☆inkbug1|that is working a bit better but he does need recovery 
|c|+abismal|milotic do be bulky
|c|+BlazingHero657|what is coilrig
|c|+abismal|sandaconda
|
|t:|1652316551
|switch|p2a: Risotto|Carnelion, M|256\/311
|-start|p2a: Risotto|typechange|Normal\/Rock|[silent]
|turn|48
|
|t:|1652316561
|switch|p1a: Mango|Noivern-Variant, M|55\/100
|-start|p1a: Mango|typechange|Fighting\/Dragon|[silent]
|move|p2a: Risotto|Fake Out|p1a: Mango
|-enditem|p2a: Risotto|Normal Gem|[from] gem
|-damage|p1a: Mango|11\/100
|
|upkeep
|turn|49
|c|+BlazingHero657|so sandaconda can use eviolite now?
|
|t:|1652316570
|switch|p2a: Gamma|Gardevoir, M|204\/278
|-ability|p2a: Gamma|Levitate|[from] ability: Trace|[of] p1a: Mango
|move|p1a: Mango|Roost|p1a: Mango
|-heal|p1a: Mango|62\/100
|-singleturn|p1a: Mango|move: Roost
|
|upkeep
|turn|50
|c|+time to chill|yes
|
|t:|1652316583
|move|p1a: Mango|U-turn|p2a: Gamma
|-damage|p2a: Gamma|135\/278
|-damage|p1a: Mango|52\/100|[from] item: Life Orb
|c|+time to chill|same for gourgeist and scrafty
|
|t:|1652316592
|switch|p1a: Foxfire|Shiinotic-Kalos, F|49\/100|[from]move: U-turn
|-start|p1a: Foxfire|typechange|Poison\/Fairy|[silent]
|-damage|p1a: Foxfire|33\/100|[from] Spikes
|move|p2a: Gamma|Psyshock|p1a: Foxfire
|-supereffective|p1a: Foxfire
|-damage|p1a: Foxfire|0 fnt
|faint|p1a: Foxfire
|
|-sideend|p2: inkbug1|move: Light Screen
|upkeep
|
|t:|1652316597
|switch|p1a: Senecio|Milotic, M|58\/100
|-damage|p1a: Senecio|42\/100|[from] Spikes
|turn|51
|c|+abismal|and golduck, and electrode, and many more
|c|+Not mossy|and buizel
|c|+BlazingHero657|ooh, gourgeist?
|c|+time to chill|yes
|
|t:|1652316615
|move|p2a: Gamma|Psyshock|p1a: Senecio
|-damage|p1a: Senecio|13\/100
|move|p1a: Senecio|Recover|p1a: Senecio
|-heal|p1a: Senecio|63\/100
|
|-heal|p1a: Senecio|70\/100|[from] item: Leftovers
|upkeep
|turn|52
|l|+Not mossy
|
|t:|1652316631
|move|p2a: Gamma|Draining Kiss|p1a: Senecio
|-damage|p1a: Senecio|49\/100
|-heal|p2a: Gamma|194\/278|[from] drain|[of] p1a: Senecio
|move|p1a: Senecio|Scald|p2a: Gamma
|-damage|p2a: Gamma|112\/278
|-status|p2a: Gamma|brn
|
|-heal|p1a: Senecio|56\/100|[from] item: Leftovers
|-damage|p2a: Gamma|95\/278 brn|[from] brn
|upkeep
|turn|53
|c|+time to chill|draining kiss, heat
|j|+Not mossy
|
|t:|1652316643
|move|p2a: Gamma|Draining Kiss|p1a: Senecio
|-damage|p1a: Senecio|37\/100
|-heal|p2a: Gamma|149\/278 brn|[from] drain|[of] p1a: Senecio
|move|p1a: Senecio|Recover|p1a: Senecio
|-heal|p1a: Senecio|87\/100
|
|-heal|p1a: Senecio|93\/100|[from] item: Leftovers
|-damage|p2a: Gamma|132\/278 brn|[from] brn
|upkeep
|turn|54
|c|+abismal|gardevoir has the potential to get recover next gen 
|c|☆inkbug1|so you can take advantage of triage if you trace it
|c|+BlazingHero657|ok, what is Balleringue?
|j| eqjfiwjiiwjfjwiqe
|c|+abismal|wormad
|c|☆inkbug1|wormadam trash 2 
|c|+time to chill|evo of wormadam
|c|+Not mossy|Idt recover would help garde that much
|c|+BlazingHero657|k
|c|+abismal|life orb sets
|c|+time to chill|pretty terrifying mon
|c|+BlazingHero657|i can kinda tell what the evos are most of the time based on the names
|c|+abismal|recover is still a good move
|c|+Not mossy|It is bulkier than zam, but at the end of the day, it's always gonna be worse than zam offensively
|c|+BlazingHero657|whoever did them did a good job withn it
|c|+abismal|i bet you wont find out what our most obscure ones are
|
|t:|1652316712
|switch|p2a: Prism|Pollugonal, F|270\/383 brn
|-start|p2a: Prism|typechange|Ice\/Poison|[silent]
|move|p1a: Senecio|Mirror Coat||[still]
|-fail|p1a: Senecio
|
|-heal|p1a: Senecio|99\/100|[from] item: Leftovers
|-damage|p2a: Prism|247\/383 brn|[from] brn
|upkeep
|turn|55
|c|+time to chill|magmajudis came up with Ballerinque
|
|t:|1652316721
|move|p2a: Prism|Spikes|p1a: Senecio
|-sidestart|p1: H2OPulse|Spikes
|move|p1a: Senecio|Scald|p2a: Prism
|-damage|p2a: Prism|172\/383 brn
|
|-heal|p1a: Senecio|100\/100|[from] item: Leftovers
|-damage|p2a: Prism|149\/383 brn|[from] brn
|upkeep
|turn|56
|c|☆inkbug1|https:\/\/media.discordapp.net\/attachments\/917248174421332038\/973856252310458368\/unknown.png?width=795&height=463
|
|t:|1652316752
|move|p2a: Prism|Recover|p2a: Prism
|-heal|p2a: Prism|341\/383 brn
|move|p1a: Senecio|Scald|p2a: Prism
|-damage|p2a: Prism|265\/383 brn
|
|-damage|p2a: Prism|242\/383 brn|[from] brn
|upkeep
|turn|57
|c|+abismal|fun fact
|
|t:|1652316766
|move|p2a: Prism|Rapid Spin|p1a: Senecio
|-damage|p1a: Senecio|99\/100
|-boost|p2a: Prism|spe|1
|move|p1a: Senecio|Mirror Coat||[still]
|-fail|p1a: Senecio
|
|-heal|p1a: Senecio|100\/100|[from] item: Leftovers
|-damage|p2a: Prism|219\/383 brn|[from] brn
|upkeep
|turn|58
|c|+BlazingHero657|why does bafflack have nonexistent physical bulk
|c|+Not mossy|baffling
|c|+time to chill|that was the theme of the slate x)
|c|☆inkbug1|bc that was the theme of the set yeah 
|c|+time to chill|Pkm with comically low defense
|c|☆inkbug1|there are a bunch of pkmn like that
|c|+BlazingHero657|ooook.
|c|+abismal|like Nown
|
|t:|1652316808
|move|p2a: Prism|Rapid Spin|p1a: Senecio
|-damage|p1a: Senecio|99\/100
|-boost|p2a: Prism|spe|1
|move|p1a: Senecio|Mirror Coat||[still]
|-fail|p1a: Senecio
|
|-heal|p1a: Senecio|100\/100|[from] item: Leftovers
|-damage|p2a: Prism|196\/383 brn|[from] brn
|upkeep
|turn|59
|c|☆H2OPulse|I don't think Nown was from that set
|c|+time to chill|or Bombastic
|c|+abismal|yes it was
|c|+abismal|or
|c|+BlazingHero657|is dolorak Ariados?
|c|+time to chill|yes
|c|☆inkbug1|yes
|c|+time to chill|evo
|c|+abismal|it was from a defense lowering slate
|c|+abismal|or something
|c|☆H2OPulse|Ohh right huh
|c|☆inkbug1|there was "lower both defenses" and "spdef must be x amount higher than def" they were different
|c|+abismal|nown was from -20 defense and spd
|
|t:|1652316877
|move|p2a: Prism|Freeze-Dry|p1a: Senecio
|-supereffective|p1a: Senecio
|-damage|p1a: Senecio|63\/100
|move|p1a: Senecio|Mirror Coat|p2a: Prism
|-damage|p2a: Prism|0 fnt
|faint|p2a: Prism
|
|-heal|p1a: Senecio|70\/100|[from] item: Leftovers
|upkeep
|c|+BlazingHero657|stats still look rather underwhelming
|c|+abismal|slate 2
|c|☆H2OPulse|Ah! Yeah it was you're right
|c|☆inkbug1|fuck ui 
|
|t:|1652316885
|switch|p2a: Risotto|Carnelion, M|256\/311
|-start|p2a: Risotto|typechange|Normal\/Rock|[silent]
|turn|60
|c|☆H2OPulse|: D
|c|+abismal|every pokemon here looks underwhelming because its basically RU
|
|t:|1652316894
|move|p2a: Risotto|Fake Out|p1a: Senecio
|-damage|p1a: Senecio|49\/100
|cant|p1a: Senecio|flinch
|
|-heal|p1a: Senecio|55\/100|[from] item: Leftovers
|upkeep
|turn|61
|c|+abismal|meta is low powered
|c|+time to chill|Dolorak was made more with VGC in mind,, if you were wondering
|c|+BlazingHero657|hm
|c|+Not mossy|Free lando-t
|c|+BlazingHero657|carnelion... persion?
|c|☆inkbug1|dolorak is good 
|c|+abismal|yes
|c|☆inkbug1|its very disruptive i like it a lot
|c|+BlazingHero657|i can't recognize curski. is it new?
|c|+abismal|yes
|c|+Not mossy|klefki
|c|+Not mossy|But bad
|c|+time to chill|alternate form of spiritomb, iirc
|c|+abismal|its not even comparable to klefki
|c|☆H2OPulse|Curski is Spiritomb without the extra souls
|c|☆H2OPulse|It's just a grumpy rock
|c|☆inkbug1|its spiritomb but its just the rock
|c|☆H2OPulse|and we love it
|c|+abismal|now we need spiritomb but without the rock
|c|+BlazingHero657|Endurow, nice 
|c|+Not mossy|We need klefki without the keys
|
|t:|1652316969
|move|p2a: Risotto|Covet|p1a: Senecio
|-damage|p1a: Senecio|23\/100
|-item|p2a: Risotto|Leftovers|[from] move: Covet|[of] p1a: Senecio
|move|p1a: Senecio|Recover|p1a: Senecio
|-heal|p1a: Senecio|73\/100
|
|-heal|p2a: Risotto|275\/311|[from] item: Leftovers
|upkeep
|turn|62
|c|+abismal|rotom without the electricity
|
|t:|1652316978
|move|p2a: Risotto|U-turn|p1a: Senecio
|-damage|p1a: Senecio|58\/100
|c|+abismal|ah yes my favorite pokemon
|
|t:|1652316983
|switch|p2a: Gamma|Gardevoir, M|132\/278 brn
|-ability|p2a: Gamma|Competitive|[from] ability: Trace|[of] p1a: Senecio
|move|p1a: Senecio|Scald|p2a: Gamma
|-damage|p2a: Gamma|51\/278 brn
|
|-damage|p2a: Gamma|34\/278 brn|[from] brn
|upkeep
|turn|63
|c|+abismal|oven 
|j|+ZCopen
|
|t:|1652316995
|move|p2a: Gamma|Healing Wish|p2a: Gamma
|faint|p2a: Gamma
|move|p1a: Senecio|Mirror Coat|p2: Gamma|[notarget]
|-fail|p1a: Senecio
|
|upkeep
|
|t:|1652316999
|switch|p2a: Spyke|Scrafiti, M|41\/343
|-heal|p2a: Spyke|343\/343|[from] move: Healing Wish
|-start|p2a: Spyke|typechange|Dark\/Fighting|[silent]
|turn|64
|c|☆H2OPulse|Oh fear
|
|t:|1652317005
|move|p1a: Senecio|Scald|p2a: Spyke
|-damage|p2a: Spyke|262\/343
|move|p2a: Spyke|Drain Punch|p1a: Senecio
|-damage|p1a: Senecio|32\/100
|-heal|p2a: Spyke|314\/343|[from] drain|[of] p1a: Senecio
|
|upkeep
|turn|65
|c|+BlazingHero657|ooh, farmunk. is that Greedent?
|c|+abismal|yes
|c|+ZCopen|the fuck is this
|c|+abismal|RU
|
|t:|1652317012
|move|p2a: Spyke|Copycat|p2a: Spyke
|move|p2a: Spyke|Drain Punch|p1a: Senecio|[from]move: Copycat
|-damage|p1a: Senecio|3\/100
|-heal|p2a: Spyke|343\/343|[from] drain|[of] p1a: Senecio
|move|p1a: Senecio|Recover|p1a: Senecio
|-heal|p1a: Senecio|53\/100
|
|upkeep
|turn|66
|c|+BlazingHero657|neat
|c|+abismal|its RU
|c|+abismal|trust me
|c|+time to chill|yes
|
|t:|1652317024
|move|p1a: Senecio|Recover|p1a: Senecio
|-heal|p1a: Senecio|100\/100
|move|p2a: Spyke|Drain Punch|p1a: Senecio
|-damage|p1a: Senecio|72\/100
|
|upkeep
|turn|67
|c|+BlazingHero657|why grass type though?
|c|+Not mossy|y not
|c|+abismal|jazz wanted it to be
|
|t:|1652317048
|move|p2a: Spyke|Copycat|p2a: Spyke
|move|p2a: Spyke|Drain Punch|p1a: Senecio|[from]move: Copycat
|-damage|p1a: Senecio|46\/100
|move|p1a: Senecio|Scald|p2a: Spyke
|-damage|p2a: Spyke|267\/343
|
|upkeep
|turn|68
|c|+abismal|plus its got berries in its tail
|c|+abismal|i assumed that from her custom move description
|c|+abismal|and because greedent does that
|c|+BlazingHero657|custom move-
|c|+BlazingHero657|what
|
|t:|1652317065
|move|p1a: Senecio|Recover|p1a: Senecio
|-heal|p1a: Senecio|96\/100
|move|p2a: Spyke|Drain Punch|p1a: Senecio
|-damage|p1a: Senecio|69\/100
|-heal|p2a: Spyke|321\/343|[from] drain|[of] p1a: Senecio
|
|upkeep
|turn|69
|c|+abismal|well it was a hypothetical move
|
|t:|1652317077
|move|p2a: Spyke|Copycat|p2a: Spyke
|move|p2a: Spyke|Drain Punch|p1a: Senecio|[from]move: Copycat
|-crit|p1a: Senecio
|-damage|p1a: Senecio|27\/100
|-heal|p2a: Spyke|343\/343|[from] drain|[of] p1a: Senecio
|move|p1a: Senecio|Scald|p2a: Spyke
|-damage|p2a: Spyke|259\/343
|
|upkeep
|turn|70
|c|+BlazingHero657|are there custom moves in general?
|c|☆inkbug1|aaaaaaaaaaaaaaaaaaaaaaaaaaaaaaaaaaaaaaaaaaaa
|c|+abismal|no
|c|☆H2OPulse|Most Pokémon in this format don't have customs, but we talked about them once for fun ow fair that's bad
|c|+time to chill|yes
|
|t:|1652317094
|move|p1a: Senecio|Recover|p1a: Senecio
|-heal|p1a: Senecio|77\/100
|move|p2a: Spyke|Drain Punch|p1a: Senecio
|-damage|p1a: Senecio|49\/100
|-heal|p2a: Spyke|315\/343|[from] drain|[of] p1a: Senecio
|
|upkeep
|turn|71
|c|+time to chill|plaque fangs
|c|+abismal|oh
|c|+abismal|wait thats illegal
|c|+time to chill|its raticate's evo sig move
|
|t:|1652317106
|move|p2a: Spyke|Copycat|p2a: Spyke
|move|p2a: Spyke|Drain Punch|p1a: Senecio|[from]move: Copycat
|-damage|p1a: Senecio|24\/100
|-heal|p2a: Spyke|343\/343|[from] drain|[of] p1a: Senecio
|move|p1a: Senecio|Recover|p1a: Senecio
|-heal|p1a: Senecio|74\/100
|
|upkeep
|turn|72
|c|+BlazingHero657|better toxic fang?
|c|☆H2OPulse|Unrelated
|c|☆inkbug1|!dt plaque fang
|raw|<ul class="utilichart"><li class="result"><span class="col movenamecol"><a href="https:\/\/dex.pokemonshowdown.com\/moves\/plaquefang">Plaque Fang<\/a><\/span> <span class="col typecol"><img src="\/\/dragonheaven.herokuapp.com\/sprites\/types\/Poison.png" alt="Poison" width="32" height="14"><img src="\/\/dragonheaven.herokuapp.com\/sprites\/categories\/Physical.png" alt="Physical" width="32" height="14"><\/span> <span class="col labelcol"><em>Power<\/em><br>80<\/span> <span class="col widelabelcol"><em>Accuracy<\/em><br>100%<\/span> <span class="col pplabelcol"><em>PP<\/em><br>16<\/span> <span class="col movedesccol">Poisons the target if the user is statused.<\/span> <\/li><li style="clear:both"><\/li><\/ul>
|raw|<font size="1"><font color="#686868">Priority:<\/font> 0&nbsp;|&ThickSpace;<font color="#686868">Gen:<\/font> 0&nbsp;|&ThickSpace;&#10003; Secondary effect&nbsp;|&ThickSpace;&#10003; Contact&nbsp;|&ThickSpace;<font color="#686868">Z-Power:<\/font> 160&nbsp;|&ThickSpace;<font color="#686868">Dynamax Power:<\/font> 90&nbsp;|&ThickSpace;<font color="#686868">Target:<\/font> One Adjacent Pokémon<\/font>

|
|t:|1652317128
|move|p1a: Senecio|Scald|p2a: Spyke
|-damage|p2a: Spyke|259\/343
|move|p2a: Spyke|Drain Punch|p1a: Senecio
|-damage|p1a: Senecio|46\/100
|-heal|p2a: Spyke|314\/343|[from] drain|[of] p1a: Senecio
|
|upkeep
|turn|73
|c|+BlazingHero657|oh, so it's guts synergy?
|c|+analysis geek|for guts sets
|
|t:|1652317136
|move|p1a: Senecio|Recover|p1a: Senecio
|-heal|p1a: Senecio|96\/100
|move|p2a: Spyke|Drain Punch|p1a: Senecio
|-damage|p1a: Senecio|69\/100
|-heal|p2a: Spyke|343\/343|[from] drain|[of] p1a: Senecio
|
|upkeep
|turn|74
|c|+time to chill|yes
|c|+analysis geek|yeah
|
|t:|1652317144
|move|p1a: Senecio|Scald|p2a: Spyke
|-damage|p2a: Spyke|265\/343
|move|p2a: Spyke|Drain Punch|p1a: Senecio
|-damage|p1a: Senecio|43\/100
|-heal|p2a: Spyke|315\/343|[from] drain|[of] p1a: Senecio
|
|upkeep
|turn|75
|c|+BlazingHero657|what type is it? UI is messed up
|c|+Not mossy|Is there a wisp+hex mon
|c|+time to chill|normal\/poison
|c|☆H2OPulse|This guy either burns every time or not at all there's no in-between
|c|☆H2OPulse|It's very funny
|c|+abismal|singles players when their battle lasts 156 turns
|
|t:|1652317158
|move|p2a: Spyke|Copycat|p2a: Spyke
|move|p2a: Spyke|Drain Punch|p1a: Senecio|[from]move: Copycat
|-damage|p1a: Senecio|14\/100
|-heal|p2a: Spyke|343\/343|[from] drain|[of] p1a: Senecio
|move|p1a: Senecio|Recover|p1a: Senecio
|-heal|p1a: Senecio|64\/100
|
|upkeep
|turn|76
|c|+BlazingHero657|both types at once?
|c|☆inkbug1|PLEASE DIE
|c|☆H2OPulse|Sorry,,
|c|+time to chill|i think kadabra evo, let me check
|c|☆inkbug1|theres a toxic corrosion hex mon 
|c|☆inkbug1|that can wisp if it wants
|c|+BlazingHero657|i was talking more about the move itself
|c|+Not mossy|Wisphex is so much fun
|c|☆inkbug1|its poison
|c|+time to chill|mismagius evo
|c|+Not mossy|Check out stypes spirox
|c|☆inkbug1|he move
|c|☆inkbug1|is poiosn
|c|+Not mossy|Greatest mon of all time
|c|+time to chill|dusglow
|c|+BlazingHero657|what is freedling
|c|+abismal|trevenant without the soul
|c|+time to chill|alternatee form of trevenant
|c|☆inkbug1|trevenant but it got un-haunted
|c|+BlazingHero657|huh.
|
|t:|1652317223
|move|p1a: Senecio|Scald|p2a: Spyke
|-damage|p2a: Spyke|264\/343
|-status|p2a: Spyke|brn
|move|p2a: Spyke|Drain Punch|p1a: Senecio
|-damage|p1a: Senecio|51\/100
|-heal|p2a: Spyke|291\/343 brn|[from] drain|[of] p1a: Senecio
|
|-damage|p2a: Spyke|270\/343 brn|[from] brn
|upkeep
|turn|77
|c|☆inkbug1|AAAAAAAAAAAAAAAAAAAAAAAAA
|c|+BlazingHero657|why does it have gooey
|c|+BlazingHero657|also that's
|c|☆inkbug1|bc its a rotting tree
|c|☆H2OPulse|Sap probably
|c|+abismal|you ever watch ghost busters 
|c|+BlazingHero657|unfortunate
|c|+abismal|and the ghost leaves
|c|+abismal|and theres ectoplasm left behind
|
|t:|1652317250
|move|p1a: Senecio|Recover|p1a: Senecio
|-heal|p1a: Senecio|100\/100
|move|p2a: Spyke|Fire Punch|p1a: Senecio
|-resisted|p1a: Senecio
|-crit|p1a: Senecio
|-damage|p1a: Senecio|94\/100
|
|-damage|p2a: Spyke|249\/343 brn|[from] brn
|upkeep
|turn|78
|
|t:|1652317258
|move|p1a: Senecio|Scald|p2a: Spyke
|-damage|p2a: Spyke|161\/343 brn
|move|p2a: Spyke|Fire Punch|p1a: Senecio
|-resisted|p1a: Senecio
|-damage|p1a: Senecio|89\/100
|
|-damage|p2a: Spyke|140\/343 brn|[from] brn
|upkeep
|turn|79
|
|t:|1652317265
|move|p1a: Senecio|Ice Beam|p2a: Spyke
|-damage|p2a: Spyke|84\/343 brn
|move|p2a: Spyke|Drain Punch|p1a: Senecio
|-damage|p1a: Senecio|75\/100
|-heal|p2a: Spyke|112\/343 brn|[from] drain|[of] p1a: Senecio
|
|-damage|p2a: Spyke|91\/343 brn|[from] brn
|upkeep
|turn|80
|c|+BlazingHero657|so there isn't one for  every mon, right?
|c|☆inkbug1|oh god no
|c|☆H2OPulse|Skdhjfkfkg
|c|+time to chill|nope
|
|t:|1652317275
|move|p2a: Spyke|Copycat|p2a: Spyke
|move|p2a: Spyke|Drain Punch|p1a: Senecio|[from]move: Copycat
|-damage|p1a: Senecio|61\/100
|-heal|p2a: Spyke|119\/343 brn|[from] drain|[of] p1a: Senecio
|move|p1a: Senecio|Ice Beam|p2a: Spyke
|-damage|p2a: Spyke|62\/343 brn
|
|-damage|p2a: Spyke|41\/343 brn|[from] brn
|upkeep
|turn|81
|c|+abismal|evolutions for all
|c|+BlazingHero657|regional goodra, aaaaaaa
|c|+time to chill|x)
|
|t:|1652317284
|move|p2a: Spyke|Copycat|p2a: Spyke
|move|p2a: Spyke|Ice Beam|p1a: Senecio|[from]move: Copycat
|-resisted|p1a: Senecio
|-crit|p1a: Senecio
|-damage|p1a: Senecio|54\/100
|-status|p1a: Senecio|frz
|cant|p1a: Senecio|frz
|
|-damage|p2a: Spyke|20\/343 brn|[from] brn
|upkeep
|turn|82
|c|+ZCopen|L
|c|+Not mossy|actually got it
|c|☆inkbug1|NO.
|c|+Not mossy|but
|c|+time to chill|wow, heat
|c|+abismal|who asked for +20 turns?
|c|☆inkbug1|THAT WAS A MISCLICK
|c|+abismal|L
|c|+Not mossy|I mean
|c|+BlazingHero657|that's fine
|c|+time to chill|x)
|c|+ZCopen|nah own the it
|c|☆H2OPulse|Pfffffff
|
|t:|1652317307
|switch|p2a: Risotto|Carnelion, M|275\/311
|-start|p2a: Risotto|typechange|Normal\/Rock|[silent]
|cant|p1a: Senecio|frz
|
|-heal|p2a: Risotto|294\/311|[from] item: Leftovers
|upkeep
|turn|83
|c|+Not mossy|it shouldn't matter
|c|+BlazingHero657|^
|c|☆H2OPulse|I'm fine with this I have Scald anyway
|c|☆inkbug1|right yeah 
|c|☆H2OPulse|I was just waiting to use it until Risotto came in because I had low PP haha
|c|☆H2OPulse|and Scrafiti was just gonna faint
|
|t:|1652317341
|move|p2a: Risotto|Fake Out|p1a: Senecio
|-damage|p1a: Senecio|33\/100 frz
|cant|p1a: Senecio|flinch
|
|-heal|p2a: Risotto|311\/311|[from] item: Leftovers
|upkeep
|turn|84
|
|t:|1652317347
|move|p2a: Risotto|Covet|p1a: Senecio
|-damage|p1a: Senecio|6\/100 frz
|-curestatus|p1a: Senecio|frz|[from] move: Scald
|move|p1a: Senecio|Scald|p2a: Risotto
|-supereffective|p2a: Risotto
|-damage|p2a: Risotto|39\/311
|-status|p2a: Risotto|brn
|
|-heal|p2a: Risotto|58\/311 brn|[from] item: Leftovers
|-damage|p2a: Risotto|39\/311 brn|[from] brn
|upkeep
|turn|85
|c|+BlazingHero657|you guys still didn't give it recovery?
|
|t:|1652317358
|move|p2a: Risotto|Covet|p1a: Senecio
|-crit|p1a: Senecio
|-damage|p1a: Senecio|0 fnt
|faint|p1a: Senecio
|
|-heal|p2a: Risotto|58\/311 brn|[from] item: Leftovers
|-damage|p2a: Risotto|39\/311 brn|[from] brn
|upkeep
|c|+abismal|who?
|c|+abismal|goodra?
|c|☆H2OPulse|Why would we? O:
|c|+BlazingHero657|ell
|c|+BlazingHero657|actually
|c|☆inkbug1|pain split
|
|t:|1652317369
|switch|p1a: Mango|Noivern-Variant, M|52\/100
|-start|p1a: Mango|typechange|Fighting\/Dragon|[silent]
|turn|86
|c|☆inkbug1|is the gimmick of that one
|
|t:|1652317372
|switch|p2a: Spyke|Scrafiti, M|20\/343 brn
|-start|p2a: Spyke|typechange|Dark\/Fighting|[silent]
|move|p1a: Mango|Roost|p1a: Mango
|-heal|p1a: Mango|100\/100
|-singleturn|p1a: Mango|move: Roost
|
|-damage|p2a: Spyke|0 fnt|[from] brn
|faint|p2a: Spyke
|upkeep
|c|+BlazingHero657|pain split, yeah
|
|t:|1652317379
|switch|p2a: Risotto|Carnelion, M|39\/311 brn
|-start|p2a: Risotto|typechange|Normal\/Rock|[silent]
|turn|87
|c|+BlazingHero657|hm
|c|☆inkbug1|this sux so much
|c|☆inkbug1|gg
|
|t:|1652317385
|move|p2a: Risotto|Fake Out|p1a: Mango
|-damage|p1a: Mango|82\/100
|cant|p1a: Mango|flinch
|
|-heal|p2a: Risotto|58\/311 brn|[from] item: Leftovers
|-damage|p2a: Risotto|39\/311 brn|[from] brn
|upkeep
|turn|88
|c|+BlazingHero657|ice means it wants boots
|c|+BlazingHero657|but
|c|☆H2OPulse|Good game!!
|c|+BlazingHero657|stamina
|c|+Not mossy|normal gem covet is a cool tech
|c|☆H2OPulse|Boots are for cowards anyway
|c|+Not mossy|didn't notice it until now
|j| DuckeryDoodle
|c|☆inkbug1|not if you want to pain split your rocks damage onto the opp
|l| DuckeryDoodle
|c|+BlazingHero657|interesting
|c|☆H2OPulse|YEAH this Carnelion set is awesome
|c|+abismal|i call dibs on fighting hematite next
|
|t:|1652317423
|move|p1a: Mango|Vacuum Wave|p2a: Risotto
|-supereffective|p2a: Risotto
|-damage|p2a: Risotto|0 fnt
|-damage|p1a: Mango|72\/100|[from] item: Life Orb
|faint|p2a: Risotto
|
|win|H2OPulse
|c|☆inkbug1|ok i have dinner pls click the move
|c|☆inkbug1|ty gg
|l|+Not mossy
|c|☆inkbug1|back later
|l|+ZCopen
|c|☆H2OPulse|Good game!!!</script>
</div>
<div class="battle-log battle-log-inline"><div class="inner"><div class="battle-options"><div style="padding-top: 3px; padding-right: 3px; text-align: right"><button class="icon button" name="openBattleOptions" title="Options">Battle Options</button></div></div><div class="inner message-log"><div class="chat"><small>☆H2OPulse and ☆inkbug1 joined</small></div><div class=""><small>Format:</small> <br><strong>[Gen 8] Evolution Project</strong></div><div class=""><small><em>HP Percentage Mod:</em> HP is shown in percentages</small></div><div class=""><small><em>Endless Battle Clause:</em> Forcing endless battles is banned</small></div><div class=""><small><em>OHKO Clause:</em> OHKO moves are banned</small></div><div class=""><small><em>Evasion Moves Clause:</em> Evasion moves are banned</small></div><div class=""><small><em>Species Clause:</em> Limit one of each Pokémon</small></div><div class=""><small><em>Dynamax Clause:</em> You cannot dynamax</small></div><div class=""><small><em>Sleep Clause Mod:</em> Limit one foe put to sleep</small></div><div class=""><small><em>Z-Move Clause:</em> Type-based Z-Moves are banned</small></div><div class="chat battle-history"><strong>H2OPulse's team:</strong> <em style="color:#445566;display:block;">Rotom-Heat / Shiinotic-Kalos / Gourmant / Noivern-Variant / Milotic / Bronzong</em></div><div class="chat battle-history"><strong>inkbug1's team:</strong> <em style="color:#445566;display:block;">Lediluck / Carnelion / Magcargo / Pollugonal / Scrafiti / Gardevoir</em></div><div class="chat chatmessage-inkbug1 mine"><strong style="color:#e46e0f"><small>☆</small><span class="username" data-name="inkbug1">inkbug1</span>:</strong> <em>gl hf </em></div><div class="chat chatmessage-h2opulse"><strong style="color:#6e8c2b"><small>☆</small><span class="username" data-name="H2OPulse">H2OPulse</span>:</strong> <em>Aaa hi!! Good luck and have fun!!</em></div><div class="spacer battle-history"><br></div><div class="battle-history">Battle started between H2OPulse and inkbug1!<br></div><div class="spacer battle-history"><br></div><div class="battle-history">H2OPulse sent out Flavonoid (<strong>Bronzong</strong>)!<br></div><div class="spacer battle-history"><br></div><div class="battle-history">Go! Cedric (<strong>Lediluck</strong>)!<br></div><div class="chat"><ul class="utilichart"><li class="result"><span class="col pokemonnamecol" style="white-space: nowrap">Lediluck</span> <span class="col typecol"><img src="https://dragonheaven.herokuapp.com/sprites/types/Bug.png" alt="Bug" height="14" width="32"><img src="https://dragonheaven.herokuapp.com/sprites/types/Flying.png" alt="Flying" height="14" width="32"></span> <span style="float: left ; min-height: 26px"><span class="col abilitycol">Swarm / Super Luck / Iron Fist</span><span class="col abilitycol"></span></span></li><li style="clear: both"></li></ul></div><div class="chat"><ul class="utilichart"><li class="result"><span style="float: left ; min-height: 26px"><span class="col statcol"><em>HP</em><br>65</span> <span class="col statcol"><em>Atk</em><br>85</span> <span class="col statcol"><em>Def</em><br>60</span> <span class="col statcol"><em>SpA</em><br>65</span> <span class="col statcol"><em>SpD</em><br>120</span> <span class="col statcol"><em>Spe</em><br>105</span> </span></li><li style="clear: both"></li></ul></div><div class="battle-history"><small>(Lediluck was created by inkbug!)</small><br></div><div class="spacer battle-history"><br></div><h2 class="battle-history">Turn 1</h2><div class="spacer battle-history"><br></div><div class="battle-history">Cedric, come back!<br></div><div class="battle-history">Go! Slushie (<strong>Magcargo</strong>)!<br></div><div class="spacer battle-history"><br></div><div class="battle-history">The opposing Flavonoid used <strong>Trick Room</strong>!<br></div><div class="battle-history"><small>The opposing Flavonoid twisted the dimensions!</small><br></div><div class="spacer battle-history"><br></div><h2 class="battle-history">Turn 2</h2><div class="spacer battle-history"><br></div><div class="battle-history">H2OPulse withdrew Flavonoid!<br></div><div class="battle-history">H2OPulse sent out Senecio (<strong>Milotic</strong>)!<br></div><div class="spacer battle-history"><br></div><div class="battle-history">Slushie used <strong>Stealth Rock</strong>!<br></div><div class="battle-history"><small>Pointed stones float in the air around the opposing team!</small><br></div><div class="spacer battle-history"><br></div><h2 class="battle-history">Turn 3</h2><div class="spacer battle-history"><br></div><div class="battle-history">Slushie, come back!<br></div><div class="battle-history">Go! Prism (<strong>Pollugonal</strong>)!<br></div><div class="chat"><ul class="utilichart"><li class="result"><span class="col pokemonnamecol" style="white-space: nowrap">Pollugonal</span> <span class="col typecol"><img src="https://dragonheaven.herokuapp.com/sprites/types/Ice.png" alt="Ice" height="14" width="32"><img src="https://dragonheaven.herokuapp.com/sprites/types/Poison.png" alt="Poison" height="14" width="32"></span> <span style="float: left ; min-height: 26px"><span class="col abilitycol">Levitate</span><span class="col abilitycol"></span></span></li><li style="clear: both"></li></ul></div><div class="chat"><ul class="utilichart"><li class="result"><span style="float: left ; min-height: 26px"><span class="col statcol"><em>HP</em><br>90</span> <span class="col statcol"><em>Atk</em><br>50</span> <span class="col statcol"><em>Def</em><br>50</span> <span class="col statcol"><em>SpA</em><br>95</span> <span class="col statcol"><em>SpD</em><br>140</span> <span class="col statcol"><em>Spe</em><br>105</span> </span></li><li style="clear: both"></li></ul></div><div class="battle-history"><small>(Pollugonal was created by Magmajudis!)</small><br></div><div class="spacer battle-history"><br></div><div class="battle-history">The opposing Senecio used <strong>Scald</strong>!<br></div><div class="battle-history"><small>(Prism lost <abbr title="−73/383">19.1%</abbr> of its health!)</small><br></div><div class="battle-history"><small>Prism was burned!</small><br></div><div class="spacer battle-history"><br></div><div class="battle-history"><small>Prism was hurt by its burn!</small><br></div><div class="spacer battle-history"><br></div><h2 class="battle-history">Turn 4</h2><div class="spacer battle-history"><br></div><div class="battle-history">H2OPulse withdrew Senecio!<br></div><div class="battle-history">H2OPulse sent out Wheat (<strong>Rotom-Heat</strong>)!<br></div><div class="spacer battle-history"><br></div><div class="battle-history">Prism used <strong>Spikes</strong>!<br></div><div class="battle-history"><small>Spikes were scattered on the ground all around the opposing team!</small><br></div><div class="spacer battle-history"><br></div><div class="battle-history"><small>Prism was hurt by its burn!</small><br></div><div class="spacer battle-history"><br></div><h2 class="battle-history">Turn 5</h2><div class="chat"><small>+analysis geek joined</small></div><div class="spacer battle-history"><br></div><div class="battle-history">Prism, come back!<br></div><div class="battle-history">Go! Spyke (<strong>Scrafiti</strong>)!<br></div><div class="chat"><ul class="utilichart"><li class="result"><span class="col pokemonnamecol" style="white-space: nowrap">Scrafiti</span> <span class="col typecol"><img src="https://dragonheaven.herokuapp.com/sprites/types/Dark.png" alt="Dark" height="14" width="32"><img src="https://dragonheaven.herokuapp.com/sprites/types/Fighting.png" alt="Fighting" height="14" width="32"></span> <span style="float: left ; min-height: 26px"><span class="col abilitycol">Shed Skin / Moxie / Prankster</span><span class="col abilitycol"></span></span></li><li style="clear: both"></li></ul></div><div class="chat"><ul class="utilichart"><li class="result"><span style="float: left ; min-height: 26px"><span class="col statcol"><em>HP</em><br>70</span> <span class="col statcol"><em>Atk</em><br>105</span> <span class="col statcol"><em>Def</em><br>120</span> <span class="col statcol"><em>SpA</em><br>60</span> <span class="col statcol"><em>SpD</em><br>120</span> <span class="col statcol"><em>Spe</em><br>48</span> </span></li><li style="clear: both"></li></ul></div><div class="battle-history"><small>(Scrafiti was created by Magmajudis!)</small><br></div><div class="spacer battle-history"><br></div><div class="battle-history">The opposing Wheat used <strong>Overheat</strong>!<br></div><div class="battle-history"><small>(Spyke lost <abbr title="−133/343">38.8%</abbr> of its health!)</small><br></div><div class="battle-history"><small>The opposing Wheat's Sp. Atk fell harshly!</small><br></div><div class="spacer battle-history"><br></div><div class="battle-history"><small>Spyke restored a little HP using its Leftovers!</small><br></div><div class="battle-history"><small>The twisted dimensions returned to normal!</small><br></div><div class="spacer battle-history"><br></div><h2 class="battle-history">Turn 6</h2><div class="spacer battle-history"><br></div><div class="battle-history">The opposing Wheat used <strong>Defog</strong>!<br></div><div class="battle-history"><small>Spyke's evasiveness fell!</small><br></div><div class="battle-history"><small>The spikes disappeared from the ground around the opposing team!</small><br></div><div class="battle-history"><small>The pointed stones disappeared from around the opposing team!</small><br></div><div class="spacer battle-history"><br></div><div class="battle-history">Spyke used <strong>Drain Punch</strong>!<br></div><div class="battle-history"><small>(The opposing Wheat lost 40% of its health!)</small><br></div><div class="battle-history"><small>The opposing Wheat had its energy drained!</small><br></div><div class="spacer battle-history"><br></div><div class="battle-history"><small>Spyke restored a little HP using its Leftovers!</small><br></div><div class="spacer battle-history"><br></div><h2 class="battle-history">Turn 7</h2><div class="chat"><small>+abismal and +BlazingHero657 joined</small></div><div class="spacer battle-history"><br></div><div class="battle-history">The opposing Wheat used <strong>Volt Switch</strong>!<br></div><div class="battle-history"><small>A critical hit!</small><br></div><div class="battle-history"><small>(Spyke lost <abbr title="−108/343">31.5%</abbr> of its health!)</small><br></div><div class="spacer battle-history"><br></div><div class="battle-history">The opposing Wheat went back to H2OPulse!<br></div><div class="battle-history">H2OPulse sent out Foxfire (<strong>Shiinotic-Kalos</strong>)!<br></div><div class="chat"><ul class="utilichart"><li class="result"><span class="col pokemonnamecol" style="white-space: nowrap">Shiinotic-Kalos</span> <span class="col typecol"><img src="https://dragonheaven.herokuapp.com/sprites/types/Poison.png" alt="Poison" height="14" width="32"><img src="https://dragonheaven.herokuapp.com/sprites/types/Fairy.png" alt="Fairy" height="14" width="32"></span> <span style="float: left ; min-height: 26px"><span class="col abilitycol">Illuminate / Effect Spore / Technician</span><span class="col abilitycol"></span></span></li><li style="clear: both"></li></ul></div><div class="chat"><ul class="utilichart"><li class="result"><span style="float: left ; min-height: 26px"><span class="col statcol"><em>HP</em><br>60</span> <span class="col statcol"><em>Atk</em><br>45</span> <span class="col statcol"><em>Def</em><br>60</span> <span class="col statcol"><em>SpA</em><br>90</span> <span class="col statcol"><em>SpD</em><br>80</span> <span class="col statcol"><em>Spe</em><br>70</span> </span></li><li style="clear: both"></li></ul></div><div class="battle-history"><small>(Shiinotic-Kalos was created by Hematite!)</small><br></div><div class="spacer battle-history"><br></div><div class="battle-history">Spyke used <strong>Knock Off</strong>!<br></div><div class="battle-history"><small>It's not very effective...</small><br></div><div class="battle-history"><small>(The opposing Foxfire lost 50% of its health!)</small><br></div><div class="battle-history"><small>Spyke knocked off the opposing Foxfire's Black Sludge!</small><br></div><div class="spacer battle-history"><br></div><div class="battle-history"><small>Spyke restored a little HP using its Leftovers!</small><br></div><div class="spacer battle-history"><br></div><h2 class="battle-history">Turn 8</h2><div class="chat chatmessage-h2opulse"><strong style="color:#6e8c2b"><small>☆</small><span class="username" data-name="H2OPulse">H2OPulse</span>:</strong> <em>Oh fair ow</em></div><div class="spacer battle-history"><br></div><div class="battle-history">Spyke, come back!<br></div><div class="battle-history">Go! Prism (<strong>Pollugonal</strong>)!<br></div><div class="spacer battle-history"><br></div><div class="battle-history">The opposing Foxfire used <strong>Draining Kiss</strong>!<br></div><div class="battle-history"><small>It's not very effective...</small><br></div><div class="battle-history"><small>(Prism lost <abbr title="−40/383">10.4%</abbr> of its health!)</small><br></div><div class="battle-history"><small>Prism had its energy drained!</small><br></div><div class="spacer battle-history"><br></div><div class="battle-history"><small>Prism was hurt by its burn!</small><br></div><div class="spacer battle-history"><br></div><h2 class="battle-history">Turn 9</h2><div class="spacer battle-history"><br></div><div class="battle-history">H2OPulse withdrew Foxfire!<br></div><div class="battle-history">H2OPulse sent out Wheat (<strong>Rotom-Heat</strong>)!<br></div><div class="spacer battle-history"><br></div><div class="battle-history">Prism used <strong>Recover</strong>!<br></div><div class="battle-history"><small>Prism had its HP restored.</small><br></div><div class="spacer battle-history"><br></div><div class="battle-history"><small>Prism was hurt by its burn!</small><br></div><div class="spacer battle-history"><br></div><h2 class="battle-history">Turn 10</h2><div class="spacer battle-history"><br></div><div class="battle-history">Prism, come back!<br></div><div class="battle-history">Go! Slushie (<strong>Magcargo</strong>)!<br></div><div class="spacer battle-history"><br></div><div class="battle-history">The opposing Wheat used <strong>Volt Switch</strong>!<br></div><div class="battle-history"><small>(Slushie lost <abbr title="−103/323">31.9%</abbr> of its health!)</small><br></div><div class="spacer battle-history"><br></div><div class="battle-history">The opposing Wheat went back to H2OPulse!<br></div><div class="battle-history">H2OPulse sent out Senecio (<strong>Milotic</strong>)!<br></div><div class="spacer battle-history"><br></div><h2 class="battle-history">Turn 11</h2><div class="spacer battle-history"><br></div><div class="battle-history">Slushie, come back!<br></div><div class="battle-history">Go! Cedric (<strong>Lediluck</strong>)!<br></div><div class="spacer battle-history"><br></div><div class="battle-history">The opposing Senecio used <strong>Scald</strong>!<br></div><div class="battle-history"><small>(Cedric lost <abbr title="−75/334">22.5%</abbr> of its health!)</small><br></div><div class="spacer battle-history"><br></div><h2 class="battle-history">Turn 12</h2><div class="spacer battle-history"><br></div><div class="battle-history">Cedric used <strong>Light Screen</strong>!<br></div><div class="battle-history"><small>Light Screen made your team stronger against special moves!</small><br></div><div class="spacer battle-history"><br></div><div class="battle-history">The opposing Senecio used <strong>Ice Beam</strong>!<br></div><div class="battle-history"><small>It's super effective!</small><br></div><div class="battle-history"><small>(Cedric lost <abbr title="−64/334">19.2%</abbr> of its health!)</small><br></div><div class="spacer battle-history"><br></div><h2 class="battle-history">Turn 13</h2><div class="spacer battle-history"><br></div><div class="battle-history">Cedric used <strong>Swords Dance</strong>!<br></div><div class="battle-history"><small>Cedric's Attack rose sharply!</small><br></div><div class="spacer battle-history"><br></div><div class="battle-history">The opposing Senecio used <strong>Ice Beam</strong>!<br></div><div class="battle-history"><small>It's super effective!</small><br></div><div class="battle-history"><small>(Cedric lost <abbr title="−64/334">19.2%</abbr> of its health!)</small><br></div><div class="spacer battle-history"><br></div><h2 class="battle-history">Turn 14</h2><div class="chat chatmessage-h2opulse"><strong style="color:#6e8c2b"><small>☆</small><span class="username" data-name="H2OPulse">H2OPulse</span>:</strong> <em>Hm</em></div><div class="chat chatmessage-h2opulse"><strong style="color:#6e8c2b"><small>☆</small><span class="username" data-name="H2OPulse">H2OPulse</span>:</strong> <em>Well I have no idea what moves you have--</em></div><div class="spacer battle-history"><br></div><div class="battle-history">H2OPulse withdrew Senecio!<br></div><div class="battle-history">H2OPulse sent out Flavonoid (<strong>Bronzong</strong>)!<br></div><div class="spacer battle-history"><br></div><div class="battle-history">Cedric used <strong>Thunder Punch</strong>!<br></div><div class="battle-history"><small>A critical hit!</small><br></div><div class="battle-history"><small>(The opposing Flavonoid lost 38% of its health!)</small><br></div><div class="spacer battle-history"><br></div><h2 class="battle-history">Turn 15</h2><div class="spacer battle-history"><br></div><div class="battle-history">Cedric, come back!<br></div><div class="battle-history">Go! Slushie (<strong>Magcargo</strong>)!<br></div><div class="spacer battle-history"><br></div><div class="battle-history">The opposing Flavonoid used <strong>Heavy Slam</strong>!<br></div><div class="battle-history"><small>(Slushie lost <abbr title="−90/323">27.9%</abbr> of its health!)</small><br></div><div class="battle-history"><small>The opposing Flavonoid was hurt by the Rocky Helmet!</small><br></div><div class="spacer battle-history"><br></div><h2 class="battle-history">Turn 16</h2><div class="spacer battle-history"><br></div><div class="battle-history">H2OPulse withdrew Flavonoid!<br></div><div class="battle-history">H2OPulse sent out Senecio (<strong>Milotic</strong>)!<br></div><div class="spacer battle-history"><br></div><div class="battle-history">Slushie used <strong>Recover</strong>!<br></div><div class="battle-history"><small>Slushie had its HP restored.</small><br></div><div class="spacer battle-history"><br></div><div class="battle-history"><small>Your team's Light Screen wore off!</small><br></div><div class="spacer battle-history"><br></div><h2 class="battle-history">Turn 17</h2><div class="spacer battle-history"><br></div><div class="battle-history">Slushie, come back!<br></div><div class="battle-history">Go! Prism (<strong>Pollugonal</strong>)!<br></div><div class="spacer battle-history"><br></div><div class="battle-history">The opposing Senecio used <strong>Scald</strong>!<br></div><div class="battle-history"><small>(Prism lost <abbr title="−70/383">18.3%</abbr> of its health!)</small><br></div><div class="spacer battle-history"><br></div><div class="battle-history"><small>Prism was hurt by its burn!</small><br></div><div class="spacer battle-history"><br></div><h2 class="battle-history">Turn 18</h2><div class="chat"><small>+abismal left</small></div><div class="spacer battle-history"><br></div><div class="battle-history">H2OPulse withdrew Senecio!<br></div><div class="battle-history">H2OPulse sent out Yeast (<strong>Gourmant</strong>)!<br></div><div class="chat"><ul class="utilichart"><li class="result"><span class="col pokemonnamecol" style="white-space: nowrap">Gourmant</span> <span class="col typecol"><img src="https://dragonheaven.herokuapp.com/sprites/types/Fire.png" alt="Fire" height="14" width="32"><img src="https://dragonheaven.herokuapp.com/sprites/types/Dark.png" alt="Dark" height="14" width="32"></span> <span style="float: left ; min-height: 26px"><span class="col abilitycol">Gluttony / Flash Fire / White Smoke</span><span class="col abilitycol"></span></span></li><li style="clear: both"></li></ul></div><div class="chat"><ul class="utilichart"><li class="result"><span style="float: left ; min-height: 26px"><span class="col statcol"><em>HP</em><br>85</span> <span class="col statcol"><em>Atk</em><br>137</span> <span class="col statcol"><em>Def</em><br>66</span> <span class="col statcol"><em>SpA</em><br>105</span> <span class="col statcol"><em>SpD</em><br>66</span> <span class="col statcol"><em>Spe</em><br>75</span> </span></li><li style="clear: both"></li></ul></div><div class="battle-history"><small>(Gourmant was created by quagsi!)</small><br></div><div class="spacer battle-history"><br></div><div class="battle-history">Prism used <strong>Spikes</strong>!<br></div><div class="battle-history"><small>Spikes were scattered on the ground all around the opposing team!</small><br></div><div class="spacer battle-history"><br></div><div class="battle-history"><small>Prism was hurt by its burn!</small><br></div><div class="spacer battle-history"><br></div><h2 class="battle-history">Turn 19</h2><div class="spacer battle-history"><br></div><div class="battle-history">Prism, come back!<br></div><div class="battle-history">Go! Slushie (<strong>Magcargo</strong>)!<br></div><div class="spacer battle-history"><br></div><div class="battle-history">The opposing Yeast used <strong>Knock Off</strong>!<br></div><div class="battle-history"><small>(Slushie lost <abbr title="−142/323">44.0%</abbr> of its health!)</small><br></div><div class="battle-history"><small>The opposing Yeast was hurt by the Rocky Helmet!</small><br></div><div class="battle-history"><small>The opposing Yeast knocked off Slushie's Rocky Helmet!</small><br></div><div class="spacer battle-history"><br></div><h2 class="battle-history">Turn 20</h2><div class="spacer battle-history"><br></div><div class="battle-history">H2OPulse withdrew Yeast!<br></div><div class="battle-history">H2OPulse sent out Mango (<strong>Noivern-Variant</strong>)!<br></div><div class="chat"><ul class="utilichart"><li class="result"><span class="col pokemonnamecol" style="white-space: nowrap">Noivern-Variant</span> <span class="col typecol"><img src="https://dragonheaven.herokuapp.com/sprites/types/Fighting.png" alt="Fighting" height="14" width="32"><img src="https://dragonheaven.herokuapp.com/sprites/types/Dragon.png" alt="Dragon" height="14" width="32"></span> <span style="float: left ; min-height: 26px"><span class="col abilitycol">Levitate</span><span class="col abilitycol"></span></span></li><li style="clear: both"></li></ul></div><div class="chat"><ul class="utilichart"><li class="result"><span style="float: left ; min-height: 26px"><span class="col statcol"><em>HP</em><br>95</span> <span class="col statcol"><em>Atk</em><br>70</span> <span class="col statcol"><em>Def</em><br>80</span> <span class="col statcol"><em>SpA</em><br>97</span> <span class="col statcol"><em>SpD</em><br>80</span> <span class="col statcol"><em>Spe</em><br>113</span> </span></li><li style="clear: both"></li></ul></div><div class="battle-history"><small>(Noivern-Variant was created by Hematite!)</small><br></div><div class="spacer battle-history"><br></div><div class="battle-history">Slushie used <strong>Stone Edge</strong>!<br></div><div class="battle-history"><small>The opposing Mango avoided the attack!</small><br></div><div class="spacer battle-history"><br></div><h2 class="battle-history">Turn 21</h2><div class="spacer battle-history"><br></div><div class="battle-history">Slushie, come back!<br></div><div class="battle-history">Go! Cedric (<strong>Lediluck</strong>)!<br></div><div class="spacer battle-history"><br></div><div class="battle-history">The opposing Mango used <strong>U-turn</strong>!<br></div><div class="battle-history"><small>It's not very effective...</small><br></div><div class="battle-history"><small>(Cedric lost <abbr title="−34/334">10.2%</abbr> of its health!)</small><br></div><div class="battle-history"><small>The opposing Mango lost some of its HP!</small><br></div><div class="spacer battle-history"><br></div><div class="battle-history">The opposing Mango went back to H2OPulse!<br></div><div class="battle-history">H2OPulse sent out Wheat (<strong>Rotom-Heat</strong>)!<br></div><div class="spacer battle-history"><br></div><h2 class="battle-history">Turn 22</h2><div class="chat"><small>+time to chill joined</small></div><div class="spacer battle-history"><br></div><div class="battle-history">Cedric, come back!<br></div><div class="battle-history">Go! Spyke (<strong>Scrafiti</strong>)!<br></div><div class="spacer battle-history"><br></div><div class="battle-history">The opposing Wheat used <strong>Volt Switch</strong>!<br></div><div class="battle-history"><small>(Spyke lost <abbr title="−73/343">21.3%</abbr> of its health!)</small><br></div><div class="spacer battle-history"><br></div><div class="battle-history">The opposing Wheat went back to H2OPulse!<br></div><div class="battle-history">H2OPulse sent out Foxfire (<strong>Shiinotic-Kalos</strong>)!<br></div><div class="battle-history"><small>The opposing Foxfire was hurt by the spikes!</small><br></div><div class="spacer battle-history"><br></div><div class="battle-history"><small>Spyke restored a little HP using its Leftovers!</small><br></div><div class="spacer battle-history"><br></div><h2 class="battle-history">Turn 23</h2><div class="spacer battle-history"><br></div><div class="battle-history">Spyke, come back!<br></div><div class="battle-history">Go! Prism (<strong>Pollugonal</strong>)!<br></div><div class="spacer battle-history"><br></div><div class="battle-history">The opposing Foxfire used <strong>Spore</strong>!<br></div><div class="battle-history"><small>But it failed!</small><br></div><div class="spacer battle-history"><br></div><div class="battle-history"><small>Prism was hurt by its burn!</small><br></div><div class="spacer battle-history"><br></div><h2 class="battle-history">Turn 24</h2><div class="chat chatmessage-h2opulse"><strong style="color:#6e8c2b"><small>☆</small><span class="username" data-name="H2OPulse">H2OPulse</span>:</strong> <em>Oh right</em></div><div class="chat chatmessage-h2opulse"><strong style="color:#6e8c2b"><small>☆</small><span class="username" data-name="H2OPulse">H2OPulse</span>:</strong> <em>Oh!! I will be right back!</em></div><div class="chat chatmessage-inkbug1 mine"><strong style="color:#e46e0f"><small>☆</small><span class="username" data-name="inkbug1">inkbug1</span>:</strong> <em>ah ok! </em></div><div class="spacer battle-history"><br></div><div class="battle-history">H2OPulse withdrew Foxfire!<br></div><div class="battle-history">H2OPulse sent out Yeast (<strong>Gourmant</strong>)!<br></div><div class="battle-history"><small>The opposing Yeast was hurt by the spikes!</small><br></div><div class="spacer battle-history"><br></div><div class="battle-history">Prism used <strong>Freeze-Dry</strong>!<br></div><div class="battle-history"><small>It's not very effective...</small><br></div><div class="battle-history"><small>(The opposing Yeast lost 17% of its health!)</small><br></div><div class="spacer battle-history"><br></div><div class="battle-history"><small>Prism was hurt by its burn!</small><br></div><div class="spacer battle-history"><br></div><h2 class="battle-history">Turn 25</h2><div class="chat"><small>+Not mossy joined</small></div><div class="spacer battle-history"><br></div><div class="battle-history">Prism, come back!<br></div><div class="battle-history">Go! Slushie (<strong>Magcargo</strong>)!<br></div><div class="spacer battle-history"><br></div><div class="battle-history">The opposing Yeast used <strong>Knock Off</strong>!<br></div><div class="battle-history"><small>(Slushie lost <abbr title="−85/323">26.3%</abbr> of its health!)</small><br></div><div class="spacer battle-history"><br></div><h2 class="battle-history">Turn 26</h2><div class="chat chatmessage-inkbug1 mine"><strong style="color:#e46e0f"><small>☆</small><span class="username" data-name="inkbug1">inkbug1</span>:</strong> <em>thhhhats fair i had a chance to recover earlier and did not take it</em></div><div class="spacer battle-history"><br></div><div class="battle-history">Slushie, come back!<br></div><div class="battle-history">Go! Spyke (<strong>Scrafiti</strong>)!<br></div><div class="spacer battle-history"><br></div><div class="battle-history">The opposing Yeast used <strong>Knock Off</strong>!<br></div><div class="battle-history"><small>It's not very effective...</small><br></div><div class="battle-history"><small>(Spyke lost <abbr title="−45/343">13.1%</abbr> of its health!)</small><br></div><div class="battle-history"><small>The opposing Yeast knocked off Spyke's Leftovers!</small><br></div><div class="spacer battle-history"><br></div><h2 class="battle-history">Turn 27</h2><div class="spacer battle-history"><br></div><div class="battle-history">The opposing Yeast used <strong>Fire Lash</strong>!<br></div><div class="battle-history"><small>(Spyke lost <abbr title="−112/343">32.7%</abbr> of its health!)</small><br></div><div class="battle-history"><small>Spyke's Defense fell!</small><br></div><div class="spacer battle-history"><br></div><div class="battle-history">Spyke used <strong>Drain Punch</strong>!<br></div><div class="battle-history"><small>It's super effective!</small><br></div><div class="battle-history"><small>(The opposing Yeast lost 55% of its health!)</small><br></div><div class="battle-history"><small>The opposing Yeast had its energy drained!</small><br></div><div class="spacer battle-history"><br></div><div class="battle-history">The opposing Yeast fainted!<br></div><div class="chat chatmessage-h2opulse"><strong style="color:#6e8c2b"><small>☆</small><span class="username" data-name="H2OPulse">H2OPulse</span>:</strong> <em>OKAY sorry I said that and then I was like half-back but not all the way back</em></div><div class="chat chatmessage-h2opulse"><strong style="color:#6e8c2b"><small>☆</small><span class="username" data-name="H2OPulse">H2OPulse</span>:</strong> <em>Now I am all the way back :'D hi</em></div><div class="spacer battle-history"><br></div><div class="battle-history">H2OPulse sent out Wheat (<strong>Rotom-Heat</strong>)!<br></div><div class="spacer battle-history"><br></div><h2 class="battle-history">Turn 28</h2><div class="chat chatmessage-inkbug1 mine"><strong style="color:#e46e0f"><small>☆</small><span class="username" data-name="inkbug1">inkbug1</span>:</strong> <em>no worries ! </em></div><div class="spacer battle-history"><br></div><div class="battle-history">Spyke used <strong>Copycat</strong>!<br></div><div class="spacer battle-history"><br></div><div class="battle-history">Spyke used <strong>Drain Punch</strong>!<br></div><div class="battle-history"><small>(The opposing Wheat lost 40% of its health!)</small><br></div><div class="battle-history"><small>The opposing Wheat had its energy drained!</small><br></div><div class="spacer battle-history"><br></div><div class="battle-history">The opposing Wheat used <strong>Overheat</strong>!<br></div><div class="battle-history"><small>(Spyke lost <abbr title="−141/343">41.1%</abbr> of its health!)</small><br></div><div class="battle-history"><small>The opposing Wheat's Sp. Atk fell harshly!</small><br></div><div class="spacer battle-history"><br></div><h2 class="battle-history">Turn 29</h2><div class="chat chatmessage-h2opulse"><strong style="color:#6e8c2b"><small>☆</small><span class="username" data-name="H2OPulse">H2OPulse</span>:</strong> <em>FORGOT</em></div><div class="chat chatmessage-h2opulse"><strong style="color:#6e8c2b"><small>☆</small><span class="username" data-name="H2OPulse">H2OPulse</span>:</strong> <em>okay</em></div><div class="chat"><small>+abismal joined</small></div><div class="spacer battle-history"><br></div><div class="battle-history">Spyke, come back!<br></div><div class="battle-history">Go! Risotto (<strong>Carnelion</strong>)!<br></div><div class="chat"><ul class="utilichart"><li class="result"><span class="col pokemonnamecol" style="white-space: nowrap">Carnelion</span> <span class="col typecol"><img src="https://dragonheaven.herokuapp.com/sprites/types/Normal.png" alt="Normal" height="14" width="32"><img src="https://dragonheaven.herokuapp.com/sprites/types/Rock.png" alt="Rock" height="14" width="32"></span> <span style="float: left ; min-height: 26px"><span class="col abilitycol">Limber / Technician / Unnerve</span><span class="col abilitycol"></span></span></li><li style="clear: both"></li></ul></div><div class="chat"><ul class="utilichart"><li class="result"><span style="float: left ; min-height: 26px"><span class="col statcol"><em>HP</em><br>85</span> <span class="col statcol"><em>Atk</em><br>105</span> <span class="col statcol"><em>Def</em><br>70</span> <span class="col statcol"><em>SpA</em><br>95</span> <span class="col statcol"><em>SpD</em><br>70</span> <span class="col statcol"><em>Spe</em><br>120</span> </span></li><li style="clear: both"></li></ul></div><div class="battle-history"><small>(Carnelion was created by abismal!)</small><br></div><div class="spacer battle-history"><br></div><div class="battle-history">The opposing Wheat used <strong>Volt Switch</strong>!<br></div><div class="battle-history"><small>(Risotto lost <abbr title="−55/311">17.7%</abbr> of its health!)</small><br></div><div class="chat"><small>+BlazingHero657 left</small></div><div class="spacer battle-history"><br></div><div class="battle-history">The opposing Wheat went back to H2OPulse!<br></div><div class="battle-history">H2OPulse sent out Flavonoid (<strong>Bronzong</strong>)!<br></div><div class="spacer battle-history"><br></div><h2 class="battle-history">Turn 30</h2><div class="spacer battle-history"><br></div><div class="battle-history">Risotto used <strong>U-turn</strong>!<br></div><div class="battle-history"><small>(The opposing Flavonoid lost 18% of its health!)</small><br></div><div class="chat"><small>+BlazingHero657 joined</small></div><div class="chat chatmessage-blazinghero657"><strong style="color:#2e9e35"><small>+</small><span class="username" data-name="BlazingHero657">BlazingHero657</span>:</strong> <em>so</em></div><div class="chat chatmessage-blazinghero657"><strong style="color:#2e9e35"><small>+</small><span class="username" data-name="BlazingHero657">BlazingHero657</span>:</strong> <em>what's this format</em></div><div class="spacer battle-history"><br></div><div class="battle-history">Risotto went back to inkbug1!<br></div><div class="battle-history">Go! Slushie (<strong>Magcargo</strong>)!<br></div><div class="spacer battle-history"><br></div><div class="battle-history">The opposing Flavonoid used <strong>Trick Room</strong>!<br></div><div class="battle-history"><small>The opposing Flavonoid twisted the dimensions!</small><br></div><div class="spacer battle-history"><br></div><h2 class="battle-history">Turn 31</h2><div class="chat chatmessage-inkbug1 mine"><strong style="color:#e46e0f"><small>☆</small><span class="username" data-name="inkbug1">inkbug1</span>:</strong> <em>its a format that exists </em></div><div class="chat chatmessage-notmossy"><strong style="color:#3f7abe"><small>+</small><span class="username" data-name="Not mossy">Not mossy</span>:</strong> <em>Looks like it does</em></div><div class="chat chatmessage-inkbug1 mine"><strong style="color:#e46e0f"><small>☆</small><span class="username" data-name="inkbug1">inkbug1</span>:</strong> <em>and contains the pokemon magcargo </em></div><div class="chat chatmessage-abismal"><strong style="color:#68a730"><small>+</small><span class="username" data-name="abismal">abismal</span>:</strong> <em>its a very widely nown format you could say</em></div><div class="spacer battle-history"><br></div><div class="battle-history">Slushie used <strong>Recover</strong>!<br></div><div class="battle-history"><small>Slushie had its HP restored.</small><br></div><div class="spacer battle-history"><br></div><div class="battle-history">The opposing Flavonoid used <strong>Heavy Slam</strong>!<br></div><div class="battle-history"><small>(Slushie lost <abbr title="−91/323">28.2%</abbr> of its health!)</small><br></div><div class="spacer battle-history"><br></div><h2 class="battle-history">Turn 32</h2><div class="chat chatmessage-notmossy"><strong style="color:#3f7abe"><small>+</small><span class="username" data-name="Not mossy">Not mossy</span>:</strong> <em>WOO MAGCARGO</em></div><div class="spacer battle-history"><br></div><div class="battle-history">H2OPulse withdrew Flavonoid!<br></div><div class="battle-history">H2OPulse sent out Mango (<strong>Noivern-Variant</strong>)!<br></div><div class="spacer battle-history"><br></div><div class="battle-history">Slushie used <strong>Overheat</strong>!<br></div><div class="battle-history"><small>It's not very effective...</small><br></div><div class="battle-history"><small>(The opposing Mango lost 26% of its health!)</small><br></div><div class="battle-history"><small>Slushie's Sp. Atk fell harshly!</small><br></div><div class="spacer battle-history"><br></div><h2 class="battle-history">Turn 33</h2><div class="chat chatmessage-timetochill"><strong style="color:#338e9e"><small>+</small><span class="username" data-name="time to chill">time to chill</span>:</strong> <em>i think there's also likely going to be a new bacon, mossy x)</em></div><div class="spacer battle-history"><br></div><div class="battle-history">Slushie, come back!<br></div><div class="battle-history">Go! Gamma (<strong>Gardevoir</strong>)!<br></div><div class="battle-history">[Gamma's Trace]<br>[Gamma's Levitate]<br><small>Gamma traced the opposing Mango's Levitate!</small><br></div><div class="spacer battle-history"><br></div><div class="battle-history">The opposing Mango used <strong>U-turn</strong>!<br></div><div class="battle-history"><small>(Gamma lost <abbr title="−74/278">26.6%</abbr> of its health!)</small><br></div><div class="battle-history"><small>The opposing Mango lost some of its HP!</small><br></div><div class="spacer battle-history"><br></div><div class="battle-history">The opposing Mango went back to H2OPulse!<br></div><div class="battle-history">H2OPulse sent out Flavonoid (<strong>Bronzong</strong>)!<br></div><div class="spacer battle-history"><br></div><h2 class="battle-history">Turn 34</h2><div class="chat chatmessage-abismal"><strong style="color:#68a730"><small>+</small><span class="username" data-name="abismal">abismal</span>:</strong> <em>bacon?</em></div><div class="chat chatmessage-notmossy"><strong style="color:#3f7abe"><small>+</small><span class="username" data-name="Not mossy">Not mossy</span>:</strong> <em>YO YVELTAL</em></div><div class="chat chatmessage-abismal"><strong style="color:#68a730"><small>+</small><span class="username" data-name="abismal">abismal</span>:</strong> <em>wha?</em></div><div class="chat chatmessage-h2opulse"><strong style="color:#6e8c2b"><small>☆</small><span class="username" data-name="H2OPulse">H2OPulse</span>:</strong> <em>as you can see I am doing very well</em></div><div class="chat chatmessage-inkbug1 mine"><strong style="color:#e46e0f"><small>☆</small><span class="username" data-name="inkbug1">inkbug1</span>:</strong> <em>hm </em></div><div class="spacer battle-history"><br></div><div class="battle-history">Gamma, come back!<br></div><div class="battle-history">Go! Slushie (<strong>Magcargo</strong>)!<br></div><div class="spacer battle-history"><br></div><div class="battle-history">The opposing Flavonoid used <strong>Heavy Slam</strong>!<br></div><div class="battle-history"><small>(Slushie lost <abbr title="−85/323">26.3%</abbr> of its health!)</small><br></div><div class="spacer battle-history"><br></div><div class="battle-history"><small>The twisted dimensions returned to normal!</small><br></div><div class="spacer battle-history"><br></div><h2 class="battle-history">Turn 35</h2><div class="chat chatmessage-blazinghero657"><strong style="color:#2e9e35"><small>+</small><span class="username" data-name="BlazingHero657">BlazingHero657</span>:</strong> <em>is this part of pmpl or is it just a popular match to watch?</em></div><div class="chat chatmessage-inkbug1 mine"><strong style="color:#e46e0f"><small>☆</small><span class="username" data-name="inkbug1">inkbug1</span>:</strong> <em>m</em></div><div class="chat chatmessage-timetochill"><strong style="color:#338e9e"><small>+</small><span class="username" data-name="time to chill">time to chill</span>:</strong> <em>just watching for fun</em></div><div class="chat chatmessage-abismal"><strong style="color:#68a730"><small>+</small><span class="username" data-name="abismal">abismal</span>:</strong> <em>nah its totally pmpl</em></div><div class="chat chatmessage-inkbug1 mine"><strong style="color:#e46e0f"><small>☆</small><span class="username" data-name="inkbug1">inkbug1</span>:</strong> <em>this is not part of pmpl me and hematite r just celebrity gamers</em></div><div class="chat chatmessage-notmossy"><strong style="color:#3f7abe"><small>+</small><span class="username" data-name="Not mossy">Not mossy</span>:</strong> <em>I have to wait 20 more minutes for my pmpl game</em></div><div class="chat chatmessage-abismal"><strong style="color:#68a730"><small>+</small><span class="username" data-name="abismal">abismal</span>:</strong> <em>these are our top players 2-2</em></div><div class="chat chatmessage-abismal"><strong style="color:#68a730"><small>+</small><span class="username" data-name="abismal">abismal</span>:</strong> <em>stakes are high</em></div><div class="chat chatmessage-notmossy"><strong style="color:#3f7abe"><small>+</small><span class="username" data-name="Not mossy">Not mossy</span>:</strong> <em>I wanted to play at :30, but my opponent didn't accept the rfn</em></div><div class="chat chatmessage-blazinghero657"><strong style="color:#2e9e35"><small>+</small><span class="username" data-name="BlazingHero657">BlazingHero657</span>:</strong> <em><s>i guess i'll look at the format</s></em></div><div class="chat chatmessage-abismal"><strong style="color:#68a730"><small>+</small><span class="username" data-name="abismal">abismal</span>:</strong> <em>yeah study up</em></div><div class="chat chatmessage-inkbug1 mine"><strong style="color:#e46e0f"><small>☆</small><span class="username" data-name="inkbug1">inkbug1</span>:</strong> <em>see you say 'i am doing very well' but i am in a hell of a situation </em></div><div class="chat chatmessage-blazinghero657"><strong style="color:#2e9e35"><small>+</small><span class="username" data-name="BlazingHero657">BlazingHero657</span>:</strong> <em>there seem to be minisprites but not actual sprites for some mons?</em></div><div class="chat chatmessage-inkbug1 mine"><strong style="color:#e46e0f"><small>☆</small><span class="username" data-name="inkbug1">inkbug1</span>:</strong> <em>yes and? </em></div><div class="chat chatmessage-inkbug1 mine"><strong style="color:#e46e0f"><small>☆</small><span class="username" data-name="inkbug1">inkbug1</span>:</strong> <em>who give a shit</em></div><div class="chat chatmessage-blazinghero657"><strong style="color:#2e9e35"><small>+</small><span class="username" data-name="BlazingHero657">BlazingHero657</span>:</strong> <em>just</em></div><div class="chat chatmessage-blazinghero657"><strong style="color:#2e9e35"><small>+</small><span class="username" data-name="BlazingHero657">BlazingHero657</span>:</strong> <em>something i noticed</em></div><div class="chat chatmessage-notmossy"><strong style="color:#3f7abe"><small>+</small><span class="username" data-name="Not mossy">Not mossy</span>:</strong> <em>Minisprites are more useful</em></div><div class="chat chatmessage-inkbug1 mine"><strong style="color:#e46e0f"><small>☆</small><span class="username" data-name="inkbug1">inkbug1</span>:</strong> <em>and easier</em></div><div class="chat chatmessage-blazinghero657"><strong style="color:#2e9e35"><small>+</small><span class="username" data-name="BlazingHero657">BlazingHero657</span>:</strong> <em>i see something called carnivenom?</em></div><div class="chat chatmessage-inkbug1 mine"><strong style="color:#e46e0f"><small>☆</small><span class="username" data-name="inkbug1">inkbug1</span>:</strong> <em>way less work for more benefit</em></div><div class="chat chatmessage-inkbug1 mine"><strong style="color:#e46e0f"><small>☆</small><span class="username" data-name="inkbug1">inkbug1</span>:</strong> <em>yes thats my son</em></div><div class="chat chatmessage-blazinghero657"><strong style="color:#2e9e35"><small>+</small><span class="username" data-name="BlazingHero657">BlazingHero657</span>:</strong> <em>is it a mod that gives things evos?</em></div><div class="chat chatmessage-abismal"><strong style="color:#68a730"><small>+</small><span class="username" data-name="abismal">abismal</span>:</strong> <em>yes</em></div><div class="chat chatmessage-timetochill"><strong style="color:#338e9e"><small>+</small><span class="username" data-name="time to chill">time to chill</span>:</strong> <em>it's the new evo for carnnivine</em></div><div class="chat chatmessage-inkbug1 mine"><strong style="color:#e46e0f"><small>☆</small><span class="username" data-name="inkbug1">inkbug1</span>:</strong> <em>!dt carnivenom </em></div><div class="chat"><div class="message"><ul class="utilichart"><li class="result"><span class="col numcol">Evo!</span> <span class="col iconcol"><span class="picon" style="background: transparent url(&quot;https://raw.githubusercontent.com/scoopapa/dh/master/data/mods/evolutionproject/sprites/icons/carnivenom.png&quot;) no-repeat scroll -0px -0px"></span></span> <span class="col pokemonnamecol" style="white-space: nowrap"><a href="https://dex.pokemonshowdown.com/pokemon/carnivenom" target="_blank" rel="noopener">Carnivenom</a></span> <span class="col typecol"><img src="https://dragonheaven.herokuapp.com/sprites/types/Grass.png" alt="Grass" height="14" width="32"><img src="https://dragonheaven.herokuapp.com/sprites/types/Poison.png" alt="Poison" height="14" width="32"></span> <span style="float: left ; min-height: 26px"><span class="col abilitycol">Levitate</span><span class="col abilitycol"></span></span><span style="float: left ; min-height: 26px"><span class="col statcol"><em>HP</em><br>94</span> <span class="col statcol"><em>Atk</em><br>105</span> <span class="col statcol"><em>Def</em><br>82</span> <span class="col statcol"><em>SpA</em><br>100</span> <span class="col statcol"><em>SpD</em><br>102</span> <span class="col statcol"><em>Spe</em><br>51</span> <span class="col bstcol"><em>BST<br>534</em></span> </span></li><li style="clear: both"></li></ul></div></div><div class="chat"><font size="1"><font color="#686868">Dex#:</font> -455&nbsp;|  <font color="#686868">Gen:</font> 0&nbsp;|  <font color="#686868">Height:</font> 1.4 m&nbsp;|  <font color="#686868">Weight:</font> 27 kg <em>(60 BP)</em>&nbsp;|  <font color="#686868">Dex Colour:</font> Green&nbsp;|  <font color="#686868">Egg Group(s):</font> Grass&nbsp;|  <font color="#686868">Does Not Evolve</font></font></div><div class="chat"><small>+Not mossy left</small></div><div class="spacer battle-history"><br></div><div class="battle-history">The opposing Flavonoid used <strong>Heavy Slam</strong>!<br></div><div class="battle-history"><small>(Slushie lost <abbr title="−51/323">15.8%</abbr> of its health!)</small><br></div><div class="battle-history">[Slushie's Flame Body]<br><small>The opposing Flavonoid was burned!</small><br></div><div class="spacer battle-history"><br></div><div class="battle-history">Slushie fainted!<br></div><div class="spacer battle-history"><br></div><div class="battle-history"><small>The opposing Flavonoid was hurt by its burn!</small><br></div><div class="chat chatmessage-inkbug1 mine"><strong style="color:#e46e0f"><small>☆</small><span class="username" data-name="inkbug1">inkbug1</span>:</strong> <em>oh thank fucking god</em></div><div class="chat chatmessage-h2opulse"><strong style="color:#6e8c2b"><small>☆</small><span class="username" data-name="H2OPulse">H2OPulse</span>:</strong> <em>Skdjfjfkgk</em></div><div class="chat chatmessage-timetochill"><strong style="color:#338e9e"><small>+</small><span class="username" data-name="time to chill">time to chill</span>:</strong> <em>mod can provide new evos, regional forms, etc.</em></div><div class="spacer battle-history"><br></div><div class="battle-history">Go! Spyke (<strong>Scrafiti</strong>)!<br></div><div class="spacer battle-history"><br></div><h2 class="battle-history">Turn 36</h2><div class="chat chatmessage-blazinghero657"><strong style="color:#2e9e35"><small>+</small><span class="username" data-name="BlazingHero657">BlazingHero657</span>:</strong> <em><s>actually would have liked to see more minisprites, helps me know what i'm looking at</s></em></div><div class="chat chatmessage-h2opulse"><strong style="color:#6e8c2b"><small>☆</small><span class="username" data-name="H2OPulse">H2OPulse</span>:</strong> <em>Was bound to happen eventually--</em></div><div class="chat chatmessage-inkbug1 mine"><strong style="color:#e46e0f"><small>☆</small><span class="username" data-name="inkbug1">inkbug1</span>:</strong> <em>well u are not in a position to make requests </em></div><div class="chat chatmessage-inkbug1 mine"><strong style="color:#e46e0f"><small>☆</small><span class="username" data-name="inkbug1">inkbug1</span>:</strong> <em>but it is something we r working on when its fun</em></div><div class="spacer battle-history"><br></div><div class="battle-history">Spyke used <strong>Drain Punch</strong>!<br></div><div class="battle-history"><small>(The opposing Flavonoid lost 21% of its health!)</small><br></div><div class="battle-history"><small>The opposing Flavonoid had its energy drained!</small><br></div><div class="spacer battle-history"><br></div><div class="battle-history">The opposing Flavonoid fainted!<br></div><div class="chat chatmessage-blazinghero657"><strong style="color:#2e9e35"><small>+</small><span class="username" data-name="BlazingHero657">BlazingHero657</span>:</strong> <em>why do you feel so hostile about this</em></div><div class="spacer battle-history"><br></div><div class="battle-history">H2OPulse sent out Senecio (<strong>Milotic</strong>)!<br></div><div class="battle-history"><small>The opposing Senecio was hurt by the spikes!</small><br></div><div class="spacer battle-history"><br></div><h2 class="battle-history">Turn 37</h2><div class="chat"><small>+Not mossy joined</small></div><div class="chat chatmessage-inkbug1 mine"><strong style="color:#e46e0f"><small>☆</small><span class="username" data-name="inkbug1">inkbug1</span>:</strong> <em>well im hostile whenever someone implies intentionally or unintentionally that someone needs to do artwork for something they arent being paid for out of some kind of obligation but thats more of a personal beef </em></div><div class="spacer battle-history"><br></div><div class="battle-history">Spyke used <strong>Copycat</strong>!<br></div><div class="spacer battle-history"><br></div><div class="battle-history">Spyke used <strong>Drain Punch</strong>!<br></div><div class="battle-history"><small>(The opposing Senecio lost 26% of its health!)</small><br></div><div class="battle-history"><small>The opposing Senecio had its energy drained!</small><br></div><div class="spacer battle-history"><br></div><div class="battle-history">The opposing Senecio used <strong>Scald</strong>!<br></div><div class="battle-history"><small>(Spyke lost <abbr title="−84/343">24.5%</abbr> of its health!)</small><br></div><div class="spacer battle-history"><br></div><div class="battle-history"><small>The opposing Senecio restored a little HP using its Leftovers!</small><br></div><div class="spacer battle-history"><br></div><h2 class="battle-history">Turn 38</h2><div class="spacer battle-history"><br></div><div class="battle-history">Spyke, come back!<br></div><div class="battle-history">Go! Prism (<strong>Pollugonal</strong>)!<br></div><div class="spacer battle-history"><br></div><div class="battle-history">The opposing Senecio used <strong>Scald</strong>!<br></div><div class="battle-history"><small>(Prism lost <abbr title="−69/383">18.0%</abbr> of its health!)</small><br></div><div class="spacer battle-history"><br></div><div class="battle-history"><small>The opposing Senecio restored a little HP using its Leftovers!</small><br></div><div class="battle-history"><small>Prism was hurt by its burn!</small><br></div><div class="spacer battle-history"><br></div><h2 class="battle-history">Turn 39</h2><div class="spacer battle-history"><br></div><div class="battle-history">Prism used <strong>Recover</strong>!<br></div><div class="battle-history"><small>Prism had its HP restored.</small><br></div><div class="spacer battle-history"><br></div><div class="battle-history">The opposing Senecio used <strong>Scald</strong>!<br></div><div class="battle-history"><small>A critical hit!</small><br></div><div class="battle-history"><small>(Prism lost <abbr title="−99/383">25.8%</abbr> of its health!)</small><br></div><div class="spacer battle-history"><br></div><div class="battle-history"><small>The opposing Senecio restored a little HP using its Leftovers!</small><br></div><div class="battle-history"><small>Prism was hurt by its burn!</small><br></div><div class="spacer battle-history"><br></div><h2 class="battle-history">Turn 40</h2><div class="chat chatmessage-blazinghero657"><strong style="color:#2e9e35"><small>+</small><span class="username" data-name="BlazingHero657">BlazingHero657</span>:</strong> <em>well, you were like that when i brought up the minisprites too</em></div><div class="chat chatmessage-inkbug1 mine"><strong style="color:#e46e0f"><small>☆</small><span class="username" data-name="inkbug1">inkbug1</span>:</strong> <em>yeah thats what i meant </em></div><div class="spacer battle-history"><br></div><div class="battle-history">Prism used <strong>Recover</strong>!<br></div><div class="battle-history"><small>Prism had its HP restored.</small><br></div><div class="spacer battle-history"><br></div><div class="battle-history">The opposing Senecio used <strong>Scald</strong>!<br></div><div class="battle-history"><small>(Prism lost <abbr title="−72/383">18.8%</abbr> of its health!)</small><br></div><div class="spacer battle-history"><br></div><div class="battle-history"><small>The opposing Senecio restored a little HP using its Leftovers!</small><br></div><div class="battle-history"><small>Prism was hurt by its burn!</small><br></div><div class="spacer battle-history"><br></div><h2 class="battle-history">Turn 41</h2><div class="spacer battle-history"><br></div><div class="battle-history">Prism used <strong>Spikes</strong>!<br></div><div class="battle-history"><small>Spikes were scattered on the ground all around the opposing team!</small><br></div><div class="spacer battle-history"><br></div><div class="battle-history">The opposing Senecio used <strong>Scald</strong>!<br></div><div class="battle-history"><small>(Prism lost <abbr title="−73/383">19.1%</abbr> of its health!)</small><br></div><div class="spacer battle-history"><br></div><div class="battle-history"><small>The opposing Senecio restored a little HP using its Leftovers!</small><br></div><div class="battle-history"><small>Prism was hurt by its burn!</small><br></div><div class="spacer battle-history"><br></div><h2 class="battle-history">Turn 42</h2><div class="spacer battle-history"><br></div><div class="battle-history">Prism used <strong>Recover</strong>!<br></div><div class="battle-history"><small>Prism had its HP restored.</small><br></div><div class="spacer battle-history"><br></div><div class="battle-history">The opposing Senecio used <strong>Scald</strong>!<br></div><div class="battle-history"><small>(Prism lost <abbr title="−76/383">19.8%</abbr> of its health!)</small><br></div><div class="spacer battle-history"><br></div><div class="battle-history"><small>The opposing Senecio restored a little HP using its Leftovers!</small><br></div><div class="battle-history"><small>Prism was hurt by its burn!</small><br></div><div class="spacer battle-history"><br></div><h2 class="battle-history">Turn 43</h2><div class="spacer battle-history"><br></div><div class="battle-history">Prism used <strong>Freeze-Dry</strong>!<br></div><div class="battle-history"><small>It's super effective!</small><br></div><div class="battle-history"><small>(The opposing Senecio lost 36% of its health!)</small><br></div><div class="spacer battle-history"><br></div><div class="battle-history">The opposing Senecio used <strong>Scald</strong>!<br></div><div class="battle-history"><small>(Prism lost <abbr title="−70/383">18.3%</abbr> of its health!)</small><br></div><div class="spacer battle-history"><br></div><div class="battle-history"><small>The opposing Senecio restored a little HP using its Leftovers!</small><br></div><div class="battle-history"><small>Prism was hurt by its burn!</small><br></div><div class="spacer battle-history"><br></div><h2 class="battle-history">Turn 44</h2><div class="spacer battle-history"><br></div><div class="battle-history">Prism used <strong>Recover</strong>!<br></div><div class="battle-history"><small>Prism had its HP restored.</small><br></div><div class="spacer battle-history"><br></div><div class="battle-history">The opposing Senecio used <strong>Scald</strong>!<br></div><div class="battle-history"><small>(Prism lost <abbr title="−76/383">19.8%</abbr> of its health!)</small><br></div><div class="spacer battle-history"><br></div><div class="battle-history"><small>The opposing Senecio restored a little HP using its Leftovers!</small><br></div><div class="battle-history"><small>Prism was hurt by its burn!</small><br></div><div class="spacer battle-history"><br></div><h2 class="battle-history">Turn 45</h2><div class="chat chatmessage-blazinghero657"><strong style="color:#2e9e35"><small>+</small><span class="username" data-name="BlazingHero657">BlazingHero657</span>:</strong> <em>maybe it's just the event of today leaving me unable to properly let that go, but i'm trying not to be annoyed </em></div><div class="spacer battle-history"><br></div><div class="battle-history">Prism, come back!<br></div><div class="battle-history">Go! Cedric (<strong>Lediluck</strong>)!<br></div><div class="spacer battle-history"><br></div><div class="battle-history">The opposing Senecio used <strong>Mirror Coat</strong>!<br></div><div class="battle-history"><small>But it failed!</small><br></div><div class="spacer battle-history"><br></div><div class="battle-history"><small>The opposing Senecio restored a little HP using its Leftovers!</small><br></div><div class="spacer battle-history"><br></div><h2 class="battle-history">Turn 46</h2><div class="chat chatmessage-inkbug1 mine"><strong style="color:#e46e0f"><small>☆</small><span class="username" data-name="inkbug1">inkbug1</span>:</strong> <em>NAILED IT </em></div><div class="chat chatmessage-h2opulse"><strong style="color:#6e8c2b"><small>☆</small><span class="username" data-name="H2OPulse">H2OPulse</span>:</strong> <em>Oof,,</em></div><div class="chat chatmessage-inkbug1 mine"><strong style="color:#e46e0f"><small>☆</small><span class="username" data-name="inkbug1">inkbug1</span>:</strong> <em>sorry this benefitsd me not at all i think kjashdkajshd</em></div><div class="spacer battle-history"><br></div><div class="battle-history">Cedric used <strong>Light Screen</strong>!<br></div><div class="battle-history"><small>Light Screen made your team stronger against special moves!</small><br></div><div class="spacer battle-history"><br></div><div class="battle-history">The opposing Senecio used <strong>Ice Beam</strong>!<br></div><div class="battle-history"><small>It's super effective!</small><br></div><div class="battle-history"><small>(Cedric lost <abbr title="−56/334">16.8%</abbr> of its health!)</small><br></div><div class="spacer battle-history"><br></div><div class="battle-history"><small>The opposing Senecio restored a little HP using its Leftovers!</small><br></div><div class="spacer battle-history"><br></div><h2 class="battle-history">Turn 47</h2><div class="spacer battle-history"><br></div><div class="battle-history">Cedric used <strong>Thunder Punch</strong>!<br></div><div class="battle-history"><small>It's super effective!</small><br></div><div class="battle-history"><small>A critical hit!</small><br></div><div class="battle-history"><small>(The opposing Senecio lost 36% of its health!)</small><br></div><div class="spacer battle-history"><br></div><div class="battle-history">The opposing Senecio used <strong>Ice Beam</strong>!<br></div><div class="battle-history"><small>It's super effective!</small><br></div><div class="battle-history"><small>(Cedric lost <abbr title="−41/334">12.3%</abbr> of its health!)</small><br></div><div class="spacer battle-history"><br></div><div class="battle-history">Cedric fainted!<br></div><div class="spacer battle-history"><br></div><div class="battle-history"><small>The opposing Senecio restored a little HP using its Leftovers!</small><br></div><div class="chat chatmessage-timetochill"><strong style="color:#338e9e"><small>+</small><span class="username" data-name="time to chill">time to chill</span>:</strong> <em>god, that milotic is so bulky</em></div><div class="chat chatmessage-h2opulse"><strong style="color:#6e8c2b"><small>☆</small><span class="username" data-name="H2OPulse">H2OPulse</span>:</strong> <em>Ahshdjfk fa ir</em></div><div class="chat chatmessage-inkbug1 mine"><strong style="color:#e46e0f"><small>☆</small><span class="username" data-name="inkbug1">inkbug1</span>:</strong> <em>that is working a bit better but he does need recovery </em></div><div class="chat chatmessage-abismal"><strong style="color:#68a730"><small>+</small><span class="username" data-name="abismal">abismal</span>:</strong> <em>milotic do be bulky</em></div><div class="chat chatmessage-blazinghero657"><strong style="color:#2e9e35"><small>+</small><span class="username" data-name="BlazingHero657">BlazingHero657</span>:</strong> <em>what is coilrig</em></div><div class="chat chatmessage-abismal"><strong style="color:#68a730"><small>+</small><span class="username" data-name="abismal">abismal</span>:</strong> <em>sandaconda</em></div><div class="spacer battle-history"><br></div><div class="battle-history">Go! Risotto (<strong>Carnelion</strong>)!<br></div><div class="spacer battle-history"><br></div><h2 class="battle-history">Turn 48</h2><div class="spacer battle-history"><br></div><div class="battle-history">H2OPulse withdrew Senecio!<br></div><div class="battle-history">H2OPulse sent out Mango (<strong>Noivern-Variant</strong>)!<br></div><div class="spacer battle-history"><br></div><div class="battle-history">Risotto used <strong>Fake Out</strong>!<br></div><div class="battle-history"><small>The Normal Gem strengthened Risotto's power!</small><br></div><div class="battle-history"><small>(The opposing Mango lost 44% of its health!)</small><br></div><div class="spacer battle-history"><br></div><h2 class="battle-history">Turn 49</h2><div class="chat chatmessage-blazinghero657"><strong style="color:#2e9e35"><small>+</small><span class="username" data-name="BlazingHero657">BlazingHero657</span>:</strong> <em>so sandaconda can use eviolite now?</em></div><div class="spacer battle-history"><br></div><div class="battle-history">Risotto, come back!<br></div><div class="battle-history">Go! Gamma (<strong>Gardevoir</strong>)!<br></div><div class="battle-history">[Gamma's Trace]<br>[Gamma's Levitate]<br><small>Gamma traced the opposing Mango's Levitate!</small><br></div><div class="spacer battle-history"><br></div><div class="battle-history">The opposing Mango used <strong>Roost</strong>!<br></div><div class="battle-history"><small>The opposing Mango had its HP restored.</small><br></div><div class="spacer battle-history"><br></div><h2 class="battle-history">Turn 50</h2><div class="chat chatmessage-timetochill"><strong style="color:#338e9e"><small>+</small><span class="username" data-name="time to chill">time to chill</span>:</strong> <em>yes</em></div><div class="spacer battle-history"><br></div><div class="battle-history">The opposing Mango used <strong>U-turn</strong>!<br></div><div class="battle-history"><small>(Gamma lost <abbr title="−69/278">24.8%</abbr> of its health!)</small><br></div><div class="battle-history"><small>The opposing Mango lost some of its HP!</small><br></div><div class="chat chatmessage-timetochill"><strong style="color:#338e9e"><small>+</small><span class="username" data-name="time to chill">time to chill</span>:</strong> <em>same for gourgeist and scrafty</em></div><div class="spacer battle-history"><br></div><div class="battle-history">The opposing Mango went back to H2OPulse!<br></div><div class="battle-history">H2OPulse sent out Foxfire (<strong>Shiinotic-Kalos</strong>)!<br></div><div class="battle-history"><small>The opposing Foxfire was hurt by the spikes!</small><br></div><div class="spacer battle-history"><br></div><div class="battle-history">Gamma used <strong>Psyshock</strong>!<br></div><div class="battle-history"><small>It's super effective!</small><br></div><div class="battle-history"><small>(The opposing Foxfire lost 33% of its health!)</small><br></div><div class="spacer battle-history"><br></div><div class="battle-history">The opposing Foxfire fainted!<br></div><div class="spacer battle-history"><br></div><div class="battle-history"><small>Your team's Light Screen wore off!</small><br></div><div class="spacer battle-history"><br></div><div class="battle-history">H2OPulse sent out Senecio (<strong>Milotic</strong>)!<br></div><div class="battle-history"><small>The opposing Senecio was hurt by the spikes!</small><br></div><div class="spacer battle-history"><br></div><h2 class="battle-history">Turn 51</h2><div class="chat chatmessage-abismal"><strong style="color:#68a730"><small>+</small><span class="username" data-name="abismal">abismal</span>:</strong> <em>and golduck, and electrode, and many more</em></div><div class="chat chatmessage-notmossy"><strong style="color:#3f7abe"><small>+</small><span class="username" data-name="Not mossy">Not mossy</span>:</strong> <em>and buizel</em></div><div class="chat chatmessage-blazinghero657"><strong style="color:#2e9e35"><small>+</small><span class="username" data-name="BlazingHero657">BlazingHero657</span>:</strong> <em>ooh, gourgeist?</em></div><div class="chat chatmessage-timetochill"><strong style="color:#338e9e"><small>+</small><span class="username" data-name="time to chill">time to chill</span>:</strong> <em>yes</em></div><div class="spacer battle-history"><br></div><div class="battle-history">Gamma used <strong>Psyshock</strong>!<br></div><div class="battle-history"><small>(The opposing Senecio lost 29% of its health!)</small><br></div><div class="spacer battle-history"><br></div><div class="battle-history">The opposing Senecio used <strong>Recover</strong>!<br></div><div class="battle-history"><small>The opposing Senecio had its HP restored.</small><br></div><div class="spacer battle-history"><br></div><div class="battle-history"><small>The opposing Senecio restored a little HP using its Leftovers!</small><br></div><div class="spacer battle-history"><br></div><h2 class="battle-history">Turn 52</h2><div class="chat"><small>+Not mossy left</small></div><div class="spacer battle-history"><br></div><div class="battle-history">Gamma used <strong>Draining Kiss</strong>!<br></div><div class="battle-history"><small>(The opposing Senecio lost 21% of its health!)</small><br></div><div class="battle-history"><small>The opposing Senecio had its energy drained!</small><br></div><div class="spacer battle-history"><br></div><div class="battle-history">The opposing Senecio used <strong>Scald</strong>!<br></div><div class="battle-history"><small>(Gamma lost <abbr title="−82/278">29.5%</abbr> of its health!)</small><br></div><div class="battle-history"><small>Gamma was burned!</small><br></div><div class="spacer battle-history"><br></div><div class="battle-history"><small>The opposing Senecio restored a little HP using its Leftovers!</small><br></div><div class="battle-history"><small>Gamma was hurt by its burn!</small><br></div><div class="spacer battle-history"><br></div><h2 class="battle-history">Turn 53</h2><div class="chat chatmessage-timetochill"><strong style="color:#338e9e"><small>+</small><span class="username" data-name="time to chill">time to chill</span>:</strong> <em>draining kiss, heat</em></div><div class="chat"><small>+Not mossy joined</small></div><div class="spacer battle-history"><br></div><div class="battle-history">Gamma used <strong>Draining Kiss</strong>!<br></div><div class="battle-history"><small>(The opposing Senecio lost 19% of its health!)</small><br></div><div class="battle-history"><small>The opposing Senecio had its energy drained!</small><br></div><div class="spacer battle-history"><br></div><div class="battle-history">The opposing Senecio used <strong>Recover</strong>!<br></div><div class="battle-history"><small>The opposing Senecio had its HP restored.</small><br></div><div class="spacer battle-history"><br></div><div class="battle-history"><small>The opposing Senecio restored a little HP using its Leftovers!</small><br></div><div class="battle-history"><small>Gamma was hurt by its burn!</small><br></div><div class="spacer battle-history"><br></div><h2 class="battle-history">Turn 54</h2><div class="chat chatmessage-abismal"><strong style="color:#68a730"><small>+</small><span class="username" data-name="abismal">abismal</span>:</strong> <em>gardevoir has the potential to get recover next gen </em></div><div class="chat chatmessage-inkbug1 mine"><strong style="color:#e46e0f"><small>☆</small><span class="username" data-name="inkbug1">inkbug1</span>:</strong> <em>so you can take advantage of triage if you trace it</em></div><div class="chat chatmessage-blazinghero657"><strong style="color:#2e9e35"><small>+</small><span class="username" data-name="BlazingHero657">BlazingHero657</span>:</strong> <em>ok, what is Balleringue?</em></div><div class="chat"><small> eqjfiwjiiwjfjwiqe joined</small></div><div class="chat chatmessage-abismal"><strong style="color:#68a730"><small>+</small><span class="username" data-name="abismal">abismal</span>:</strong> <em>wormad</em></div><div class="chat chatmessage-inkbug1 mine"><strong style="color:#e46e0f"><small>☆</small><span class="username" data-name="inkbug1">inkbug1</span>:</strong> <em>wormadam trash 2 </em></div><div class="chat chatmessage-timetochill"><strong style="color:#338e9e"><small>+</small><span class="username" data-name="time to chill">time to chill</span>:</strong> <em>evo of wormadam</em></div><div class="chat chatmessage-notmossy"><strong style="color:#3f7abe"><small>+</small><span class="username" data-name="Not mossy">Not mossy</span>:</strong> <em>Idt recover would help garde that much</em></div><div class="chat chatmessage-blazinghero657"><strong style="color:#2e9e35"><small>+</small><span class="username" data-name="BlazingHero657">BlazingHero657</span>:</strong> <em>k</em></div><div class="chat chatmessage-abismal"><strong style="color:#68a730"><small>+</small><span class="username" data-name="abismal">abismal</span>:</strong> <em>life orb sets</em></div><div class="chat chatmessage-timetochill"><strong style="color:#338e9e"><small>+</small><span class="username" data-name="time to chill">time to chill</span>:</strong> <em>pretty terrifying mon</em></div><div class="chat chatmessage-blazinghero657"><strong style="color:#2e9e35"><small>+</small><span class="username" data-name="BlazingHero657">BlazingHero657</span>:</strong> <em>i can kinda tell what the evos are most of the time based on the names</em></div><div class="chat chatmessage-abismal"><strong style="color:#68a730"><small>+</small><span class="username" data-name="abismal">abismal</span>:</strong> <em>recover is still a good move</em></div><div class="chat chatmessage-notmossy"><strong style="color:#3f7abe"><small>+</small><span class="username" data-name="Not mossy">Not mossy</span>:</strong> <em>It is bulkier than zam, but at the end of the day, it's always gonna be worse than zam offensively</em></div><div class="chat chatmessage-blazinghero657"><strong style="color:#2e9e35"><small>+</small><span class="username" data-name="BlazingHero657">BlazingHero657</span>:</strong> <em>whoever did them did a good job withn it</em></div><div class="chat chatmessage-abismal"><strong style="color:#68a730"><small>+</small><span class="username" data-name="abismal">abismal</span>:</strong> <em>i bet you wont find out what our most obscure ones are</em></div><div class="spacer battle-history"><br></div><div class="battle-history">Gamma, come back!<br></div><div class="battle-history">Go! Prism (<strong>Pollugonal</strong>)!<br></div><div class="spacer battle-history"><br></div><div class="battle-history">The opposing Senecio used <strong>Mirror Coat</strong>!<br></div><div class="battle-history"><small>But it failed!</small><br></div><div class="spacer battle-history"><br></div><div class="battle-history"><small>The opposing Senecio restored a little HP using its Leftovers!</small><br></div><div class="battle-history"><small>Prism was hurt by its burn!</small><br></div><div class="spacer battle-history"><br></div><h2 class="battle-history">Turn 55</h2><div class="chat chatmessage-timetochill"><strong style="color:#338e9e"><small>+</small><span class="username" data-name="time to chill">time to chill</span>:</strong> <em>magmajudis came up with Ballerinque</em></div><div class="spacer battle-history"><br></div><div class="battle-history">Prism used <strong>Spikes</strong>!<br></div><div class="battle-history"><small>Spikes were scattered on the ground all around the opposing team!</small><br></div><div class="spacer battle-history"><br></div><div class="battle-history">The opposing Senecio used <strong>Scald</strong>!<br></div><div class="battle-history"><small>(Prism lost <abbr title="−75/383">19.6%</abbr> of its health!)</small><br></div><div class="spacer battle-history"><br></div><div class="battle-history"><small>The opposing Senecio restored a little HP using its Leftovers!</small><br></div><div class="battle-history"><small>Prism was hurt by its burn!</small><br></div><div class="spacer battle-history"><br></div><h2 class="battle-history">Turn 56</h2><div class="chat chatmessage-inkbug1 mine"><strong style="color:#e46e0f"><small>☆</small><span class="username" data-name="inkbug1">inkbug1</span>:</strong> <em><a href="https://media.discordapp.net/attachments/917248174421332038/973856252310458368/unknown.png?width=795&amp;height=463" rel="noopener" target="_blank">https://media.discordapp.net/attachments/917248174421332038/973856252310458368/unknown.png?width=795&amp;height=463</a></em></div><div class="spacer battle-history"><br></div><div class="battle-history">Prism used <strong>Recover</strong>!<br></div><div class="battle-history"><small>Prism had its HP restored.</small><br></div><div class="spacer battle-history"><br></div><div class="battle-history">The opposing Senecio used <strong>Scald</strong>!<br></div><div class="battle-history"><small>(Prism lost <abbr title="−76/383">19.8%</abbr> of its health!)</small><br></div><div class="spacer battle-history"><br></div><div class="battle-history"><small>Prism was hurt by its burn!</small><br></div><div class="spacer battle-history"><br></div><h2 class="battle-history">Turn 57</h2><div class="chat chatmessage-abismal"><strong style="color:#68a730"><small>+</small><span class="username" data-name="abismal">abismal</span>:</strong> <em>fun fact</em></div><div class="spacer battle-history"><br></div><div class="battle-history">Prism used <strong>Rapid Spin</strong>!<br></div><div class="battle-history"><small>(The opposing Senecio lost 1% of its health!)</small><br></div><div class="battle-history"><small>Prism's Speed rose!</small><br></div><div class="spacer battle-history"><br></div><div class="battle-history">The opposing Senecio used <strong>Mirror Coat</strong>!<br></div><div class="battle-history"><small>But it failed!</small><br></div><div class="spacer battle-history"><br></div><div class="battle-history"><small>The opposing Senecio restored a little HP using its Leftovers!</small><br></div><div class="battle-history"><small>Prism was hurt by its burn!</small><br></div><div class="spacer battle-history"><br></div><h2 class="battle-history">Turn 58</h2><div class="chat chatmessage-blazinghero657"><strong style="color:#2e9e35"><small>+</small><span class="username" data-name="BlazingHero657">BlazingHero657</span>:</strong> <em>why does bafflack have nonexistent physical bulk</em></div><div class="chat chatmessage-notmossy"><strong style="color:#3f7abe"><small>+</small><span class="username" data-name="Not mossy">Not mossy</span>:</strong> <em>baffling</em></div><div class="chat chatmessage-timetochill"><strong style="color:#338e9e"><small>+</small><span class="username" data-name="time to chill">time to chill</span>:</strong> <em>that was the theme of the slate x)</em></div><div class="chat chatmessage-inkbug1 mine"><strong style="color:#e46e0f"><small>☆</small><span class="username" data-name="inkbug1">inkbug1</span>:</strong> <em>bc that was the theme of the set yeah </em></div><div class="chat chatmessage-timetochill"><strong style="color:#338e9e"><small>+</small><span class="username" data-name="time to chill">time to chill</span>:</strong> <em>Pkm with comically low defense</em></div><div class="chat chatmessage-inkbug1 mine"><strong style="color:#e46e0f"><small>☆</small><span class="username" data-name="inkbug1">inkbug1</span>:</strong> <em>there are a bunch of pkmn like that</em></div><div class="chat chatmessage-blazinghero657"><strong style="color:#2e9e35"><small>+</small><span class="username" data-name="BlazingHero657">BlazingHero657</span>:</strong> <em>ooook.</em></div><div class="chat chatmessage-abismal"><strong style="color:#68a730"><small>+</small><span class="username" data-name="abismal">abismal</span>:</strong> <em>like Nown</em></div><div class="spacer battle-history"><br></div><div class="battle-history">Prism used <strong>Rapid Spin</strong>!<br></div><div class="battle-history"><small>(The opposing Senecio lost 1% of its health!)</small><br></div><div class="battle-history"><small>Prism's Speed rose!</small><br></div><div class="spacer battle-history"><br></div><div class="battle-history">The opposing Senecio used <strong>Mirror Coat</strong>!<br></div><div class="battle-history"><small>But it failed!</small><br></div><div class="spacer battle-history"><br></div><div class="battle-history"><small>The opposing Senecio restored a little HP using its Leftovers!</small><br></div><div class="battle-history"><small>Prism was hurt by its burn!</small><br></div><div class="spacer battle-history"><br></div><h2 class="battle-history">Turn 59</h2><div class="chat chatmessage-h2opulse"><strong style="color:#6e8c2b"><small>☆</small><span class="username" data-name="H2OPulse">H2OPulse</span>:</strong> <em>I don't think Nown was from that set</em></div><div class="chat chatmessage-timetochill"><strong style="color:#338e9e"><small>+</small><span class="username" data-name="time to chill">time to chill</span>:</strong> <em>or Bombastic</em></div><div class="chat chatmessage-abismal"><strong style="color:#68a730"><small>+</small><span class="username" data-name="abismal">abismal</span>:</strong> <em>yes it was</em></div><div class="chat chatmessage-abismal"><strong style="color:#68a730"><small>+</small><span class="username" data-name="abismal">abismal</span>:</strong> <em>or</em></div><div class="chat chatmessage-blazinghero657"><strong style="color:#2e9e35"><small>+</small><span class="username" data-name="BlazingHero657">BlazingHero657</span>:</strong> <em>is dolorak Ariados?</em></div><div class="chat chatmessage-timetochill"><strong style="color:#338e9e"><small>+</small><span class="username" data-name="time to chill">time to chill</span>:</strong> <em>yes</em></div><div class="chat chatmessage-inkbug1 mine"><strong style="color:#e46e0f"><small>☆</small><span class="username" data-name="inkbug1">inkbug1</span>:</strong> <em>yes</em></div><div class="chat chatmessage-timetochill"><strong style="color:#338e9e"><small>+</small><span class="username" data-name="time to chill">time to chill</span>:</strong> <em>evo</em></div><div class="chat chatmessage-abismal"><strong style="color:#68a730"><small>+</small><span class="username" data-name="abismal">abismal</span>:</strong> <em>it was from a defense lowering slate</em></div><div class="chat chatmessage-abismal"><strong style="color:#68a730"><small>+</small><span class="username" data-name="abismal">abismal</span>:</strong> <em>or something</em></div><div class="chat chatmessage-h2opulse"><strong style="color:#6e8c2b"><small>☆</small><span class="username" data-name="H2OPulse">H2OPulse</span>:</strong> <em>Ohh right huh</em></div><div class="chat chatmessage-inkbug1 mine"><strong style="color:#e46e0f"><small>☆</small><span class="username" data-name="inkbug1">inkbug1</span>:</strong> <em>there was "lower both defenses" and "spdef must be x amount higher than def" they were different</em></div><div class="chat chatmessage-abismal"><strong style="color:#68a730"><small>+</small><span class="username" data-name="abismal">abismal</span>:</strong> <em>nown was from -20 defense and spd</em></div><div class="spacer battle-history"><br></div><div class="battle-history">Prism used <strong>Freeze-Dry</strong>!<br></div><div class="battle-history"><small>It's super effective!</small><br></div><div class="battle-history"><small>(The opposing Senecio lost 37% of its health!)</small><br></div><div class="spacer battle-history"><br></div><div class="battle-history">The opposing Senecio used <strong>Mirror Coat</strong>!<br></div><div class="battle-history"><small>(Prism lost <abbr title="−196/383">51.2%</abbr> of its health!)</small><br></div><div class="spacer battle-history"><br></div><div class="battle-history">Prism fainted!<br></div><div class="spacer battle-history"><br></div><div class="battle-history"><small>The opposing Senecio restored a little HP using its Leftovers!</small><br></div><div class="chat chatmessage-blazinghero657"><strong style="color:#2e9e35"><small>+</small><span class="username" data-name="BlazingHero657">BlazingHero657</span>:</strong> <em>stats still look rather underwhelming</em></div><div class="chat chatmessage-abismal"><strong style="color:#68a730"><small>+</small><span class="username" data-name="abismal">abismal</span>:</strong> <em>slate 2</em></div><div class="chat chatmessage-h2opulse"><strong style="color:#6e8c2b"><small>☆</small><span class="username" data-name="H2OPulse">H2OPulse</span>:</strong> <em>Ah! Yeah it was you're right</em></div><div class="chat chatmessage-inkbug1 mine"><strong style="color:#e46e0f"><small>☆</small><span class="username" data-name="inkbug1">inkbug1</span>:</strong> <em>fuck ui </em></div><div class="spacer battle-history"><br></div><div class="battle-history">Go! Risotto (<strong>Carnelion</strong>)!<br></div><div class="spacer battle-history"><br></div><h2 class="battle-history">Turn 60</h2><div class="chat chatmessage-h2opulse"><strong style="color:#6e8c2b"><small>☆</small><span class="username" data-name="H2OPulse">H2OPulse</span>:</strong> <em>: D</em></div><div class="chat chatmessage-abismal"><strong style="color:#68a730"><small>+</small><span class="username" data-name="abismal">abismal</span>:</strong> <em>every pokemon here looks underwhelming because its basically RU</em></div><div class="spacer battle-history"><br></div><div class="battle-history">Risotto used <strong>Fake Out</strong>!<br></div><div class="battle-history"><small>(The opposing Senecio lost 21% of its health!)</small><br></div><div class="spacer battle-history"><br></div><div class="battle-history">The opposing Senecio flinched and couldn't move!<br></div><div class="spacer battle-history"><br></div><div class="battle-history"><small>The opposing Senecio restored a little HP using its Leftovers!</small><br></div><div class="spacer battle-history"><br></div><h2 class="battle-history">Turn 61</h2><div class="chat chatmessage-abismal"><strong style="color:#68a730"><small>+</small><span class="username" data-name="abismal">abismal</span>:</strong> <em>meta is low powered</em></div><div class="chat chatmessage-timetochill"><strong style="color:#338e9e"><small>+</small><span class="username" data-name="time to chill">time to chill</span>:</strong> <em>Dolorak was made more with VGC in mind,, if you were wondering</em></div><div class="chat chatmessage-blazinghero657"><strong style="color:#2e9e35"><small>+</small><span class="username" data-name="BlazingHero657">BlazingHero657</span>:</strong> <em>hm</em></div><div class="chat chatmessage-notmossy"><strong style="color:#3f7abe"><small>+</small><span class="username" data-name="Not mossy">Not mossy</span>:</strong> <em>Free lando-t</em></div><div class="chat chatmessage-blazinghero657"><strong style="color:#2e9e35"><small>+</small><span class="username" data-name="BlazingHero657">BlazingHero657</span>:</strong> <em>carnelion... persion?</em></div><div class="chat chatmessage-inkbug1 mine"><strong style="color:#e46e0f"><small>☆</small><span class="username" data-name="inkbug1">inkbug1</span>:</strong> <em>dolorak is good </em></div><div class="chat chatmessage-abismal"><strong style="color:#68a730"><small>+</small><span class="username" data-name="abismal">abismal</span>:</strong> <em>yes</em></div><div class="chat chatmessage-inkbug1 mine"><strong style="color:#e46e0f"><small>☆</small><span class="username" data-name="inkbug1">inkbug1</span>:</strong> <em>its very disruptive i like it a lot</em></div><div class="chat chatmessage-blazinghero657"><strong style="color:#2e9e35"><small>+</small><span class="username" data-name="BlazingHero657">BlazingHero657</span>:</strong> <em>i can't recognize curski. is it new?</em></div><div class="chat chatmessage-abismal"><strong style="color:#68a730"><small>+</small><span class="username" data-name="abismal">abismal</span>:</strong> <em>yes</em></div><div class="chat chatmessage-notmossy"><strong style="color:#3f7abe"><small>+</small><span class="username" data-name="Not mossy">Not mossy</span>:</strong> <em>klefki</em></div><div class="chat chatmessage-notmossy"><strong style="color:#3f7abe"><small>+</small><span class="username" data-name="Not mossy">Not mossy</span>:</strong> <em>But bad</em></div><div class="chat chatmessage-timetochill"><strong style="color:#338e9e"><small>+</small><span class="username" data-name="time to chill">time to chill</span>:</strong> <em>alternate form of spiritomb, iirc</em></div><div class="chat chatmessage-abismal"><strong style="color:#68a730"><small>+</small><span class="username" data-name="abismal">abismal</span>:</strong> <em>its not even comparable to klefki</em></div><div class="chat chatmessage-h2opulse"><strong style="color:#6e8c2b"><small>☆</small><span class="username" data-name="H2OPulse">H2OPulse</span>:</strong> <em>Curski is Spiritomb without the extra souls</em></div><div class="chat chatmessage-h2opulse"><strong style="color:#6e8c2b"><small>☆</small><span class="username" data-name="H2OPulse">H2OPulse</span>:</strong> <em>It's just a grumpy rock</em></div><div class="chat chatmessage-inkbug1 mine"><strong style="color:#e46e0f"><small>☆</small><span class="username" data-name="inkbug1">inkbug1</span>:</strong> <em>its spiritomb but its just the rock</em></div><div class="chat chatmessage-h2opulse"><strong style="color:#6e8c2b"><small>☆</small><span class="username" data-name="H2OPulse">H2OPulse</span>:</strong> <em>and we love it</em></div><div class="chat chatmessage-abismal"><strong style="color:#68a730"><small>+</small><span class="username" data-name="abismal">abismal</span>:</strong> <em>now we need spiritomb but without the rock</em></div><div class="chat chatmessage-blazinghero657"><strong style="color:#2e9e35"><small>+</small><span class="username" data-name="BlazingHero657">BlazingHero657</span>:</strong> <em>Endurow, nice </em></div><div class="chat chatmessage-notmossy"><strong style="color:#3f7abe"><small>+</small><span class="username" data-name="Not mossy">Not mossy</span>:</strong> <em>We need klefki without the keys</em></div><div class="spacer battle-history"><br></div><div class="battle-history">Risotto used <strong>Covet</strong>!<br></div><div class="battle-history"><small>(The opposing Senecio lost 32% of its health!)</small><br></div><div class="battle-history"><small>Risotto stole the opposing Senecio's Leftovers!</small><br></div><div class="spacer battle-history"><br></div><div class="battle-history">The opposing Senecio used <strong>Recover</strong>!<br></div><div class="battle-history"><small>The opposing Senecio had its HP restored.</small><br></div><div class="spacer battle-history"><br></div><div class="battle-history"><small>Risotto restored a little HP using its Leftovers!</small><br></div><div class="spacer battle-history"><br></div><h2 class="battle-history">Turn 62</h2><div class="chat chatmessage-abismal"><strong style="color:#68a730"><small>+</small><span class="username" data-name="abismal">abismal</span>:</strong> <em>rotom without the electricity</em></div><div class="spacer battle-history"><br></div><div class="battle-history">Risotto used <strong>U-turn</strong>!<br></div><div class="battle-history"><small>(The opposing Senecio lost 15% of its health!)</small><br></div><div class="chat chatmessage-abismal"><strong style="color:#68a730"><small>+</small><span class="username" data-name="abismal">abismal</span>:</strong> <em>ah yes my favorite pokemon</em></div><div class="spacer battle-history"><br></div><div class="battle-history">Risotto went back to inkbug1!<br></div><div class="battle-history">Go! Gamma (<strong>Gardevoir</strong>)!<br></div><div class="battle-history">[Gamma's Trace]<br>[Gamma's Competitive]<br><small>Gamma traced the opposing Senecio's Competitive!</small><br></div><div class="spacer battle-history"><br></div><div class="battle-history">The opposing Senecio used <strong>Scald</strong>!<br></div><div class="battle-history"><small>(Gamma lost <abbr title="−81/278">29.1%</abbr> of its health!)</small><br></div><div class="spacer battle-history"><br></div><div class="battle-history"><small>Gamma was hurt by its burn!</small><br></div><div class="spacer battle-history"><br></div><h2 class="battle-history">Turn 63</h2><div class="chat chatmessage-abismal"><strong style="color:#68a730"><small>+</small><span class="username" data-name="abismal">abismal</span>:</strong> <em>oven </em></div><div class="chat"><small>+ZCopen joined</small></div><div class="spacer battle-history"><br></div><div class="battle-history">Gamma used <strong>Healing Wish</strong>!<br></div><div class="spacer battle-history"><br></div><div class="battle-history">Gamma fainted!<br></div><div class="battle-history">The opposing Senecio used <strong>Mirror Coat</strong>!<br></div><div class="battle-history"><small>But it failed!</small><br></div><div class="spacer battle-history"><br></div><div class="battle-history">Go! Spyke (<strong>Scrafiti</strong>)!<br></div><div class="battle-history"><small>The healing wish came true for Spyke!</small><br></div><div class="spacer battle-history"><br></div><h2 class="battle-history">Turn 64</h2><div class="chat chatmessage-h2opulse"><strong style="color:#6e8c2b"><small>☆</small><span class="username" data-name="H2OPulse">H2OPulse</span>:</strong> <em>Oh fear</em></div><div class="spacer battle-history"><br></div><div class="battle-history">The opposing Senecio used <strong>Scald</strong>!<br></div><div class="battle-history"><small>(Spyke lost <abbr title="−81/343">23.6%</abbr> of its health!)</small><br></div><div class="spacer battle-history"><br></div><div class="battle-history">Spyke used <strong>Drain Punch</strong>!<br></div><div class="battle-history"><small>(The opposing Senecio lost 26% of its health!)</small><br></div><div class="battle-history"><small>The opposing Senecio had its energy drained!</small><br></div><div class="spacer battle-history"><br></div><h2 class="battle-history">Turn 65</h2><div class="chat chatmessage-blazinghero657"><strong style="color:#2e9e35"><small>+</small><span class="username" data-name="BlazingHero657">BlazingHero657</span>:</strong> <em>ooh, farmunk. is that Greedent?</em></div><div class="chat chatmessage-abismal"><strong style="color:#68a730"><small>+</small><span class="username" data-name="abismal">abismal</span>:</strong> <em>yes</em></div><div class="chat chatmessage-zcopen"><strong style="color:#226dd7"><small>+</small><span class="username" data-name="ZCopen">ZCopen</span>:</strong> <em>the fuck is this</em></div><div class="chat chatmessage-abismal"><strong style="color:#68a730"><small>+</small><span class="username" data-name="abismal">abismal</span>:</strong> <em>RU</em></div><div class="spacer battle-history"><br></div><div class="battle-history">Spyke used <strong>Copycat</strong>!<br></div><div class="spacer battle-history"><br></div><div class="battle-history">Spyke used <strong>Drain Punch</strong>!<br></div><div class="battle-history"><small>(The opposing Senecio lost 29% of its health!)</small><br></div><div class="battle-history"><small>The opposing Senecio had its energy drained!</small><br></div><div class="spacer battle-history"><br></div><div class="battle-history">The opposing Senecio used <strong>Recover</strong>!<br></div><div class="battle-history"><small>The opposing Senecio had its HP restored.</small><br></div><div class="spacer battle-history"><br></div><h2 class="battle-history">Turn 66</h2><div class="chat chatmessage-blazinghero657"><strong style="color:#2e9e35"><small>+</small><span class="username" data-name="BlazingHero657">BlazingHero657</span>:</strong> <em>neat</em></div><div class="chat chatmessage-abismal"><strong style="color:#68a730"><small>+</small><span class="username" data-name="abismal">abismal</span>:</strong> <em>its RU</em></div><div class="chat chatmessage-abismal"><strong style="color:#68a730"><small>+</small><span class="username" data-name="abismal">abismal</span>:</strong> <em>trust me</em></div><div class="chat chatmessage-timetochill"><strong style="color:#338e9e"><small>+</small><span class="username" data-name="time to chill">time to chill</span>:</strong> <em>yes</em></div><div class="spacer battle-history"><br></div><div class="battle-history">The opposing Senecio used <strong>Recover</strong>!<br></div><div class="battle-history"><small>The opposing Senecio had its HP restored.</small><br></div><div class="spacer battle-history"><br></div><div class="battle-history">Spyke used <strong>Drain Punch</strong>!<br></div><div class="battle-history"><small>(The opposing Senecio lost 28% of its health!)</small><br></div><div class="spacer battle-history"><br></div><h2 class="battle-history">Turn 67</h2><div class="chat chatmessage-blazinghero657"><strong style="color:#2e9e35"><small>+</small><span class="username" data-name="BlazingHero657">BlazingHero657</span>:</strong> <em>why grass type though?</em></div><div class="chat chatmessage-notmossy"><strong style="color:#3f7abe"><small>+</small><span class="username" data-name="Not mossy">Not mossy</span>:</strong> <em>y not</em></div><div class="chat chatmessage-abismal"><strong style="color:#68a730"><small>+</small><span class="username" data-name="abismal">abismal</span>:</strong> <em>jazz wanted it to be</em></div><div class="spacer battle-history"><br></div><div class="battle-history">Spyke used <strong>Copycat</strong>!<br></div><div class="spacer battle-history"><br></div><div class="battle-history">Spyke used <strong>Drain Punch</strong>!<br></div><div class="battle-history"><small>(The opposing Senecio lost 26% of its health!)</small><br></div><div class="spacer battle-history"><br></div><div class="battle-history">The opposing Senecio used <strong>Scald</strong>!<br></div><div class="battle-history"><small>(Spyke lost <abbr title="−76/343">22.2%</abbr> of its health!)</small><br></div><div class="spacer battle-history"><br></div><h2 class="battle-history">Turn 68</h2><div class="chat chatmessage-abismal"><strong style="color:#68a730"><small>+</small><span class="username" data-name="abismal">abismal</span>:</strong> <em>plus its got berries in its tail</em></div><div class="chat chatmessage-abismal"><strong style="color:#68a730"><small>+</small><span class="username" data-name="abismal">abismal</span>:</strong> <em>i assumed that from her custom move description</em></div><div class="chat chatmessage-abismal"><strong style="color:#68a730"><small>+</small><span class="username" data-name="abismal">abismal</span>:</strong> <em>and because greedent does that</em></div><div class="chat chatmessage-blazinghero657"><strong style="color:#2e9e35"><small>+</small><span class="username" data-name="BlazingHero657">BlazingHero657</span>:</strong> <em>custom move-</em></div><div class="chat chatmessage-blazinghero657"><strong style="color:#2e9e35"><small>+</small><span class="username" data-name="BlazingHero657">BlazingHero657</span>:</strong> <em>what</em></div><div class="spacer battle-history"><br></div><div class="battle-history">The opposing Senecio used <strong>Recover</strong>!<br></div><div class="battle-history"><small>The opposing Senecio had its HP restored.</small><br></div><div class="spacer battle-history"><br></div><div class="battle-history">Spyke used <strong>Drain Punch</strong>!<br></div><div class="battle-history"><small>(The opposing Senecio lost 27% of its health!)</small><br></div><div class="battle-history"><small>The opposing Senecio had its energy drained!</small><br></div><div class="spacer battle-history"><br></div><h2 class="battle-history">Turn 69</h2><div class="chat chatmessage-abismal"><strong style="color:#68a730"><small>+</small><span class="username" data-name="abismal">abismal</span>:</strong> <em>well it was a hypothetical move</em></div><div class="spacer battle-history"><br></div><div class="battle-history">Spyke used <strong>Copycat</strong>!<br></div><div class="spacer battle-history"><br></div><div class="battle-history">Spyke used <strong>Drain Punch</strong>!<br></div><div class="battle-history"><small>A critical hit!</small><br></div><div class="battle-history"><small>(The opposing Senecio lost 42% of its health!)</small><br></div><div class="battle-history"><small>The opposing Senecio had its energy drained!</small><br></div><div class="spacer battle-history"><br></div><div class="battle-history">The opposing Senecio used <strong>Scald</strong>!<br></div><div class="battle-history"><small>(Spyke lost <abbr title="−84/343">24.5%</abbr> of its health!)</small><br></div><div class="spacer battle-history"><br></div><h2 class="battle-history">Turn 70</h2><div class="chat chatmessage-blazinghero657"><strong style="color:#2e9e35"><small>+</small><span class="username" data-name="BlazingHero657">BlazingHero657</span>:</strong> <em>are there custom moves in general?</em></div><div class="chat chatmessage-inkbug1 mine"><strong style="color:#e46e0f"><small>☆</small><span class="username" data-name="inkbug1">inkbug1</span>:</strong> <em>aaaaaaaaaaaaaaaaaaaaaaaaaaaaaaaaaaaaaaaaaaaa</em></div><div class="chat chatmessage-abismal"><strong style="color:#68a730"><small>+</small><span class="username" data-name="abismal">abismal</span>:</strong> <em>no</em></div><div class="chat chatmessage-h2opulse"><strong style="color:#6e8c2b"><small>☆</small><span class="username" data-name="H2OPulse">H2OPulse</span>:</strong> <em>Most Pokémon in this format don't have customs, but we talked about them once for fun ow fair that's bad</em></div><div class="chat chatmessage-timetochill"><strong style="color:#338e9e"><small>+</small><span class="username" data-name="time to chill">time to chill</span>:</strong> <em>yes</em></div><div class="spacer battle-history"><br></div><div class="battle-history">The opposing Senecio used <strong>Recover</strong>!<br></div><div class="battle-history"><small>The opposing Senecio had its HP restored.</small><br></div><div class="spacer battle-history"><br></div><div class="battle-history">Spyke used <strong>Drain Punch</strong>!<br></div><div class="battle-history"><small>(The opposing Senecio lost 28% of its health!)</small><br></div><div class="battle-history"><small>The opposing Senecio had its energy drained!</small><br></div><div class="spacer battle-history"><br></div><h2 class="battle-history">Turn 71</h2><div class="chat chatmessage-timetochill"><strong style="color:#338e9e"><small>+</small><span class="username" data-name="time to chill">time to chill</span>:</strong> <em>plaque fangs</em></div><div class="chat chatmessage-abismal"><strong style="color:#68a730"><small>+</small><span class="username" data-name="abismal">abismal</span>:</strong> <em>oh</em></div><div class="chat chatmessage-abismal"><strong style="color:#68a730"><small>+</small><span class="username" data-name="abismal">abismal</span>:</strong> <em>wait thats illegal</em></div><div class="chat chatmessage-timetochill"><strong style="color:#338e9e"><small>+</small><span class="username" data-name="time to chill">time to chill</span>:</strong> <em>its raticate's evo sig move</em></div><div class="spacer battle-history"><br></div><div class="battle-history">Spyke used <strong>Copycat</strong>!<br></div><div class="spacer battle-history"><br></div><div class="battle-history">Spyke used <strong>Drain Punch</strong>!<br></div><div class="battle-history"><small>(The opposing Senecio lost 25% of its health!)</small><br></div><div class="battle-history"><small>The opposing Senecio had its energy drained!</small><br></div><div class="spacer battle-history"><br></div><div class="battle-history">The opposing Senecio used <strong>Recover</strong>!<br></div><div class="battle-history"><small>The opposing Senecio had its HP restored.</small><br></div><div class="spacer battle-history"><br></div><h2 class="battle-history">Turn 72</h2><div class="chat chatmessage-blazinghero657"><strong style="color:#2e9e35"><small>+</small><span class="username" data-name="BlazingHero657">BlazingHero657</span>:</strong> <em>better toxic fang?</em></div><div class="chat chatmessage-h2opulse"><strong style="color:#6e8c2b"><small>☆</small><span class="username" data-name="H2OPulse">H2OPulse</span>:</strong> <em>Unrelated</em></div><div class="chat chatmessage-inkbug1 mine"><strong style="color:#e46e0f"><small>☆</small><span class="username" data-name="inkbug1">inkbug1</span>:</strong> <em>!dt plaque fang</em></div><div class="chat"><ul class="utilichart"><li class="result"><span class="col movenamecol"><a href="https://dex.pokemonshowdown.com/moves/plaquefang" target="_blank" rel="noopener">Plaque Fang</a></span> <span class="col typecol"><img src="//dragonheaven.herokuapp.com/sprites/types/Poison.png" alt="Poison" width="32" height="14"><img src="//dragonheaven.herokuapp.com/sprites/categories/Physical.png" alt="Physical" width="32" height="14"></span> <span class="col labelcol"><em>Power</em><br>80</span> <span class="col widelabelcol"><em>Accuracy</em><br>100%</span> <span class="col pplabelcol"><em>PP</em><br>16</span> <span class="col movedesccol">Poisons the target if the user is statused.</span> </li><li style="clear: both"></li></ul></div><div class="chat"><font size="1"><font color="#686868">Priority:</font> 0&nbsp;|  <font color="#686868">Gen:</font> 0&nbsp;|  ✓ Secondary effect&nbsp;|  ✓ Contact&nbsp;|  <font color="#686868">Z-Power:</font> 160&nbsp;|  <font color="#686868">Dynamax Power:</font> 90&nbsp;|  <font color="#686868">Target:</font> One Adjacent Pokémon</font></div><div class="spacer battle-history"><br></div><div class="battle-history">The opposing Senecio used <strong>Scald</strong>!<br></div><div class="battle-history"><small>(Spyke lost <abbr title="−84/343">24.5%</abbr> of its health!)</small><br></div><div class="spacer battle-history"><br></div><div class="battle-history">Spyke used <strong>Drain Punch</strong>!<br></div><div class="battle-history"><small>(The opposing Senecio lost 28% of its health!)</small><br></div><div class="battle-history"><small>The opposing Senecio had its energy drained!</small><br></div><div class="spacer battle-history"><br></div><h2 class="battle-history">Turn 73</h2><div class="chat chatmessage-blazinghero657"><strong style="color:#2e9e35"><small>+</small><span class="username" data-name="BlazingHero657">BlazingHero657</span>:</strong> <em>oh, so it's guts synergy?</em></div><div class="chat chatmessage-analysisgeek"><strong style="color:#3e7fb9"><small>+</small><span class="username" data-name="analysis geek">analysis geek</span>:</strong> <em>for guts sets</em></div><div class="spacer battle-history"><br></div><div class="battle-history">The opposing Senecio used <strong>Recover</strong>!<br></div><div class="battle-history"><small>The opposing Senecio had its HP restored.</small><br></div><div class="spacer battle-history"><br></div><div class="battle-history">Spyke used <strong>Drain Punch</strong>!<br></div><div class="battle-history"><small>(The opposing Senecio lost 27% of its health!)</small><br></div><div class="battle-history"><small>The opposing Senecio had its energy drained!</small><br></div><div class="spacer battle-history"><br></div><h2 class="battle-history">Turn 74</h2><div class="chat chatmessage-timetochill"><strong style="color:#338e9e"><small>+</small><span class="username" data-name="time to chill">time to chill</span>:</strong> <em>yes</em></div><div class="chat chatmessage-analysisgeek"><strong style="color:#3e7fb9"><small>+</small><span class="username" data-name="analysis geek">analysis geek</span>:</strong> <em>yeah</em></div><div class="spacer battle-history"><br></div><div class="battle-history">The opposing Senecio used <strong>Scald</strong>!<br></div><div class="battle-history"><small>(Spyke lost <abbr title="−78/343">22.7%</abbr> of its health!)</small><br></div><div class="spacer battle-history"><br></div><div class="battle-history">Spyke used <strong>Drain Punch</strong>!<br></div><div class="battle-history"><small>(The opposing Senecio lost 26% of its health!)</small><br></div><div class="battle-history"><small>The opposing Senecio had its energy drained!</small><br></div><div class="spacer battle-history"><br></div><h2 class="battle-history">Turn 75</h2><div class="chat chatmessage-blazinghero657"><strong style="color:#2e9e35"><small>+</small><span class="username" data-name="BlazingHero657">BlazingHero657</span>:</strong> <em>what type is it? UI is messed up</em></div><div class="chat chatmessage-notmossy"><strong style="color:#3f7abe"><small>+</small><span class="username" data-name="Not mossy">Not mossy</span>:</strong> <em>Is there a wisp+hex mon</em></div><div class="chat chatmessage-timetochill"><strong style="color:#338e9e"><small>+</small><span class="username" data-name="time to chill">time to chill</span>:</strong> <em>normal/poison</em></div><div class="chat chatmessage-h2opulse"><strong style="color:#6e8c2b"><small>☆</small><span class="username" data-name="H2OPulse">H2OPulse</span>:</strong> <em>This guy either burns every time or not at all there's no in-between</em></div><div class="chat chatmessage-h2opulse"><strong style="color:#6e8c2b"><small>☆</small><span class="username" data-name="H2OPulse">H2OPulse</span>:</strong> <em>It's very funny</em></div><div class="chat chatmessage-abismal"><strong style="color:#68a730"><small>+</small><span class="username" data-name="abismal">abismal</span>:</strong> <em>singles players when their battle lasts 156 turns</em></div><div class="spacer battle-history"><br></div><div class="battle-history">Spyke used <strong>Copycat</strong>!<br></div><div class="spacer battle-history"><br></div><div class="battle-history">Spyke used <strong>Drain Punch</strong>!<br></div><div class="battle-history"><small>(The opposing Senecio lost 29% of its health!)</small><br></div><div class="battle-history"><small>The opposing Senecio had its energy drained!</small><br></div><div class="spacer battle-history"><br></div><div class="battle-history">The opposing Senecio used <strong>Recover</strong>!<br></div><div class="battle-history"><small>The opposing Senecio had its HP restored.</small><br></div><div class="spacer battle-history"><br></div><h2 class="battle-history">Turn 76</h2><div class="chat chatmessage-blazinghero657"><strong style="color:#2e9e35"><small>+</small><span class="username" data-name="BlazingHero657">BlazingHero657</span>:</strong> <em>both types at once?</em></div><div class="chat chatmessage-inkbug1 mine"><strong style="color:#e46e0f"><small>☆</small><span class="username" data-name="inkbug1">inkbug1</span>:</strong> <em>PLEASE DIE</em></div><div class="chat chatmessage-h2opulse"><strong style="color:#6e8c2b"><small>☆</small><span class="username" data-name="H2OPulse">H2OPulse</span>:</strong> <em>Sorry,,</em></div><div class="chat chatmessage-timetochill"><strong style="color:#338e9e"><small>+</small><span class="username" data-name="time to chill">time to chill</span>:</strong> <em>i think kadabra evo, let me check</em></div><div class="chat chatmessage-inkbug1 mine"><strong style="color:#e46e0f"><small>☆</small><span class="username" data-name="inkbug1">inkbug1</span>:</strong> <em>theres a toxic corrosion hex mon </em></div><div class="chat chatmessage-inkbug1 mine"><strong style="color:#e46e0f"><small>☆</small><span class="username" data-name="inkbug1">inkbug1</span>:</strong> <em>that can wisp if it wants</em></div><div class="chat chatmessage-blazinghero657"><strong style="color:#2e9e35"><small>+</small><span class="username" data-name="BlazingHero657">BlazingHero657</span>:</strong> <em>i was talking more about the move itself</em></div><div class="chat chatmessage-notmossy"><strong style="color:#3f7abe"><small>+</small><span class="username" data-name="Not mossy">Not mossy</span>:</strong> <em>Wisphex is so much fun</em></div><div class="chat chatmessage-inkbug1 mine"><strong style="color:#e46e0f"><small>☆</small><span class="username" data-name="inkbug1">inkbug1</span>:</strong> <em>its poison</em></div><div class="chat chatmessage-timetochill"><strong style="color:#338e9e"><small>+</small><span class="username" data-name="time to chill">time to chill</span>:</strong> <em>mismagius evo</em></div><div class="chat chatmessage-notmossy"><strong style="color:#3f7abe"><small>+</small><span class="username" data-name="Not mossy">Not mossy</span>:</strong> <em>Check out stypes spirox</em></div><div class="chat chatmessage-inkbug1 mine"><strong style="color:#e46e0f"><small>☆</small><span class="username" data-name="inkbug1">inkbug1</span>:</strong> <em>he move</em></div><div class="chat chatmessage-inkbug1 mine"><strong style="color:#e46e0f"><small>☆</small><span class="username" data-name="inkbug1">inkbug1</span>:</strong> <em>is poiosn</em></div><div class="chat chatmessage-notmossy"><strong style="color:#3f7abe"><small>+</small><span class="username" data-name="Not mossy">Not mossy</span>:</strong> <em>Greatest mon of all time</em></div><div class="chat chatmessage-timetochill"><strong style="color:#338e9e"><small>+</small><span class="username" data-name="time to chill">time to chill</span>:</strong> <em>dusglow</em></div><div class="chat chatmessage-blazinghero657"><strong style="color:#2e9e35"><small>+</small><span class="username" data-name="BlazingHero657">BlazingHero657</span>:</strong> <em>what is freedling</em></div><div class="chat chatmessage-abismal"><strong style="color:#68a730"><small>+</small><span class="username" data-name="abismal">abismal</span>:</strong> <em>trevenant without the soul</em></div><div class="chat chatmessage-timetochill"><strong style="color:#338e9e"><small>+</small><span class="username" data-name="time to chill">time to chill</span>:</strong> <em>alternatee form of trevenant</em></div><div class="chat chatmessage-inkbug1 mine"><strong style="color:#e46e0f"><small>☆</small><span class="username" data-name="inkbug1">inkbug1</span>:</strong> <em>trevenant but it got un-haunted</em></div><div class="chat chatmessage-blazinghero657"><strong style="color:#2e9e35"><small>+</small><span class="username" data-name="BlazingHero657">BlazingHero657</span>:</strong> <em>huh.</em></div><div class="spacer battle-history"><br></div><div class="battle-history">The opposing Senecio used <strong>Scald</strong>!<br></div><div class="battle-history"><small>(Spyke lost <abbr title="−79/343">23.0%</abbr> of its health!)</small><br></div><div class="battle-history"><small>Spyke was burned!</small><br></div><div class="spacer battle-history"><br></div><div class="battle-history">Spyke used <strong>Drain Punch</strong>!<br></div><div class="battle-history"><small>(The opposing Senecio lost 13% of its health!)</small><br></div><div class="battle-history"><small>The opposing Senecio had its energy drained!</small><br></div><div class="spacer battle-history"><br></div><div class="battle-history"><small>Spyke was hurt by its burn!</small><br></div><div class="spacer battle-history"><br></div><h2 class="battle-history">Turn 77</h2><div class="chat chatmessage-inkbug1 mine"><strong style="color:#e46e0f"><small>☆</small><span class="username" data-name="inkbug1">inkbug1</span>:</strong> <em>AAAAAAAAAAAAAAAAAAAAAAAAA</em></div><div class="chat chatmessage-blazinghero657"><strong style="color:#2e9e35"><small>+</small><span class="username" data-name="BlazingHero657">BlazingHero657</span>:</strong> <em>why does it have gooey</em></div><div class="chat chatmessage-blazinghero657"><strong style="color:#2e9e35"><small>+</small><span class="username" data-name="BlazingHero657">BlazingHero657</span>:</strong> <em>also that's</em></div><div class="chat chatmessage-inkbug1 mine"><strong style="color:#e46e0f"><small>☆</small><span class="username" data-name="inkbug1">inkbug1</span>:</strong> <em>bc its a rotting tree</em></div><div class="chat chatmessage-h2opulse"><strong style="color:#6e8c2b"><small>☆</small><span class="username" data-name="H2OPulse">H2OPulse</span>:</strong> <em>Sap probably</em></div><div class="chat chatmessage-abismal"><strong style="color:#68a730"><small>+</small><span class="username" data-name="abismal">abismal</span>:</strong> <em>you ever watch ghost busters </em></div><div class="chat chatmessage-blazinghero657"><strong style="color:#2e9e35"><small>+</small><span class="username" data-name="BlazingHero657">BlazingHero657</span>:</strong> <em>unfortunate</em></div><div class="chat chatmessage-abismal"><strong style="color:#68a730"><small>+</small><span class="username" data-name="abismal">abismal</span>:</strong> <em>and the ghost leaves</em></div><div class="chat chatmessage-abismal"><strong style="color:#68a730"><small>+</small><span class="username" data-name="abismal">abismal</span>:</strong> <em>and theres ectoplasm left behind</em></div><div class="spacer battle-history"><br></div><div class="battle-history">The opposing Senecio used <strong>Recover</strong>!<br></div><div class="battle-history"><small>The opposing Senecio had its HP restored.</small><br></div><div class="spacer battle-history"><br></div><div class="battle-history">Spyke used <strong>Fire Punch</strong>!<br></div><div class="battle-history"><small>It's not very effective...</small><br></div><div class="battle-history"><small>A critical hit!</small><br></div><div class="battle-history"><small>(The opposing Senecio lost 6% of its health!)</small><br></div><div class="spacer battle-history"><br></div><div class="battle-history"><small>Spyke was hurt by its burn!</small><br></div><div class="spacer battle-history"><br></div><h2 class="battle-history">Turn 78</h2><div class="spacer battle-history"><br></div><div class="battle-history">The opposing Senecio used <strong>Scald</strong>!<br></div><div class="battle-history"><small>(Spyke lost <abbr title="−88/343">25.7%</abbr> of its health!)</small><br></div><div class="spacer battle-history"><br></div><div class="battle-history">Spyke used <strong>Fire Punch</strong>!<br></div><div class="battle-history"><small>It's not very effective...</small><br></div><div class="battle-history"><small>(The opposing Senecio lost 5% of its health!)</small><br></div><div class="spacer battle-history"><br></div><div class="battle-history"><small>Spyke was hurt by its burn!</small><br></div><div class="spacer battle-history"><br></div><h2 class="battle-history">Turn 79</h2><div class="spacer battle-history"><br></div><div class="battle-history">The opposing Senecio used <strong>Ice Beam</strong>!<br></div><div class="battle-history"><small>(Spyke lost <abbr title="−56/343">16.3%</abbr> of its health!)</small><br></div><div class="spacer battle-history"><br></div><div class="battle-history">Spyke used <strong>Drain Punch</strong>!<br></div><div class="battle-history"><small>(The opposing Senecio lost 14% of its health!)</small><br></div><div class="battle-history"><small>The opposing Senecio had its energy drained!</small><br></div><div class="spacer battle-history"><br></div><div class="battle-history"><small>Spyke was hurt by its burn!</small><br></div><div class="spacer battle-history"><br></div><h2 class="battle-history">Turn 80</h2><div class="chat chatmessage-blazinghero657"><strong style="color:#2e9e35"><small>+</small><span class="username" data-name="BlazingHero657">BlazingHero657</span>:</strong> <em>so there isn't one for  every mon, right?</em></div><div class="chat chatmessage-inkbug1 mine"><strong style="color:#e46e0f"><small>☆</small><span class="username" data-name="inkbug1">inkbug1</span>:</strong> <em>oh god no</em></div><div class="chat chatmessage-h2opulse"><strong style="color:#6e8c2b"><small>☆</small><span class="username" data-name="H2OPulse">H2OPulse</span>:</strong> <em>Skdhjfkfkg</em></div><div class="chat chatmessage-timetochill"><strong style="color:#338e9e"><small>+</small><span class="username" data-name="time to chill">time to chill</span>:</strong> <em>nope</em></div><div class="spacer battle-history"><br></div><div class="battle-history">Spyke used <strong>Copycat</strong>!<br></div><div class="spacer battle-history"><br></div><div class="battle-history">Spyke used <strong>Drain Punch</strong>!<br></div><div class="battle-history"><small>(The opposing Senecio lost 14% of its health!)</small><br></div><div class="battle-history"><small>The opposing Senecio had its energy drained!</small><br></div><div class="spacer battle-history"><br></div><div class="battle-history">The opposing Senecio used <strong>Ice Beam</strong>!<br></div><div class="battle-history"><small>(Spyke lost <abbr title="−57/343">16.6%</abbr> of its health!)</small><br></div><div class="spacer battle-history"><br></div><div class="battle-history"><small>Spyke was hurt by its burn!</small><br></div><div class="spacer battle-history"><br></div><h2 class="battle-history">Turn 81</h2><div class="chat chatmessage-abismal"><strong style="color:#68a730"><small>+</small><span class="username" data-name="abismal">abismal</span>:</strong> <em>evolutions for all</em></div><div class="chat chatmessage-blazinghero657"><strong style="color:#2e9e35"><small>+</small><span class="username" data-name="BlazingHero657">BlazingHero657</span>:</strong> <em>regional goodra, aaaaaaa</em></div><div class="chat chatmessage-timetochill"><strong style="color:#338e9e"><small>+</small><span class="username" data-name="time to chill">time to chill</span>:</strong> <em>x)</em></div><div class="spacer battle-history"><br></div><div class="battle-history">Spyke used <strong>Copycat</strong>!<br></div><div class="spacer battle-history"><br></div><div class="battle-history">Spyke used <strong>Ice Beam</strong>!<br></div><div class="battle-history"><small>It's not very effective...</small><br></div><div class="battle-history"><small>A critical hit!</small><br></div><div class="battle-history"><small>(The opposing Senecio lost 7% of its health!)</small><br></div><div class="battle-history"><small>The opposing Senecio was frozen solid!</small><br></div><div class="spacer battle-history"><br></div><div class="battle-history">The opposing Senecio is frozen solid!<br></div><div class="spacer battle-history"><br></div><div class="battle-history"><small>Spyke was hurt by its burn!</small><br></div><div class="spacer battle-history"><br></div><h2 class="battle-history">Turn 82</h2><div class="chat chatmessage-zcopen"><strong style="color:#226dd7"><small>+</small><span class="username" data-name="ZCopen">ZCopen</span>:</strong> <em>L</em></div><div class="chat chatmessage-notmossy"><strong style="color:#3f7abe"><small>+</small><span class="username" data-name="Not mossy">Not mossy</span>:</strong> <em>actually got it</em></div><div class="chat chatmessage-inkbug1 mine"><strong style="color:#e46e0f"><small>☆</small><span class="username" data-name="inkbug1">inkbug1</span>:</strong> <em>NO.</em></div><div class="chat chatmessage-notmossy"><strong style="color:#3f7abe"><small>+</small><span class="username" data-name="Not mossy">Not mossy</span>:</strong> <em>but</em></div><div class="chat chatmessage-timetochill"><strong style="color:#338e9e"><small>+</small><span class="username" data-name="time to chill">time to chill</span>:</strong> <em>wow, heat</em></div><div class="chat chatmessage-abismal"><strong style="color:#68a730"><small>+</small><span class="username" data-name="abismal">abismal</span>:</strong> <em>who asked for +20 turns?</em></div><div class="chat chatmessage-inkbug1 mine"><strong style="color:#e46e0f"><small>☆</small><span class="username" data-name="inkbug1">inkbug1</span>:</strong> <em>THAT WAS A MISCLICK</em></div><div class="chat chatmessage-abismal"><strong style="color:#68a730"><small>+</small><span class="username" data-name="abismal">abismal</span>:</strong> <em>L</em></div><div class="chat chatmessage-notmossy"><strong style="color:#3f7abe"><small>+</small><span class="username" data-name="Not mossy">Not mossy</span>:</strong> <em>I mean</em></div><div class="chat chatmessage-blazinghero657"><strong style="color:#2e9e35"><small>+</small><span class="username" data-name="BlazingHero657">BlazingHero657</span>:</strong> <em>that's fine</em></div><div class="chat chatmessage-timetochill"><strong style="color:#338e9e"><small>+</small><span class="username" data-name="time to chill">time to chill</span>:</strong> <em>x)</em></div><div class="chat chatmessage-zcopen"><strong style="color:#226dd7"><small>+</small><span class="username" data-name="ZCopen">ZCopen</span>:</strong> <em>nah own the it</em></div><div class="chat chatmessage-h2opulse"><strong style="color:#6e8c2b"><small>☆</small><span class="username" data-name="H2OPulse">H2OPulse</span>:</strong> <em>Pfffffff</em></div><div class="spacer battle-history"><br></div><div class="battle-history">Spyke, come back!<br></div><div class="battle-history">Go! Risotto (<strong>Carnelion</strong>)!<br></div><div class="spacer battle-history"><br></div><div class="battle-history">The opposing Senecio is frozen solid!<br></div><div class="spacer battle-history"><br></div><div class="battle-history"><small>Risotto restored a little HP using its Leftovers!</small><br></div><div class="spacer battle-history"><br></div><h2 class="battle-history">Turn 83</h2><div class="chat chatmessage-notmossy"><strong style="color:#3f7abe"><small>+</small><span class="username" data-name="Not mossy">Not mossy</span>:</strong> <em>it shouldn't matter</em></div><div class="chat chatmessage-blazinghero657"><strong style="color:#2e9e35"><small>+</small><span class="username" data-name="BlazingHero657">BlazingHero657</span>:</strong> <em>^</em></div><div class="chat chatmessage-h2opulse"><strong style="color:#6e8c2b"><small>☆</small><span class="username" data-name="H2OPulse">H2OPulse</span>:</strong> <em>I'm fine with this I have Scald anyway</em></div><div class="chat chatmessage-inkbug1 mine"><strong style="color:#e46e0f"><small>☆</small><span class="username" data-name="inkbug1">inkbug1</span>:</strong> <em>right yeah </em></div><div class="chat chatmessage-h2opulse"><strong style="color:#6e8c2b"><small>☆</small><span class="username" data-name="H2OPulse">H2OPulse</span>:</strong> <em>I was just waiting to use it until Risotto came in because I had low PP haha</em></div><div class="chat chatmessage-h2opulse"><strong style="color:#6e8c2b"><small>☆</small><span class="username" data-name="H2OPulse">H2OPulse</span>:</strong> <em>and Scrafiti was just gonna faint</em></div><div class="spacer battle-history"><br></div><div class="battle-history">Risotto used <strong>Fake Out</strong>!<br></div><div class="battle-history"><small>(The opposing Senecio lost 21% of its health!)</small><br></div><div class="spacer battle-history"><br></div><div class="battle-history">The opposing Senecio flinched and couldn't move!<br></div><div class="spacer battle-history"><br></div><div class="battle-history"><small>Risotto restored a little HP using its Leftovers!</small><br></div><div class="spacer battle-history"><br></div><h2 class="battle-history">Turn 84</h2><div class="spacer battle-history"><br></div><div class="battle-history">Risotto used <strong>Covet</strong>!<br></div><div class="battle-history"><small>(The opposing Senecio lost 27% of its health!)</small><br></div><div class="battle-history"><small>The opposing Senecio's Scald melted the ice!</small><br></div><div class="spacer battle-history"><br></div><div class="battle-history">The opposing Senecio used <strong>Scald</strong>!<br></div><div class="battle-history"><small>It's super effective!</small><br></div><div class="battle-history"><small>(Risotto lost <abbr title="−272/311">87.5%</abbr> of its health!)</small><br></div><div class="battle-history"><small>Risotto was burned!</small><br></div><div class="spacer battle-history"><br></div><div class="battle-history"><small>Risotto restored a little HP using its Leftovers!</small><br></div><div class="battle-history"><small>Risotto was hurt by its burn!</small><br></div><div class="spacer battle-history"><br></div><h2 class="battle-history">Turn 85</h2><div class="chat chatmessage-blazinghero657"><strong style="color:#2e9e35"><small>+</small><span class="username" data-name="BlazingHero657">BlazingHero657</span>:</strong> <em>you guys still didn't give it recovery?</em></div><div class="spacer battle-history"><br></div><div class="battle-history">Risotto used <strong>Covet</strong>!<br></div><div class="battle-history"><small>A critical hit!</small><br></div><div class="battle-history"><small>(The opposing Senecio lost 6% of its health!)</small><br></div><div class="spacer battle-history"><br></div><div class="battle-history">The opposing Senecio fainted!<br></div><div class="spacer battle-history"><br></div><div class="battle-history"><small>Risotto restored a little HP using its Leftovers!</small><br></div><div class="battle-history"><small>Risotto was hurt by its burn!</small><br></div><div class="chat chatmessage-abismal"><strong style="color:#68a730"><small>+</small><span class="username" data-name="abismal">abismal</span>:</strong> <em>who?</em></div><div class="chat chatmessage-abismal"><strong style="color:#68a730"><small>+</small><span class="username" data-name="abismal">abismal</span>:</strong> <em>goodra?</em></div><div class="chat chatmessage-h2opulse"><strong style="color:#6e8c2b"><small>☆</small><span class="username" data-name="H2OPulse">H2OPulse</span>:</strong> <em>Why would we? O:</em></div><div class="chat chatmessage-blazinghero657"><strong style="color:#2e9e35"><small>+</small><span class="username" data-name="BlazingHero657">BlazingHero657</span>:</strong> <em>ell</em></div><div class="chat chatmessage-blazinghero657"><strong style="color:#2e9e35"><small>+</small><span class="username" data-name="BlazingHero657">BlazingHero657</span>:</strong> <em>actually</em></div><div class="chat chatmessage-inkbug1 mine"><strong style="color:#e46e0f"><small>☆</small><span class="username" data-name="inkbug1">inkbug1</span>:</strong> <em>pain split</em></div><div class="spacer battle-history"><br></div><div class="battle-history">H2OPulse sent out Mango (<strong>Noivern-Variant</strong>)!<br></div><div class="spacer battle-history"><br></div><h2 class="battle-history">Turn 86</h2><div class="chat chatmessage-inkbug1 mine"><strong style="color:#e46e0f"><small>☆</small><span class="username" data-name="inkbug1">inkbug1</span>:</strong> <em>is the gimmick of that one</em></div><div class="spacer battle-history"><br></div><div class="battle-history">Risotto, come back!<br></div><div class="battle-history">Go! Spyke (<strong>Scrafiti</strong>)!<br></div><div class="spacer battle-history"><br></div><div class="battle-history">The opposing Mango used <strong>Roost</strong>!<br></div><div class="battle-history"><small>The opposing Mango had its HP restored.</small><br></div><div class="spacer battle-history"><br></div><div class="battle-history"><small>Spyke was hurt by its burn!</small><br></div><div class="spacer battle-history"><br></div><div class="battle-history">Spyke fainted!<br></div><div class="chat chatmessage-blazinghero657"><strong style="color:#2e9e35"><small>+</small><span class="username" data-name="BlazingHero657">BlazingHero657</span>:</strong> <em>pain split, yeah</em></div><div class="spacer battle-history"><br></div><div class="battle-history">Go! Risotto (<strong>Carnelion</strong>)!<br></div><div class="spacer battle-history"><br></div><h2 class="battle-history">Turn 87</h2><div class="chat chatmessage-blazinghero657"><strong style="color:#2e9e35"><small>+</small><span class="username" data-name="BlazingHero657">BlazingHero657</span>:</strong> <em>hm</em></div><div class="chat chatmessage-inkbug1 mine"><strong style="color:#e46e0f"><small>☆</small><span class="username" data-name="inkbug1">inkbug1</span>:</strong> <em>this sux so much</em></div><div class="chat chatmessage-inkbug1 mine"><strong style="color:#e46e0f"><small>☆</small><span class="username" data-name="inkbug1">inkbug1</span>:</strong> <em>gg</em></div><div class="spacer battle-history"><br></div><div class="battle-history">Risotto used <strong>Fake Out</strong>!<br></div><div class="battle-history"><small>(The opposing Mango lost 18% of its health!)</small><br></div><div class="spacer battle-history"><br></div><div class="battle-history">The opposing Mango flinched and couldn't move!<br></div><div class="spacer battle-history"><br></div><div class="battle-history"><small>Risotto restored a little HP using its Leftovers!</small><br></div><div class="battle-history"><small>Risotto was hurt by its burn!</small><br></div><div class="spacer battle-history"><br></div><h2 class="battle-history">Turn 88</h2><div class="chat chatmessage-blazinghero657"><strong style="color:#2e9e35"><small>+</small><span class="username" data-name="BlazingHero657">BlazingHero657</span>:</strong> <em>ice means it wants boots</em></div><div class="chat chatmessage-blazinghero657"><strong style="color:#2e9e35"><small>+</small><span class="username" data-name="BlazingHero657">BlazingHero657</span>:</strong> <em>but</em></div><div class="chat chatmessage-h2opulse"><strong style="color:#6e8c2b"><small>☆</small><span class="username" data-name="H2OPulse">H2OPulse</span>:</strong> <em>Good game!!</em></div><div class="chat chatmessage-blazinghero657"><strong style="color:#2e9e35"><small>+</small><span class="username" data-name="BlazingHero657">BlazingHero657</span>:</strong> <em>stamina</em></div><div class="chat chatmessage-notmossy"><strong style="color:#3f7abe"><small>+</small><span class="username" data-name="Not mossy">Not mossy</span>:</strong> <em>normal gem covet is a cool tech</em></div><div class="chat chatmessage-h2opulse"><strong style="color:#6e8c2b"><small>☆</small><span class="username" data-name="H2OPulse">H2OPulse</span>:</strong> <em>Boots are for cowards anyway</em></div><div class="chat chatmessage-notmossy"><strong style="color:#3f7abe"><small>+</small><span class="username" data-name="Not mossy">Not mossy</span>:</strong> <em>didn't notice it until now</em></div><div class="chat"><small> DuckeryDoodle joined</small></div><div class="chat chatmessage-inkbug1 mine"><strong style="color:#e46e0f"><small>☆</small><span class="username" data-name="inkbug1">inkbug1</span>:</strong> <em>not if you want to pain split your rocks damage onto the opp</em></div><div class="chat"><small> DuckeryDoodle left</small></div><div class="chat chatmessage-blazinghero657"><strong style="color:#2e9e35"><small>+</small><span class="username" data-name="BlazingHero657">BlazingHero657</span>:</strong> <em>interesting</em></div><div class="chat chatmessage-h2opulse"><strong style="color:#6e8c2b"><small>☆</small><span class="username" data-name="H2OPulse">H2OPulse</span>:</strong> <em>YEAH this Carnelion set is awesome</em></div><div class="chat chatmessage-abismal"><strong style="color:#68a730"><small>+</small><span class="username" data-name="abismal">abismal</span>:</strong> <em>i call dibs on fighting hematite next</em></div><div class="spacer battle-history"><br></div><div class="battle-history">The opposing Mango used <strong>Vacuum Wave</strong>!<br></div><div class="battle-history"><small>It's super effective!</small><br></div><div class="battle-history"><small>(Risotto lost <abbr title="−39/311">12.5%</abbr> of its health!)</small><br></div><div class="battle-history"><small>The opposing Mango lost some of its HP!</small><br></div><div class="spacer battle-history"><br></div><div class="battle-history">Risotto fainted!<br></div><div class="spacer battle-history"><br></div><div class="battle-history"><strong>H2OPulse</strong> won the battle!<br></div><div class="chat chatmessage-inkbug1 mine"><strong style="color:#e46e0f"><small>☆</small><span class="username" data-name="inkbug1">inkbug1</span>:</strong> <em>ok i have dinner pls click the move</em></div><div class="chat chatmessage-inkbug1 mine"><strong style="color:#e46e0f"><small>☆</small><span class="username" data-name="inkbug1">inkbug1</span>:</strong> <em>ty gg</em></div><div class="chat"><small>+Not mossy left</small></div><div class="chat chatmessage-inkbug1 mine"><strong style="color:#e46e0f"><small>☆</small><span class="username" data-name="inkbug1">inkbug1</span>:</strong> <em>back later</em></div><div class="chat"><small>+ZCopen left</small></div><div class="chat chatmessage-h2opulse"><strong style="color:#6e8c2b"><small>☆</small><span class="username" data-name="H2OPulse">H2OPulse</span>:</strong> <em>Good game!!!</em></div></div><div class="inner-preempt message-log"></div></div></div>
</div>
<script>
let daily = Math.floor(Date.now()/1000/60/60/24);document.write('<script src="https://dragonheaven.herokuapp.com/js/replay-embed.js?version'+daily+'"></'+'script>');
</script>
