<!DOCTYPE html>
<meta charset="utf-8" />
<!-- version 1 -->
<title>[Gen 8] Evolution Project replay: H2OPulse vs. inkbug1</title>
<style>
html,body {font-family:Verdana, sans-serif;font-size:10pt;margin:0;padding:0;}body{padding:12px 0;} .battle-log {font-family:Verdana, sans-serif;font-size:10pt;} .battle-log-inline {border:1px solid #AAAAAA;background:#EEF2F5;color:black;max-width:640px;margin:0 auto 80px;padding-bottom:5px;} .battle-log .inner {padding:4px 8px 0px 8px;} .battle-log .inner-preempt {padding:0 8px 4px 8px;} .battle-log .inner-after {margin-top:0.5em;} .battle-log h2 {margin:0.5em -8px;padding:4px 8px;border:1px solid #AAAAAA;background:#E0E7EA;border-left:0;border-right:0;font-family:Verdana, sans-serif;font-size:13pt;} .battle-log .chat {vertical-align:middle;padding:3px 0 3px 0;font-size:8pt;} .battle-log .chat strong {color:#40576A;} .battle-log .chat em {padding:1px 4px 1px 3px;color:#000000;font-style:normal;} .chat.mine {background:rgba(0,0,0,0.05);margin-left:-8px;margin-right:-8px;padding-left:8px;padding-right:8px;} .spoiler {color:#BBBBBB;background:#BBBBBB;padding:0px 3px;} .spoiler:hover, .spoiler:active, .spoiler-shown {color:#000000;background:#E2E2E2;padding:0px 3px;} .spoiler a {color:#BBBBBB;} .spoiler:hover a, .spoiler:active a, .spoiler-shown a {color:#2288CC;} .chat code, .chat .spoiler:hover code, .chat .spoiler:active code, .chat .spoiler-shown code {border:1px solid #C0C0C0;background:#EEEEEE;color:black;padding:0 2px;} .chat .spoiler code {border:1px solid #CCCCCC;background:#CCCCCC;color:#CCCCCC;} .battle-log .rated {padding:3px 4px;} .battle-log .rated strong {color:white;background:#89A;padding:1px 4px;border-radius:4px;} .spacer {margin-top:0.5em;} .message-announce {background:#6688AA;color:white;padding:1px 4px 2px;} .message-announce a, .broadcast-green a, .broadcast-blue a, .broadcast-red a {color:#DDEEFF;} .broadcast-green {background-color:#559955;color:white;padding:2px 4px;} .broadcast-blue {background-color:#6688AA;color:white;padding:2px 4px;} .infobox {border:1px solid #6688AA;padding:2px 4px;} .infobox-limited {max-height:200px;overflow:auto;overflow-x:hidden;} .broadcast-red {background-color:#AA5544;color:white;padding:2px 4px;} .message-learn-canlearn {font-weight:bold;color:#228822;text-decoration:underline;} .message-learn-cannotlearn {font-weight:bold;color:#CC2222;text-decoration:underline;} .message-effect-weak {font-weight:bold;color:#CC2222;} .message-effect-resist {font-weight:bold;color:#6688AA;} .message-effect-immune {font-weight:bold;color:#666666;} .message-learn-list {margin-top:0;margin-bottom:0;} .message-throttle-notice, .message-error {color:#992222;} .message-overflow, .chat small.message-overflow {font-size:0pt;} .message-overflow::before {font-size:9pt;content:'...';} .subtle {color:#3A4A66;}
</style>
<div class="wrapper replay-wrapper" style="max-width:1180px;margin:0 auto">
<input type="hidden" name="replayid" value="dragonheaven-gen8evolutionproject-40" />
<div class="battle"></div><div class="battle-log"></div><div class="replay-controls"></div><div class="replay-controls-2"></div>
<h1 style="font-weight:normal;text-align:center"><strong>[Gen 8] Evolution Project</strong><br /><a href="http://pokemonshowdown.com/users/h2opulse" class="subtle" target="_blank">H2OPulse</a> vs. <a href="http://pokemonshowdown.com/users/inkbug1" class="subtle" target="_blank">inkbug1</a></h1>
<script type="text/plain" class="battle-log-data">|j|☆H2OPulse
|j|☆inkbug1

|t:|1658353990
|player|p1|H2OPulse|aetherfoundation|
|player|p2|inkbug1|emmet|
|teamsize|p1|6
|teamsize|p2|6
|gametype|singles
|gen|8
|tier|[Gen 8] Evolution Project
|clearpoke
|poke|p1|Orbeetle-Variant, M|
|poke|p1|Shiinotic-Kalos, F|
|poke|p1|Klefki-Galar, F|
|poke|p1|Vaporeon, F|
|poke|p1|Noivern-Variant, M|
|poke|p1|Resurrectric, M|
|poke|p2|Lediluck, M|
|poke|p2|Carnelion, M|
|poke|p2|Magcargo, F|
|poke|p2|Pollugonal, F|
|poke|p2|Scrafiti, M|
|poke|p2|Gardevoir, M|
|rule|HP Percentage Mod: HP is shown in percentages
|rule|Endless Battle Clause: Forcing endless battles is banned
|rule|OHKO Clause: OHKO moves are banned
|rule|Evasion Moves Clause: Evasion moves are banned
|rule|Species Clause: Limit one of each Pokémon
|rule|Dynamax Clause: You cannot dynamax
|rule|Sleep Clause Mod: Limit one foe put to sleep
|rule|Z-Move Clause: Type-based Z-Moves are banned
|teampreview
|c|☆H2OPulse|Niceee okay good luck and have fun!!
|c|☆inkbug1|u2! 
|
|t:|1658354040
|start
|switch|p1a: Foxfire|Shiinotic-Kalos, F|100\/100
|switch|p2a: Risotto|Carnelion, M|311\/311
|-start|p2a: Risotto|typechange|Normal\/Rock|[silent]
|raw|<ul class="utilichart"><li class="result"><span class="col pokemonnamecol" style="white-space: nowrap">Carnelion<\/span> <span class="col typecol"><img src="https:\/\/dragonheaven.herokuapp.com\/sprites\/types\/Normal.png" alt="Normal" height="14" width="32"><img src="https:\/\/dragonheaven.herokuapp.com\/sprites\/types\/Rock.png" alt="Rock" height="14" width="32"><\/span> <span style="float: left ; min-height: 26px"><span class="col abilitycol">Limber \/ Technician \/ Unnerve<\/span><span class="col abilitycol"><\/span><\/span><\/li><li style="clear: both"><\/li><\/ul>
|raw|<ul class="utilichart"><li class="result"><span style="float: left ; min-height: 26px"><span class="col statcol"><em>HP<\/em><br>85<\/span> <span class="col statcol"><em>Atk<\/em><br>105<\/span> <span class="col statcol"><em>Def<\/em><br>70<\/span> <span class="col statcol"><em>SpA<\/em><br>95<\/span> <span class="col statcol"><em>SpD<\/em><br>70<\/span> <span class="col statcol"><em>Spe<\/em><br>120<\/span> <\/span><\/li><li style="clear: both"><\/li><\/ul>
|-hint|Carnelion was created by abismal!
|-start|p1a: Foxfire|typechange|Poison\/Fairy|[silent]
|raw|<ul class="utilichart"><li class="result"><span class="col pokemonnamecol" style="white-space: nowrap">Shiinotic-Kalos<\/span> <span class="col typecol"><img src="https:\/\/dragonheaven.herokuapp.com\/sprites\/types\/Poison.png" alt="Poison" height="14" width="32"><img src="https:\/\/dragonheaven.herokuapp.com\/sprites\/types\/Fairy.png" alt="Fairy" height="14" width="32"><\/span> <span style="float: left ; min-height: 26px"><span class="col abilitycol">Illuminate \/ Effect Spore \/ Technician<\/span><span class="col abilitycol"><\/span><\/span><\/li><li style="clear: both"><\/li><\/ul>
|raw|<ul class="utilichart"><li class="result"><span style="float: left ; min-height: 26px"><span class="col statcol"><em>HP<\/em><br>60<\/span> <span class="col statcol"><em>Atk<\/em><br>61<\/span> <span class="col statcol"><em>Def<\/em><br>60<\/span> <span class="col statcol"><em>SpA<\/em><br>90<\/span> <span class="col statcol"><em>SpD<\/em><br>80<\/span> <span class="col statcol"><em>Spe<\/em><br>54<\/span> <\/span><\/li><li style="clear: both"><\/li><\/ul>
|-hint|Shiinotic-Kalos was created by Hematite!
|turn|1
|
|t:|1658354057
|switch|p1a: Pandorea|Klefki-Galar, F|100\/100
|-start|p1a: Pandorea|typechange|Steel\/Dark|[silent]
|raw|<ul class="utilichart"><li class="result"><span class="col pokemonnamecol" style="white-space: nowrap">Klefki-Galar<\/span> <span class="col typecol"><img src="https:\/\/dragonheaven.herokuapp.com\/sprites\/types\/Steel.png" alt="Steel" height="14" width="32"><img src="https:\/\/dragonheaven.herokuapp.com\/sprites\/types\/Dark.png" alt="Dark" height="14" width="32"><\/span> <span style="float: left ; min-height: 26px"><span class="col abilitycol">Hunger Switch<\/span><span class="col abilitycol"><\/span><\/span><\/li><li style="clear: both"><\/li><\/ul>
|raw|<ul class="utilichart"><li class="result"><span style="float: left ; min-height: 26px"><span class="col statcol"><em>HP<\/em><br>57<\/span> <span class="col statcol"><em>Atk<\/em><br>60<\/span> <span class="col statcol"><em>Def<\/em><br>106<\/span> <span class="col statcol"><em>SpA<\/em><br>70<\/span> <span class="col statcol"><em>SpD<\/em><br>87<\/span> <span class="col statcol"><em>Spe<\/em><br>90<\/span> <\/span><\/li><li style="clear: both"><\/li><\/ul>
|-hint|Klefki-Galar was created by Albatross!
|move|p2a: Risotto|Rock Tomb|p1a: Pandorea
|-resisted|p1a: Pandorea
|-damage|p1a: Pandorea|81\/100
|-unboost|p1a: Pandorea|spe|1
|
|-heal|p1a: Pandorea|87\/100|[from] item: Leftovers
|-formechange|p1a: Pandorea|Klefki-Galar-Revealed||[from] ability: Hunger Switch
|-start|p1a: Pandorea|typechange|Fairy\/Dark|[silent]
|-message|Pandorea changed to Revealed Mode!
|raw|<ul class="utilichart"><li class="result"><span class="col pokemonnamecol" style="white-space: nowrap">Klefki-Galar-Revealed<\/span> <span class="col typecol"><img src="https:\/\/dragonheaven.herokuapp.com\/sprites\/types\/Fairy.png" alt="Fairy" height="14" width="32"><img src="https:\/\/dragonheaven.herokuapp.com\/sprites\/types\/Dark.png" alt="Dark" height="14" width="32"><\/span> <span style="float: left ; min-height: 26px"><span class="col abilitycol">Hunger Switch<\/span><span class="col abilitycol"><\/span><\/span><span style="float: left ; min-height: 26px"><span class="col statcol"><em>HP<\/em><br>57<\/span> <span class="col statcol"><em>Atk<\/em><br>116<\/span> <span class="col statcol"><em>Def<\/em><br>50<\/span> <span class="col statcol"><em>SpA<\/em><br>70<\/span> <span class="col statcol"><em>SpD<\/em><br>87<\/span> <span class="col statcol"><em>Spe<\/em><br>90<\/span> <\/span><\/li><li style="clear: both"><\/li><\/ul>
|upkeep
|turn|2
|
|t:|1658354069
|move|p1a: Pandorea|Protect|p1a: Pandorea
|-singleturn|p1a: Pandorea|Protect
|move|p2a: Risotto|U-turn|p1a: Pandorea
|-activate|p1a: Pandorea|move: Protect
|
|-heal|p1a: Pandorea|93\/100|[from] item: Leftovers
|-formechange|p1a: Pandorea|Klefki-Galar||[from] ability: Hunger Switch
|-start|p1a: Pandorea|typechange|Steel\/Dark|[silent]
|-message|Pandorea changed to Lure Mode!
|upkeep
|turn|3
|
|t:|1658354078
|move|p2a: Risotto|U-turn|p1a: Pandorea
|-damage|p1a: Pandorea|69\/100
|
|t:|1658354115
|switch|p2a: Spyke|Scrafiti, M|333\/333
|-start|p2a: Spyke|typechange|Dark\/Fighting|[silent]
|raw|<ul class="utilichart"><li class="result"><span class="col pokemonnamecol" style="white-space: nowrap">Scrafiti<\/span> <span class="col typecol"><img src="https:\/\/dragonheaven.herokuapp.com\/sprites\/types\/Dark.png" alt="Dark" height="14" width="32"><img src="https:\/\/dragonheaven.herokuapp.com\/sprites\/types\/Fighting.png" alt="Fighting" height="14" width="32"><\/span> <span style="float: left ; min-height: 26px"><span class="col abilitycol">Shed Skin \/ Moxie \/ Prankster<\/span><span class="col abilitycol"><\/span><\/span><\/li><li style="clear: both"><\/li><\/ul>
|raw|<ul class="utilichart"><li class="result"><span style="float: left ; min-height: 26px"><span class="col statcol"><em>HP<\/em><br>65<\/span> <span class="col statcol"><em>Atk<\/em><br>100<\/span> <span class="col statcol"><em>Def<\/em><br>115<\/span> <span class="col statcol"><em>SpA<\/em><br>45<\/span> <span class="col statcol"><em>SpD<\/em><br>115<\/span> <span class="col statcol"><em>Spe<\/em><br>48<\/span> <\/span><\/li><li style="clear: both"><\/li><\/ul>
|-hint|Scrafiti was created by Magmajudis!
|move|p1a: Pandorea|Swords Dance|p1a: Pandorea
|-boost|p1a: Pandorea|atk|2
|
|-heal|p1a: Pandorea|75\/100|[from] item: Leftovers
|-formechange|p1a: Pandorea|Klefki-Galar-Revealed||[from] ability: Hunger Switch
|-start|p1a: Pandorea|typechange|Fairy\/Dark|[silent]
|-message|Pandorea changed to Revealed Mode!
|upkeep
|turn|4
|c|☆inkbug1|wait no
|c|☆inkbug1|i remembered before i clicked it this time
|
|t:|1658354130
|switch|p2a: Slushie|Magcargo, F|323\/323
|move|p1a: Pandorea|Play Rough|p2a: Slushie
|-resisted|p2a: Slushie
|-damage|p2a: Slushie|243\/323
|-damage|p1a: Pandorea|59\/100|[from] item: Rocky Helmet|[of] p2a: Slushie
|
|-heal|p1a: Pandorea|65\/100|[from] item: Leftovers
|-formechange|p1a: Pandorea|Klefki-Galar||[from] ability: Hunger Switch
|-start|p1a: Pandorea|typechange|Steel\/Dark|[silent]
|-message|Pandorea changed to Lure Mode!
|upkeep
|turn|5
|c|☆H2OPulse|Ashdjfk fair--
|
|t:|1658354158
|move|p1a: Pandorea|Protect|p1a: Pandorea
|-singleturn|p1a: Pandorea|Protect
|move|p2a: Slushie|Overheat|p1a: Pandorea
|-activate|p1a: Pandorea|move: Protect
|
|-heal|p1a: Pandorea|71\/100|[from] item: Leftovers
|-formechange|p1a: Pandorea|Klefki-Galar-Revealed||[from] ability: Hunger Switch
|-start|p1a: Pandorea|typechange|Fairy\/Dark|[silent]
|-message|Pandorea changed to Revealed Mode!
|upkeep
|turn|6
|
|t:|1658354172
|move|p1a: Pandorea|Swords Dance|p1a: Pandorea
|-boost|p1a: Pandorea|atk|2
|move|p2a: Slushie|Recover|p2a: Slushie
|-heal|p2a: Slushie|323\/323
|
|-heal|p1a: Pandorea|77\/100|[from] item: Leftovers
|-formechange|p1a: Pandorea|Klefki-Galar||[from] ability: Hunger Switch
|-start|p1a: Pandorea|typechange|Steel\/Dark|[silent]
|-message|Pandorea changed to Lure Mode!
|upkeep
|turn|7
|c|☆inkbug1|i see
|
|t:|1658354185
|move|p1a: Pandorea|Protect|p1a: Pandorea
|-singleturn|p1a: Pandorea|Protect
|move|p2a: Slushie|Overheat|p1a: Pandorea
|-activate|p1a: Pandorea|move: Protect
|
|-heal|p1a: Pandorea|83\/100|[from] item: Leftovers
|-formechange|p1a: Pandorea|Klefki-Galar-Revealed||[from] ability: Hunger Switch
|-start|p1a: Pandorea|typechange|Fairy\/Dark|[silent]
|-message|Pandorea changed to Revealed Mode!
|upkeep
|turn|8
|
|t:|1658354217
|move|p1a: Pandorea|Swords Dance|p1a: Pandorea
|-boost|p1a: Pandorea|atk|2
|move|p2a: Slushie|Overheat|p1a: Pandorea
|-damage|p1a: Pandorea|37\/100
|-unboost|p2a: Slushie|spa|2
|
|-heal|p1a: Pandorea|43\/100|[from] item: Leftovers
|-formechange|p1a: Pandorea|Klefki-Galar||[from] ability: Hunger Switch
|-start|p1a: Pandorea|typechange|Steel\/Dark|[silent]
|-message|Pandorea changed to Lure Mode!
|upkeep
|turn|9
|
|t:|1658354230
|move|p1a: Pandorea|Protect|p1a: Pandorea
|-singleturn|p1a: Pandorea|Protect
|move|p2a: Slushie|Stone Edge|p1a: Pandorea
|-activate|p1a: Pandorea|move: Protect
|
|-heal|p1a: Pandorea|49\/100|[from] item: Leftovers
|-formechange|p1a: Pandorea|Klefki-Galar-Revealed||[from] ability: Hunger Switch
|-start|p1a: Pandorea|typechange|Fairy\/Dark|[silent]
|-message|Pandorea changed to Revealed Mode!
|upkeep
|turn|10
|
|t:|1658354249
|move|p1a: Pandorea|Knock Off|p2a: Slushie
|-damage|p2a: Slushie|0 fnt
|-damage|p1a: Pandorea|33\/100|[from] item: Rocky Helmet|[of] p2a: Slushie
|-enditem|p2a: Slushie|Rocky Helmet|[from] move: Knock Off|[of] p1a: Pandorea
|faint|p2a: Slushie
|
|-heal|p1a: Pandorea|39\/100|[from] item: Leftovers
|-formechange|p1a: Pandorea|Klefki-Galar||[from] ability: Hunger Switch
|-start|p1a: Pandorea|typechange|Steel\/Dark|[silent]
|-message|Pandorea changed to Lure Mode!
|upkeep
|
|t:|1658354262
|switch|p2a: Risotto|Carnelion, M|311\/311
|-start|p2a: Risotto|typechange|Normal\/Rock|[silent]
|turn|11
|
|t:|1658354272
|move|p2a: Risotto|Fake Out|p1a: Pandorea
|-enditem|p2a: Risotto|Normal Gem|[from] gem
|-resisted|p1a: Pandorea
|-damage|p1a: Pandorea|19\/100
|cant|p1a: Pandorea|flinch
|
|-heal|p1a: Pandorea|25\/100|[from] item: Leftovers
|-formechange|p1a: Pandorea|Klefki-Galar-Revealed||[from] ability: Hunger Switch
|-start|p1a: Pandorea|typechange|Fairy\/Dark|[silent]
|-message|Pandorea changed to Revealed Mode!
|upkeep
|turn|12
|
|t:|1658354280
|move|p1a: Pandorea|Protect|p1a: Pandorea
|-singleturn|p1a: Pandorea|Protect
|move|p2a: Risotto|Covet|p1a: Pandorea
|-activate|p1a: Pandorea|move: Protect
|
|-heal|p1a: Pandorea|32\/100|[from] item: Leftovers
|-formechange|p1a: Pandorea|Klefki-Galar||[from] ability: Hunger Switch
|-start|p1a: Pandorea|typechange|Steel\/Dark|[silent]
|-message|Pandorea changed to Lure Mode!
|upkeep
|turn|13
|
|t:|1658354324
|move|p2a: Risotto|Covet|p1a: Pandorea
|-resisted|p1a: Pandorea
|-damage|p1a: Pandorea|9\/100
|-item|p2a: Risotto|Leftovers|[from] move: Covet|[of] p1a: Pandorea
|move|p1a: Pandorea|Knock Off|p2a: Risotto
|-damage|p2a: Risotto|0 fnt
|-enditem|p2a: Risotto|Leftovers|[from] move: Knock Off|[of] p1a: Pandorea
|faint|p2a: Risotto
|
|-formechange|p1a: Pandorea|Klefki-Galar-Revealed||[from] ability: Hunger Switch
|-start|p1a: Pandorea|typechange|Fairy\/Dark|[silent]
|-message|Pandorea changed to Revealed Mode!
|upkeep
|
|t:|1658354341
|switch|p2a: Gamma|Gardevoir, M|278\/278
|turn|14
|
|t:|1658354364
|switch|p1a: Zantedeschia|Resurrectric, M|100\/100
|-ability|p2a: Gamma|Lightning Rod|[from] ability: Trace|[of] p1a: Zantedeschia
|-start|p1a: Zantedeschia|typechange|Ground\/Electric|[silent]
|raw|<ul class="utilichart"><li class="result"><span class="col pokemonnamecol" style="white-space: nowrap">Resurrectric<\/span> <span class="col typecol"><img src="https:\/\/dragonheaven.herokuapp.com\/sprites\/types\/Ground.png" alt="Ground" height="14" width="32"><img src="https:\/\/dragonheaven.herokuapp.com\/sprites\/types\/Electric.png" alt="Electric" height="14" width="32"><\/span> <span style="float: left ; min-height: 26px"><span class="col abilitycol">Inner Focus \/ Lightning Rod \/ Battle Armor<\/span><span class="col abilitycol"><\/span><\/span><\/li><li style="clear: both"><\/li><\/ul>
|raw|<ul class="utilichart"><li class="result"><span style="float: left ; min-height: 26px"><span class="col statcol"><em>HP<\/em><br>80<\/span> <span class="col statcol"><em>Atk<\/em><br>60<\/span> <span class="col statcol"><em>Def<\/em><br>130<\/span> <span class="col statcol"><em>SpA<\/em><br>90<\/span> <span class="col statcol"><em>SpD<\/em><br>80<\/span> <span class="col statcol"><em>Spe<\/em><br>45<\/span> <\/span><\/li><li style="clear: both"><\/li><\/ul>
|-hint|Resurrectric was created by Hematite!
|move|p2a: Gamma|Draining Kiss|p1a: Zantedeschia
|-damage|p1a: Zantedeschia|75\/100
|
|upkeep
|turn|15
|
|t:|1658354383
|switch|p2a: Spyke|Scrafiti, M|333\/333
|-start|p2a: Spyke|typechange|Dark\/Fighting|[silent]
|move|p1a: Zantedeschia|Earthquake|p2a: Spyke
|-damage|p2a: Spyke|158\/333
|
|-heal|p2a: Spyke|178\/333|[from] item: Leftovers
|upkeep
|turn|16
|
|t:|1658354399
|switch|p1a: Mango|Noivern-Variant, M|100\/100
|-start|p1a: Mango|typechange|Fighting\/Dragon|[silent]
|raw|<ul class="utilichart"><li class="result"><span class="col pokemonnamecol" style="white-space: nowrap">Noivern-Variant<\/span> <span class="col typecol"><img src="https:\/\/dragonheaven.herokuapp.com\/sprites\/types\/Fighting.png" alt="Fighting" height="14" width="32"><img src="https:\/\/dragonheaven.herokuapp.com\/sprites\/types\/Dragon.png" alt="Dragon" height="14" width="32"><\/span> <span style="float: left ; min-height: 26px"><span class="col abilitycol">Levitate<\/span><span class="col abilitycol"><\/span><\/span><\/li><li style="clear: both"><\/li><\/ul>
|raw|<ul class="utilichart"><li class="result"><span style="float: left ; min-height: 26px"><span class="col statcol"><em>HP<\/em><br>95<\/span> <span class="col statcol"><em>Atk<\/em><br>70<\/span> <span class="col statcol"><em>Def<\/em><br>80<\/span> <span class="col statcol"><em>SpA<\/em><br>97<\/span> <span class="col statcol"><em>SpD<\/em><br>80<\/span> <span class="col statcol"><em>Spe<\/em><br>113<\/span> <\/span><\/li><li style="clear: both"><\/li><\/ul>
|-hint|Noivern-Variant was created by Hematite!
|move|p2a: Spyke|Copycat|p2a: Spyke
|move|p2a: Spyke|Earthquake|p1a: Mango|[from]move: Copycat
|-immune|p1a: Mango|[from] ability: Levitate
|
|-heal|p2a: Spyke|198\/333|[from] item: Leftovers
|upkeep
|turn|17
|c|☆inkbug1|ummm hm
|c|☆H2OPulse|sorry I mostly just wanted to get rid of your Ground coverage asfg
|c|☆inkbug1|no fair 
|c|☆inkbug1|just trying to remember if i know how much this does
|c|☆H2OPulse|Mango doesn't really 1v1 Spyke anyway--
|c|☆H2OPulse|Rig ht fair
|
|t:|1658354526
|move|p1a: Mango|Super Fang|p2a: Spyke
|-damage|p2a: Spyke|99\/333
|move|p2a: Spyke|Drain Punch|p1a: Mango
|-damage|p1a: Mango|61\/100
|-heal|p2a: Spyke|178\/333|[from] drain|[of] p1a: Mango
|
|-heal|p2a: Spyke|198\/333|[from] item: Leftovers
|upkeep
|turn|18
|c|☆H2OPulse|Oh I did literally nothing that turn okay--
|
|t:|1658354547
|move|p2a: Spyke|Copycat|p2a: Spyke
|move|p2a: Spyke|Drain Punch|p1a: Mango|[from]move: Copycat
|-damage|p1a: Mango|25\/100
|-heal|p2a: Spyke|268\/333|[from] drain|[of] p1a: Mango
|move|p1a: Mango|Draco Meteor|p2a: Spyke
|-damage|p2a: Spyke|133\/333
|-unboost|p1a: Mango|spa|2
|-enditem|p1a: Mango|Eject Pack
|
|t:|1658354563
|switch|p1a: Foxfire|Shiinotic-Kalos, F|100\/100
|-start|p1a: Foxfire|typechange|Poison\/Fairy|[silent]
|
|-heal|p2a: Spyke|153\/333|[from] item: Leftovers
|upkeep
|turn|19
|
|t:|1658354574
|move|p1a: Foxfire|Spore|p2a: Spyke
|-status|p2a: Spyke|slp|[from] move: Spore
|cant|p2a: Spyke|slp
|
|-heal|p2a: Spyke|173\/333 slp|[from] item: Leftovers
|upkeep
|turn|20
|c|☆inkbug1|i forgot ur faster than me bc im a genius
|c|☆H2OPulse|Fair
|c|☆inkbug1|this pokemon is slow on purpose idiot-
|c|☆H2OPulse|Gshdkf
|
|t:|1658354600
|switch|p2a: Prism|Pollugonal, F|383\/383
|-start|p2a: Prism|typechange|Ice\/Poison|[silent]
|raw|<ul class="utilichart"><li class="result"><span class="col pokemonnamecol" style="white-space: nowrap">Pollugonal<\/span> <span class="col typecol"><img src="https:\/\/dragonheaven.herokuapp.com\/sprites\/types\/Ice.png" alt="Ice" height="14" width="32"><img src="https:\/\/dragonheaven.herokuapp.com\/sprites\/types\/Poison.png" alt="Poison" height="14" width="32"><\/span> <span style="float: left ; min-height: 26px"><span class="col abilitycol">Levitate<\/span><span class="col abilitycol"><\/span><\/span><\/li><li style="clear: both"><\/li><\/ul>
|raw|<ul class="utilichart"><li class="result"><span style="float: left ; min-height: 26px"><span class="col statcol"><em>HP<\/em><br>90<\/span> <span class="col statcol"><em>Atk<\/em><br>50<\/span> <span class="col statcol"><em>Def<\/em><br>50<\/span> <span class="col statcol"><em>SpA<\/em><br>95<\/span> <span class="col statcol"><em>SpD<\/em><br>140<\/span> <span class="col statcol"><em>Spe<\/em><br>105<\/span> <\/span><\/li><li style="clear: both"><\/li><\/ul>
|-hint|Pollugonal was created by Magmajudis!
|move|p1a: Foxfire|Acid Spray|p2a: Prism
|-resisted|p2a: Prism
|-damage|p2a: Prism|353\/383
|-unboost|p2a: Prism|spd|2
|
|upkeep
|turn|21
|
|t:|1658354618
|move|p2a: Prism|Spikes|p1a: Foxfire
|-sidestart|p1: H2OPulse|Spikes
|move|p1a: Foxfire|Hidden Power|p2a: Prism
|-supereffective|p2a: Prism
|-damage|p2a: Prism|119\/383
|
|upkeep
|turn|22
|
|t:|1658354644
|switch|p2a: Gamma|Gardevoir, M|278\/278
|-ability|p2a: Gamma|Technician|[from] ability: Trace|[of] p1a: Foxfire
|move|p1a: Foxfire|Acid Spray|p2a: Gamma
|-supereffective|p2a: Gamma
|-damage|p2a: Gamma|134\/278
|-unboost|p2a: Gamma|spd|2
|
|upkeep
|turn|23
|
|t:|1658354660
|switch|p1a: Snakey|Orbeetle-Variant, M|100\/100
|-start|p1a: Snakey|typechange|Bug\/Electric|[silent]
|raw|<ul class="utilichart"><li class="result"><span class="col pokemonnamecol" style="white-space: nowrap">Orbeetle-Variant<\/span> <span class="col typecol"><img src="https:\/\/dragonheaven.herokuapp.com\/sprites\/types\/Bug.png" alt="Bug" height="14" width="32"><img src="https:\/\/dragonheaven.herokuapp.com\/sprites\/types\/Electric.png" alt="Electric" height="14" width="32"><\/span> <span style="float: left ; min-height: 26px"><span class="col abilitycol">Swarm \/ Frisk \/ Cotton Down<\/span><span class="col abilitycol"><\/span><\/span><\/li><li style="clear: both"><\/li><\/ul>
|raw|<ul class="utilichart"><li class="result"><span style="float: left ; min-height: 26px"><span class="col statcol"><em>HP<\/em><br>60<\/span> <span class="col statcol"><em>Atk<\/em><br>45<\/span> <span class="col statcol"><em>Def<\/em><br>110<\/span> <span class="col statcol"><em>SpA<\/em><br>120<\/span> <span class="col statcol"><em>SpD<\/em><br>80<\/span> <span class="col statcol"><em>Spe<\/em><br>90<\/span> <\/span><\/li><li style="clear: both"><\/li><\/ul>
|-hint|Orbeetle-Variant was created by Magmajudis!
|move|p2a: Gamma|Draining Kiss|p1a: Snakey
|-damage|p1a: Snakey|63\/100
|-heal|p2a: Gamma|224\/278|[from] drain|[of] p1a: Snakey
|-ability|p1a: Snakey|Cotton Down
|-unboost|p2a: Gamma|spe|1
|
|upkeep
|turn|24
|
|t:|1658354671
|switch|p2a: Prism|Pollugonal, F|119\/383
|-start|p2a: Prism|typechange|Ice\/Poison|[silent]
|move|p1a: Snakey|Bug Buzz|p2a: Prism
|-resisted|p2a: Prism
|-damage|p2a: Prism|65\/383
|
|upkeep
|turn|25
|
|t:|1658354680
|move|p2a: Prism|Recover|p2a: Prism
|-heal|p2a: Prism|257\/383
|move|p1a: Snakey|Bug Buzz|p2a: Prism
|-resisted|p2a: Prism
|-damage|p2a: Prism|204\/383
|
|upkeep
|turn|26
|
|t:|1658354686
|move|p2a: Prism|Spikes|p1a: Snakey
|-sidestart|p1: H2OPulse|Spikes
|move|p1a: Snakey|Recover|p1a: Snakey
|-heal|p1a: Snakey|100\/100
|
|upkeep
|turn|27
|
|t:|1658354719
|move|p2a: Prism|Recover|p2a: Prism
|-heal|p2a: Prism|383\/383
|move|p1a: Snakey|Bug Buzz|p2a: Prism
|-resisted|p2a: Prism
|-damage|p2a: Prism|336\/383
|
|upkeep
|turn|28
|
|t:|1658354735
|move|p2a: Prism|Spikes|p1a: Snakey
|-sidestart|p1: H2OPulse|Spikes
|move|p1a: Snakey|Sticky Web|p2a: Prism
|-sidestart|p2: inkbug1|move: Sticky Web
|
|upkeep
|turn|29
|
|t:|1658354745
|move|p2a: Prism|Freeze-Dry|p1a: Snakey
|-damage|p1a: Snakey|76\/100
|-ability|p1a: Snakey|Cotton Down
|-unboost|p2a: Prism|spe|1
|move|p1a: Snakey|Bug Buzz|p2a: Prism
|-resisted|p2a: Prism
|-damage|p2a: Prism|285\/383
|
|upkeep
|turn|30
|c|☆H2OPulse|Wait I'm stupid
|c|☆H2OPulse|I guess that kinda helped? I don't even know--
|c|☆H2OPulse|see I was
|c|☆H2OPulse|trying to get you to use Rapid Spin so I could proc Cotton Down
|c|☆H2OPulse|but Rapid Spin
|c|☆H2OPulse|raises Speed anyway
|c|☆inkbug1|right but rapid spin evens out yeah
|c|☆H2OPulse|and also I wasn't going to accomplish a whole lot by being faster because Mango is super in danger right now
|
|t:|1658354816
|move|p1a: Snakey|Bug Buzz|p2a: Prism
|-resisted|p2a: Prism
|-damage|p2a: Prism|236\/383
|-unboost|p2a: Prism|spd|1
|move|p2a: Prism|Rapid Spin|p1a: Snakey
|-damage|p1a: Snakey|72\/100
|-boost|p2a: Prism|spe|1
|-ability|p1a: Snakey|Cotton Down
|-unboost|p2a: Prism|spe|1
|-sideend|p2: inkbug1|Sticky Web|[from] move: Rapid Spin|[of] p2a: Prism
|
|upkeep
|turn|31
|
|t:|1658354836
|switch|p2a: Cedric|Lediluck, M|334\/334
|-start|p2a: Cedric|typechange|Bug\/Flying|[silent]
|raw|<ul class="utilichart"><li class="result"><span class="col pokemonnamecol" style="white-space: nowrap">Lediluck<\/span> <span class="col typecol"><img src="https:\/\/dragonheaven.herokuapp.com\/sprites\/types\/Bug.png" alt="Bug" height="14" width="32"><img src="https:\/\/dragonheaven.herokuapp.com\/sprites\/types\/Flying.png" alt="Flying" height="14" width="32"><\/span> <span style="float: left ; min-height: 26px"><span class="col abilitycol">Swarm \/ Super Luck \/ Iron Fist<\/span><span class="col abilitycol"><\/span><\/span><\/li><li style="clear: both"><\/li><\/ul>
|raw|<ul class="utilichart"><li class="result"><span style="float: left ; min-height: 26px"><span class="col statcol"><em>HP<\/em><br>65<\/span> <span class="col statcol"><em>Atk<\/em><br>85<\/span> <span class="col statcol"><em>Def<\/em><br>60<\/span> <span class="col statcol"><em>SpA<\/em><br>65<\/span> <span class="col statcol"><em>SpD<\/em><br>120<\/span> <span class="col statcol"><em>Spe<\/em><br>105<\/span> <\/span><\/li><li style="clear: both"><\/li><\/ul>
|-hint|Lediluck was created by inkbug!
|move|p1a: Snakey|Bug Buzz|p2a: Cedric
|-resisted|p2a: Cedric
|-damage|p2a: Cedric|277\/334
|
|upkeep
|turn|32
|
|t:|1658354846
|move|p2a: Cedric|Swords Dance|p2a: Cedric
|-boost|p2a: Cedric|atk|2
|move|p1a: Snakey|U-turn|p2a: Cedric
|-resisted|p2a: Cedric
|-damage|p2a: Cedric|248\/334
|
|t:|1658354853
|switch|p1a: Mango|Noivern-Variant, M|25\/100|[from]move: U-turn
|-start|p1a: Mango|typechange|Fighting\/Dragon|[silent]
|
|upkeep
|turn|33
|
|t:|1658354878
|move|p1a: Mango|Roost|p1a: Mango
|-heal|p1a: Mango|75\/100
|-singleturn|p1a: Mango|move: Roost
|move|p2a: Cedric|Drain Punch|p1a: Mango
|-crit|p1a: Mango
|-damage|p1a: Mango|27\/100
|-heal|p2a: Cedric|334\/334|[from] drain|[of] p1a: Mango
|
|upkeep
|turn|34
|
|t:|1658354894
|move|p1a: Mango|Defog|p2a: Cedric
|-unboost|p2a: Cedric|evasion|1
|-sideend|p1: H2OPulse|Spikes|[from] move: Defog|[of] p1a: Mango
|move|p2a: Cedric|Swords Dance|p2a: Cedric
|-boost|p2a: Cedric|atk|2
|
|upkeep
|turn|35
|
|t:|1658354909
|switch|p1a: Snakey|Orbeetle-Variant, M|72\/100
|-start|p1a: Snakey|typechange|Bug\/Electric|[silent]
|move|p2a: Cedric|Drain Punch|p1a: Snakey
|-resisted|p1a: Snakey
|-crit|p1a: Snakey
|-damage|p1a: Snakey|40\/100
|-ability|p1a: Snakey|Cotton Down
|-unboost|p2a: Cedric|spe|1
|
|upkeep
|turn|36
|
|t:|1658354918
|move|p2a: Cedric|Light Screen|p2a: Cedric
|-sidestart|p2: inkbug1|move: Light Screen
|move|p1a: Snakey|Recover|p1a: Snakey
|-heal|p1a: Snakey|90\/100
|
|upkeep
|turn|37
|
|t:|1658354929
|move|p2a: Cedric|Thunder Punch|p1a: Snakey
|-resisted|p1a: Snakey
|-crit|p1a: Snakey
|-damage|p1a: Snakey|60\/100
|-ability|p1a: Snakey|Cotton Down
|-unboost|p2a: Cedric|spe|1
|move|p1a: Snakey|Bug Buzz|p2a: Cedric
|-resisted|p2a: Cedric
|-damage|p2a: Cedric|303\/334
|
|upkeep
|turn|38
|
|t:|1658354943
|move|p1a: Snakey|Bug Buzz|p2a: Cedric
|-resisted|p2a: Cedric
|-damage|p2a: Cedric|276\/334
|move|p2a: Cedric|Swords Dance|p2a: Cedric
|-boost|p2a: Cedric|atk|2
|
|upkeep
|turn|39
|
|t:|1658354952
|move|p1a: Snakey|Sticky Web|p2a: Cedric
|-sidestart|p2: inkbug1|move: Sticky Web
|move|p2a: Cedric|Drain Punch|p1a: Snakey
|-resisted|p1a: Snakey
|-crit|p1a: Snakey
|-damage|p1a: Snakey|13\/100
|-heal|p2a: Cedric|334\/334|[from] drain|[of] p1a: Snakey
|-ability|p1a: Snakey|Cotton Down
|-unboost|p2a: Cedric|spe|1
|
|upkeep
|turn|40
|
|t:|1658354968
|move|p1a: Snakey|Recover|p1a: Snakey
|-heal|p1a: Snakey|63\/100
|move|p2a: Cedric|Drain Punch|p1a: Snakey
|-resisted|p1a: Snakey
|-crit|p1a: Snakey
|-damage|p1a: Snakey|16\/100
|-ability|p1a: Snakey|Cotton Down
|-unboost|p2a: Cedric|spe|1
|
|-sideend|p2: inkbug1|move: Light Screen
|upkeep
|turn|41
|
|t:|1658355009
|move|p1a: Snakey|Recover|p1a: Snakey
|-heal|p1a: Snakey|66\/100
|move|p2a: Cedric|Thunder Punch|p1a: Snakey
|-resisted|p1a: Snakey
|-crit|p1a: Snakey
|-damage|p1a: Snakey|22\/100
|-ability|p1a: Snakey|Cotton Down
|-unboost|p2a: Cedric|spe|1
|
|upkeep
|turn|42
|
|t:|1658355061
|move|p1a: Snakey|U-turn|p2a: Cedric
|-resisted|p2a: Cedric
|-damage|p2a: Cedric|304\/334
|c|☆H2OPulse|Hmmm
|
|t:|1658355075
|switch|p1a: Zantedeschia|Resurrectric, M|75\/100|[from]move: U-turn
|-start|p1a: Zantedeschia|typechange|Ground\/Electric|[silent]
|move|p2a: Cedric|Light Screen|p2a: Cedric
|-sidestart|p2: inkbug1|move: Light Screen
|
|upkeep
|turn|43
|
|t:|1658355087
|move|p1a: Zantedeschia|Toxic|p2a: Cedric
|-status|p2a: Cedric|tox
|move|p2a: Cedric|Drain Punch|p1a: Zantedeschia
|-crit|p1a: Zantedeschia
|-damage|p1a: Zantedeschia|10\/100
|-heal|p2a: Cedric|334\/334 tox|[from] drain|[of] p1a: Zantedeschia
|
|-damage|p2a: Cedric|314\/334 tox|[from] psn
|upkeep
|turn|44
|c|☆inkbug1|mhgsbdnfbsgdjg
|c|☆inkbug1|that hurt so much???
|c|☆H2OPulse|I MEAN
|c|☆H2OPulse|you are at +6 and autocritting--
|c|☆H2OPulse|I didn't know if I was gonna live one ashfjg
|c|☆inkbug1|with a horrifying 206 raw attack stat
|c|☆H2OPulse|P f
|c|☆inkbug1|hes 826 right now im pretty sure it only takes escavalier oen swords dance to get here-
|c|☆H2OPulse|h a a fair
|
|t:|1658355187
|move|p1a: Zantedeschia|Volt Switch|p2a: Cedric
|-supereffective|p2a: Cedric
|-damage|p2a: Cedric|245\/334 tox
|c|☆H2OPulse|by total coincidence I am at 412 Attack which is the same you would have at +1
|c|☆H2OPulse|*+2
|c|☆inkbug1|asdasd
|
|t:|1658355233
|switch|p1a: Pandorea|Klefki-Galar, F|9\/100|[from]move: Volt Switch
|-start|p1a: Pandorea|typechange|Steel\/Dark|[silent]
|move|p2a: Cedric|Drain Punch|p1a: Pandorea
|-supereffective|p1a: Pandorea
|-crit|p1a: Pandorea
|-damage|p1a: Pandorea|0 fnt
|-heal|p2a: Cedric|259\/334 tox|[from] drain|[of] p1a: Pandorea
|faint|p1a: Pandorea
|
|-damage|p2a: Cedric|219\/334 tox|[from] psn
|upkeep
|
|t:|1658355242
|switch|p1a: Snakey|Orbeetle-Variant, M|22\/100
|-start|p1a: Snakey|typechange|Bug\/Electric|[silent]
|turn|45
|
|t:|1658355256
|switch|p2a: Spyke|Scrafiti, M|173\/333 slp
|-activate|p2a: Spyke|move: Sticky Web
|-unboost|p2a: Spyke|spe|1
|-start|p2a: Spyke|typechange|Dark\/Fighting|[silent]
|move|p1a: Snakey|Recover|p1a: Snakey
|-heal|p1a: Snakey|73\/100
|
|-heal|p2a: Spyke|193\/333 slp|[from] item: Leftovers
|upkeep
|turn|46
|
|t:|1658355264
|move|p1a: Snakey|Bug Buzz|p2a: Spyke
|-damage|p2a: Spyke|128\/333 slp
|cant|p2a: Spyke|slp
|
|-heal|p2a: Spyke|148\/333 slp|[from] item: Leftovers
|-sideend|p2: inkbug1|move: Light Screen
|upkeep
|turn|47
|
|t:|1658355272
|move|p1a: Snakey|Bug Buzz|p2a: Spyke
|-damage|p2a: Spyke|19\/333 slp
|-curestatus|p2a: Spyke|slp|[msg]
|move|p2a: Spyke|Fire Punch|p1a: Snakey
|-supereffective|p1a: Snakey
|-damage|p1a: Snakey|27\/100
|-ability|p1a: Snakey|Cotton Down
|-unboost|p2a: Spyke|spe|1
|
|-heal|p2a: Spyke|39\/333|[from] item: Leftovers
|upkeep
|turn|48
|
|t:|1658355297
|switch|p1a: Cattail|Vaporeon, F|100\/100
|move|p2a: Spyke|Copycat|p2a: Spyke
|move|p2a: Spyke|Fire Punch|p1a: Cattail|[from]move: Copycat
|-resisted|p1a: Cattail
|-damage|p1a: Cattail|88\/100
|
|-heal|p1a: Cattail|94\/100|[from] item: Leftovers
|-heal|p2a: Spyke|59\/333|[from] item: Leftovers
|upkeep
|turn|49
|
|t:|1658355308
|move|p1a: Cattail|Wish|p1a: Cattail
|move|p2a: Spyke|Drain Punch|p1a: Cattail
|-damage|p1a: Cattail|55\/100
|-heal|p2a: Spyke|149\/333|[from] drain|[of] p1a: Cattail
|
|-heal|p1a: Cattail|61\/100|[from] item: Leftovers
|-heal|p2a: Spyke|169\/333|[from] item: Leftovers
|upkeep
|turn|50
|
|t:|1658355321
|move|p1a: Cattail|Flip Turn|p2a: Spyke
|-damage|p2a: Spyke|127\/333
|
|t:|1658355331
|switch|p1a: Foxfire|Shiinotic-Kalos, F|100\/100|[from]move: Flip Turn
|-start|p1a: Foxfire|typechange|Poison\/Fairy|[silent]
|move|p2a: Spyke|Drain Punch|p1a: Foxfire
|-resisted|p1a: Foxfire
|-damage|p1a: Foxfire|82\/100
|-heal|p2a: Spyke|152\/333|[from] drain|[of] p1a: Foxfire
|
|-heal|p1a: Foxfire|100\/100|[from] move: Wish|[wisher] Cattail
|-heal|p2a: Spyke|172\/333|[from] item: Leftovers
|upkeep
|turn|51
|
|t:|1658355344
|switch|p2a: Cedric|Lediluck, M|219\/334 tox
|-start|p2a: Cedric|typechange|Bug\/Flying|[silent]
|move|p1a: Foxfire|Acid Spray|p2a: Cedric
|-damage|p2a: Cedric|153\/334 tox
|-unboost|p2a: Cedric|spd|2
|
|-damage|p2a: Cedric|133\/334 tox|[from] psn
|upkeep
|turn|52
|
|t:|1658355356
|move|p2a: Cedric|Light Screen|p2a: Cedric
|-sidestart|p2: inkbug1|move: Light Screen
|move|p1a: Foxfire|Acid Spray|p2a: Cedric
|-damage|p2a: Cedric|67\/334 tox
|-unboost|p2a: Cedric|spd|2
|
|-damage|p2a: Cedric|27\/334 tox|[from] psn
|upkeep
|turn|53
|
|t:|1658355365
|switch|p2a: Gamma|Gardevoir, M|224\/278
|-activate|p2a: Gamma|move: Sticky Web
|-unboost|p2a: Gamma|spe|1
|-ability|p2a: Gamma|Technician|[from] ability: Trace|[of] p1a: Foxfire
|move|p1a: Foxfire|Spore|p2a: Gamma
|-status|p2a: Gamma|slp|[from] move: Spore
|
|upkeep
|turn|54
|
|t:|1658355380
|switch|p1a: Cattail|Vaporeon, F|61\/100
|cant|p2a: Gamma|slp
|
|-heal|p1a: Cattail|67\/100|[from] item: Leftovers
|upkeep
|turn|55
|
|t:|1658355411
|-curestatus|p2a: Gamma|slp|[msg]
|move|p2a: Gamma|Draining Kiss|p1a: Cattail
|-damage|p1a: Cattail|48\/100
|-heal|p2a: Gamma|278\/278|[from] drain|[of] p1a: Cattail
|move|p1a: Cattail|Wish|p1a: Cattail
|
|-heal|p1a: Cattail|54\/100|[from] item: Leftovers
|upkeep
|turn|56
|
|t:|1658355428
|switch|p1a: Zantedeschia|Resurrectric, M|10\/100
|-start|p1a: Zantedeschia|typechange|Ground\/Electric|[silent]
|move|p2a: Gamma|Psyshock|p1a: Zantedeschia
|-damage|p1a: Zantedeschia|0 fnt
|faint|p1a: Zantedeschia
|
|-sideend|p2: inkbug1|move: Light Screen
|upkeep
|c|☆H2OPulse|Nnnnope
|c|☆H2OPulse|I wanted to prevent a Healing Wish,,
|c|☆H2OPulse|Oh I am stupid
|
|t:|1658355451
|switch|p1a: Foxfire|Shiinotic-Kalos, F|100\/100
|-start|p1a: Foxfire|typechange|Poison\/Fairy|[silent]
|turn|57
|
|t:|1658355468
|move|p1a: Foxfire|Spore|p2a: Gamma
|-status|p2a: Gamma|slp|[from] move: Spore
|cant|p2a: Gamma|slp
|
|upkeep
|turn|58
|
|t:|1658355473
|move|p1a: Foxfire|Acid Spray|p2a: Gamma
|-supereffective|p2a: Gamma
|-damage|p2a: Gamma|134\/278 slp
|-unboost|p2a: Gamma|spd|2
|cant|p2a: Gamma|slp
|
|upkeep
|turn|59
|
|t:|1658355481
|switch|p2a: Prism|Pollugonal, F|236\/383
|-start|p2a: Prism|typechange|Ice\/Poison|[silent]
|move|p1a: Foxfire|Draining Kiss|p2a: Prism
|-resisted|p2a: Prism
|-damage|p2a: Prism|196\/383
|
|upkeep
|turn|60
|
|t:|1658355492
|move|p2a: Prism|Rapid Spin|p1a: Foxfire
|-damage|p1a: Foxfire|91\/100
|-boost|p2a: Prism|spe|1
|-sideend|p2: inkbug1|Sticky Web|[from] move: Rapid Spin|[of] p2a: Prism
|move|p1a: Foxfire|Acid Spray|p2a: Prism
|-resisted|p2a: Prism
|-damage|p2a: Prism|162\/383
|-unboost|p2a: Prism|spd|2
|
|-heal|p1a: Foxfire|97\/100|[from] item: Black Sludge
|upkeep
|turn|61
|c|☆inkbug1|this is definitely some kind of a situation that i am in
|
|t:|1658355586
|switch|p2a: Spyke|Scrafiti, M|172\/333
|-start|p2a: Spyke|typechange|Dark\/Fighting|[silent]
|move|p1a: Foxfire|Acid Spray|p2a: Spyke
|-damage|p2a: Spyke|91\/333
|-unboost|p2a: Spyke|spd|2
|
|-heal|p1a: Foxfire|100\/100|[from] item: Black Sludge
|-heal|p2a: Spyke|111\/333|[from] item: Leftovers
|upkeep
|turn|62
|
|t:|1658355602
|move|p2a: Spyke|Copycat|p2a: Spyke
|move|p2a: Spyke|Acid Spray|p1a: Foxfire|[from]move: Copycat
|-damage|p1a: Foxfire|93\/100
|-unboost|p1a: Foxfire|spd|2
|move|p1a: Foxfire|Acid Spray|p2a: Spyke
|-damage|p2a: Spyke|0 fnt
|faint|p2a: Spyke
|
|-heal|p1a: Foxfire|99\/100|[from] item: Black Sludge
|upkeep
|
|t:|1658355611
|switch|p2a: Prism|Pollugonal, F|162\/383
|-start|p2a: Prism|typechange|Ice\/Poison|[silent]
|turn|63
|c|☆H2OPulse|I mean same
|
|t:|1658355649
|switch|p1a: Cattail|Vaporeon, F|54\/100
|move|p2a: Prism|Freeze-Dry|p1a: Cattail
|-supereffective|p1a: Cattail
|-damage|p1a: Cattail|25\/100
|
|-heal|p1a: Cattail|31\/100|[from] item: Leftovers
|upkeep
|turn|64
|
|t:|1658355659
|move|p2a: Prism|Recover|p2a: Prism
|-heal|p2a: Prism|354\/383
|move|p1a: Cattail|Wish|p1a: Cattail
|
|-heal|p1a: Cattail|37\/100|[from] item: Leftovers
|upkeep
|turn|65
|
|t:|1658355689
|move|p1a: Cattail|Protect|p1a: Cattail
|-singleturn|p1a: Cattail|Protect
|move|p2a: Prism|Spikes|p1a: Cattail
|-sidestart|p1: H2OPulse|Spikes
|
|-heal|p1a: Cattail|87\/100|[from] move: Wish|[wisher] Cattail
|-heal|p1a: Cattail|93\/100|[from] item: Leftovers
|upkeep
|turn|66
|
|t:|1658355697
|move|p2a: Prism|Spikes|p1a: Cattail
|-sidestart|p1: H2OPulse|Spikes
|move|p1a: Cattail|Wish|p1a: Cattail
|
|-heal|p1a: Cattail|99\/100|[from] item: Leftovers
|upkeep
|turn|67
|
|t:|1658355718
|switch|p1a: Mango|Noivern-Variant, M|27\/100
|-start|p1a: Mango|typechange|Fighting\/Dragon|[silent]
|move|p2a: Prism|Freeze-Dry|p1a: Mango
|-supereffective|p1a: Mango
|-damage|p1a: Mango|0 fnt
|faint|p1a: Mango
|
|upkeep
|c|☆H2OPulse|Nope
|
|t:|1658355736
|switch|p1a: Snakey|Orbeetle-Variant, M|27\/100
|-start|p1a: Snakey|typechange|Bug\/Electric|[silent]
|turn|68
|c|☆inkbug1|mmm how much did this do...
|
|t:|1658355757
|move|p2a: Prism|Freeze-Dry|p1a: Snakey
|-damage|p1a: Snakey|3\/100
|-ability|p1a: Snakey|Cotton Down
|-unboost|p2a: Prism|spe|1
|move|p1a: Snakey|Recover|p1a: Snakey
|-heal|p1a: Snakey|53\/100
|
|upkeep
|turn|69
|c|☆inkbug1|noooot enough
|c|☆H2OPulse|Nsmdjfjfk
|
|t:|1658355775
|move|p1a: Snakey|Recover|p1a: Snakey
|-heal|p1a: Snakey|100\/100
|move|p2a: Prism|Spikes|p1a: Snakey
|-sidestart|p1: H2OPulse|Spikes
|
|upkeep
|turn|70
|
|t:|1658355784
|move|p1a: Snakey|Sticky Web|p2a: Prism
|-sidestart|p2: inkbug1|move: Sticky Web
|move|p2a: Prism|Freeze-Dry|p1a: Snakey
|-damage|p1a: Snakey|76\/100
|-ability|p1a: Snakey|Cotton Down
|-unboost|p2a: Prism|spe|1
|
|upkeep
|turn|71
|
|t:|1658355796
|switch|p1a: Foxfire|Shiinotic-Kalos, F|99\/100
|-start|p1a: Foxfire|typechange|Poison\/Fairy|[silent]
|-damage|p1a: Foxfire|75\/100|[from] Spikes
|move|p2a: Prism|Rapid Spin|p1a: Foxfire
|-damage|p1a: Foxfire|65\/100
|-boost|p2a: Prism|spe|1
|-sideend|p2: inkbug1|Sticky Web|[from] move: Rapid Spin|[of] p2a: Prism
|
|-heal|p1a: Foxfire|71\/100|[from] item: Black Sludge
|upkeep
|turn|72
|
|t:|1658355810
|move|p1a: Foxfire|Acid Spray|p2a: Prism
|-resisted|p2a: Prism
|-damage|p2a: Prism|321\/383
|-unboost|p2a: Prism|spd|2
|move|p2a: Prism|Rapid Spin|p1a: Foxfire
|-damage|p1a: Foxfire|63\/100
|-boost|p2a: Prism|spe|1
|
|-heal|p1a: Foxfire|69\/100|[from] item: Black Sludge
|upkeep
|turn|73
|
|t:|1658355822
|move|p2a: Prism|Freeze-Dry|p1a: Foxfire
|-damage|p1a: Foxfire|30\/100
|move|p1a: Foxfire|Hidden Power|p2a: Prism
|-supereffective|p2a: Prism
|-damage|p2a: Prism|89\/383
|
|-heal|p1a: Foxfire|36\/100|[from] item: Black Sludge
|upkeep
|turn|74
|
|t:|1658355838
|switch|p1a: Snakey|Orbeetle-Variant, M|76\/100
|-start|p1a: Snakey|typechange|Bug\/Electric|[silent]
|move|p2a: Prism|Freeze-Dry|p1a: Snakey
|-damage|p1a: Snakey|51\/100
|-ability|p1a: Snakey|Cotton Down
|-unboost|p2a: Prism|spe|1
|
|upkeep
|turn|75
|c|☆inkbug1|i am so 
|c|☆inkbug1|concerned-
|
|t:|1658355852
|switch|p2a: Gamma|Gardevoir, M|134\/278 slp
|-ability|p2a: Gamma|Cotton Down|[from] ability: Trace|[of] p1a: Snakey
|move|p1a: Snakey|Bug Buzz|p2a: Gamma
|-damage|p2a: Gamma|22\/278 slp
|-ability|p2a: Gamma|Cotton Down
|-unboost|p1a: Snakey|spe|1
|
|upkeep
|turn|76
|c|☆H2OPulse|MSKHD
|c|☆inkbug1|oh 
|c|☆inkbug1|amazing
|
|t:|1658355873
|cant|p2a: Gamma|slp
|move|p1a: Snakey|U-turn|p2a: Gamma
|-damage|p2a: Gamma|0 fnt
|-ability|p2a: Gamma|Cotton Down
|-unboost|p1a: Snakey|spe|1
|faint|p2a: Gamma
|c|☆inkbug1|thats bad 
|c|☆inkbug1|ah well
|c|☆H2OPulse|oooff sorry for the three turns
|
|t:|1658355884
|switch|p1a: Cattail|Vaporeon, F|99\/100|[from]move: U-turn
|-damage|p1a: Cattail|75\/100|[from] Spikes
|
|-heal|p1a: Cattail|81\/100|[from] item: Leftovers
|upkeep
|
|t:|1658355902
|switch|p2a: Cedric|Lediluck, M|27\/334 tox
|-start|p2a: Cedric|typechange|Bug\/Flying|[silent]
|turn|77
|
|t:|1658355909
|move|p2a: Cedric|Thunder Punch|p1a: Cattail
|-supereffective|p1a: Cattail
|-crit|p1a: Cattail
|-damage|p1a: Cattail|33\/100
|move|p1a: Cattail|Wish|p1a: Cattail
|
|-heal|p1a: Cattail|39\/100|[from] item: Leftovers
|-damage|p2a: Cedric|7\/334 tox|[from] psn
|upkeep
|turn|78
|
|t:|1658355916
|move|p1a: Cattail|Protect|p1a: Cattail
|-singleturn|p1a: Cattail|Protect
|move|p2a: Cedric|Light Screen|p2a: Cedric
|-sidestart|p2: inkbug1|move: Light Screen
|
|-heal|p1a: Cattail|89\/100|[from] move: Wish|[wisher] Cattail
|-heal|p1a: Cattail|95\/100|[from] item: Leftovers
|-damage|p2a: Cedric|0 fnt|[from] psn
|faint|p2a: Cedric
|upkeep
|
|t:|1658355924
|switch|p2a: Prism|Pollugonal, F|89\/383
|-start|p2a: Prism|typechange|Ice\/Poison|[silent]
|turn|79
|
|t:|1658355927
|move|p2a: Prism|Recover|p2a: Prism
|-heal|p2a: Prism|281\/383
|move|p1a: Cattail|Wish|p1a: Cattail
|
|-heal|p1a: Cattail|100\/100|[from] item: Leftovers
|upkeep
|turn|80
|
|t:|1658355937
|move|p2a: Prism|Freeze-Dry|p1a: Cattail
|-supereffective|p1a: Cattail
|-damage|p1a: Cattail|72\/100
|move|p1a: Cattail|Flip Turn|p2a: Prism
|-damage|p2a: Prism|197\/383
|
|t:|1658355940
|switch|p1a: Foxfire|Shiinotic-Kalos, F|36\/100|[from]move: Flip Turn
|-damage|p1a: Foxfire|11\/100|[from] Spikes
|-start|p1a: Foxfire|typechange|Poison\/Fairy|[silent]
|
|-heal|p1a: Foxfire|99\/100|[from] move: Wish|[wisher] Cattail
|-heal|p1a: Foxfire|100\/100|[from] item: Black Sludge
|upkeep
|turn|81
|c|☆inkbug1|this is probably gg 
|
|t:|1658355950
|move|p2a: Prism|Freeze-Dry|p1a: Foxfire
|-damage|p1a: Foxfire|60\/100
|move|p1a: Foxfire|Spore|p2a: Prism
|-status|p2a: Prism|slp|[from] move: Spore
|
|-heal|p1a: Foxfire|67\/100|[from] item: Black Sludge
|upkeep
|turn|82
|
|t:|1658355957
|cant|p2a: Prism|slp
|move|p1a: Foxfire|Acid Spray|p2a: Prism
|-resisted|p2a: Prism
|-damage|p2a: Prism|182\/383 slp
|-unboost|p2a: Prism|spd|2
|
|-heal|p1a: Foxfire|73\/100|[from] item: Black Sludge
|-sideend|p2: inkbug1|move: Light Screen
|upkeep
|turn|83
|
|t:|1658355977
|cant|p2a: Prism|slp
|move|p1a: Foxfire|Hidden Power|p2a: Prism
|-supereffective|p2a: Prism
|-damage|p2a: Prism|0 fnt
|faint|p2a: Prism
|
|win|H2OPulse
|c|☆inkbug1|gg
|c|☆H2OPulse|Good game!! Sorry I kinda wish I knew what would've happened if Gamma woke up because that mattered a lot
|c|☆H2OPulse|I think
|c|☆inkbug1|this ver of res definitely doesnt feel overwhelming its interesting how much more damage i t takes haha
|c|☆H2OPulse|Rig h t</script>
</div>
<div class="battle-log battle-log-inline"><div class="inner"><div class="battle-options"><div style="padding-top: 3px; padding-right: 3px; text-align: right"><button class="icon button" name="openBattleOptions" title="Options">Battle Options</button></div></div><div class="inner message-log"><div class="chat"><small>☆H2OPulse and ☆inkbug1 joined</small></div><div class=""><small>Format:</small> <br><strong>[Gen 8] Evolution Project</strong></div><div class=""><small><em>HP Percentage Mod:</em> HP is shown in percentages</small></div><div class=""><small><em>Endless Battle Clause:</em> Forcing endless battles is banned</small></div><div class=""><small><em>OHKO Clause:</em> OHKO moves are banned</small></div><div class=""><small><em>Evasion Moves Clause:</em> Evasion moves are banned</small></div><div class=""><small><em>Species Clause:</em> Limit one of each Pokémon</small></div><div class=""><small><em>Dynamax Clause:</em> You cannot dynamax</small></div><div class=""><small><em>Sleep Clause Mod:</em> Limit one foe put to sleep</small></div><div class=""><small><em>Z-Move Clause:</em> Type-based Z-Moves are banned</small></div><div class="chat battle-history"><strong>H2OPulse's team:</strong> <em style="color:#445566;display:block;">Orbeetle-Variant / Shiinotic-Kalos / Klefki-Galar / Vaporeon / Noivern-Variant / Resurrectric</em></div><div class="chat battle-history"><strong>inkbug1's team:</strong> <em style="color:#445566;display:block;">Lediluck / Carnelion / Magcargo / Pollugonal / Scrafiti / Gardevoir</em></div><div class="chat chatmessage-h2opulse"><strong style="color:#6e8c2b"><small>☆</small><span class="username" data-name="H2OPulse">H2OPulse</span>:</strong> <em>Niceee okay good luck and have fun!!</em></div><div class="chat chatmessage-inkbug1 mine"><strong style="color:#e46e0f"><small>☆</small><span class="username" data-name="inkbug1">inkbug1</span>:</strong> <em>u2! </em></div><div class="spacer battle-history"><br></div><div class="battle-history">Battle started between H2OPulse and inkbug1!<br></div><div class="spacer battle-history"><br></div><div class="battle-history">H2OPulse sent out Foxfire (<strong>Shiinotic-Kalos</strong>)!<br></div><div class="spacer battle-history"><br></div><div class="battle-history">Go! Risotto (<strong>Carnelion</strong>)!<br></div><div class="chat"><ul class="utilichart"><li class="result"><span class="col pokemonnamecol" style="white-space: nowrap">Carnelion</span> <span class="col typecol"><img src="https://dragonheaven.herokuapp.com/sprites/types/Normal.png" alt="Normal" height="14" width="32"><img src="https://dragonheaven.herokuapp.com/sprites/types/Rock.png" alt="Rock" height="14" width="32"></span> <span style="float: left ; min-height: 26px"><span class="col abilitycol">Limber / Technician / Unnerve</span><span class="col abilitycol"></span></span></li><li style="clear: both"></li></ul></div><div class="chat"><ul class="utilichart"><li class="result"><span style="float: left ; min-height: 26px"><span class="col statcol"><em>HP</em><br>85</span> <span class="col statcol"><em>Atk</em><br>105</span> <span class="col statcol"><em>Def</em><br>70</span> <span class="col statcol"><em>SpA</em><br>95</span> <span class="col statcol"><em>SpD</em><br>70</span> <span class="col statcol"><em>Spe</em><br>120</span> </span></li><li style="clear: both"></li></ul></div><div class="battle-history"><small>(Carnelion was created by abismal!)</small><br></div><div class="chat"><ul class="utilichart"><li class="result"><span class="col pokemonnamecol" style="white-space: nowrap">Shiinotic-Kalos</span> <span class="col typecol"><img src="https://dragonheaven.herokuapp.com/sprites/types/Poison.png" alt="Poison" height="14" width="32"><img src="https://dragonheaven.herokuapp.com/sprites/types/Fairy.png" alt="Fairy" height="14" width="32"></span> <span style="float: left ; min-height: 26px"><span class="col abilitycol">Illuminate / Effect Spore / Technician</span><span class="col abilitycol"></span></span></li><li style="clear: both"></li></ul></div><div class="chat"><ul class="utilichart"><li class="result"><span style="float: left ; min-height: 26px"><span class="col statcol"><em>HP</em><br>60</span> <span class="col statcol"><em>Atk</em><br>61</span> <span class="col statcol"><em>Def</em><br>60</span> <span class="col statcol"><em>SpA</em><br>90</span> <span class="col statcol"><em>SpD</em><br>80</span> <span class="col statcol"><em>Spe</em><br>54</span> </span></li><li style="clear: both"></li></ul></div><div class="battle-history"><small>(Shiinotic-Kalos was created by Hematite!)</small><br></div><div class="spacer battle-history"><br></div><h2 class="battle-history">Turn 1</h2><div class="spacer battle-history"><br></div><div class="battle-history">H2OPulse withdrew Foxfire!<br></div><div class="battle-history">H2OPulse sent out Pandorea (<strong>Klefki-Galar</strong>)!<br></div><div class="chat"><ul class="utilichart"><li class="result"><span class="col pokemonnamecol" style="white-space: nowrap">Klefki-Galar</span> <span class="col typecol"><img src="https://dragonheaven.herokuapp.com/sprites/types/Steel.png" alt="Steel" height="14" width="32"><img src="https://dragonheaven.herokuapp.com/sprites/types/Dark.png" alt="Dark" height="14" width="32"></span> <span style="float: left ; min-height: 26px"><span class="col abilitycol">Hunger Switch</span><span class="col abilitycol"></span></span></li><li style="clear: both"></li></ul></div><div class="chat"><ul class="utilichart"><li class="result"><span style="float: left ; min-height: 26px"><span class="col statcol"><em>HP</em><br>57</span> <span class="col statcol"><em>Atk</em><br>60</span> <span class="col statcol"><em>Def</em><br>106</span> <span class="col statcol"><em>SpA</em><br>70</span> <span class="col statcol"><em>SpD</em><br>87</span> <span class="col statcol"><em>Spe</em><br>90</span> </span></li><li style="clear: both"></li></ul></div><div class="battle-history"><small>(Klefki-Galar was created by Albatross!)</small><br></div><div class="spacer battle-history"><br></div><div class="battle-history">Risotto used <strong>Rock Tomb</strong>!<br></div><div class="battle-history"><small>It's not very effective...</small><br></div><div class="battle-history"><small>(The opposing Pandorea lost 19% of its health!)</small><br></div><div class="battle-history"><small>The opposing Pandorea's Speed fell!</small><br></div><div class="spacer battle-history"><br></div><div class="battle-history"><small>The opposing Pandorea restored a little HP using its Leftovers!</small><br></div><div class="battle-history">[The opposing Pandorea's Hunger Switch]<br></div><div class="battle-history"><small>Pandorea changed to Revealed Mode!</small><br></div><div class="chat"><ul class="utilichart"><li class="result"><span class="col pokemonnamecol" style="white-space: nowrap">Klefki-Galar-Revealed</span> <span class="col typecol"><img src="https://dragonheaven.herokuapp.com/sprites/types/Fairy.png" alt="Fairy" height="14" width="32"><img src="https://dragonheaven.herokuapp.com/sprites/types/Dark.png" alt="Dark" height="14" width="32"></span> <span style="float: left ; min-height: 26px"><span class="col abilitycol">Hunger Switch</span><span class="col abilitycol"></span></span><span style="float: left ; min-height: 26px"><span class="col statcol"><em>HP</em><br>57</span> <span class="col statcol"><em>Atk</em><br>116</span> <span class="col statcol"><em>Def</em><br>50</span> <span class="col statcol"><em>SpA</em><br>70</span> <span class="col statcol"><em>SpD</em><br>87</span> <span class="col statcol"><em>Spe</em><br>90</span> </span></li><li style="clear: both"></li></ul></div><div class="spacer battle-history"><br></div><h2 class="battle-history">Turn 2</h2><div class="spacer battle-history"><br></div><div class="battle-history">The opposing Pandorea used <strong>Protect</strong>!<br></div><div class="battle-history"><small>The opposing Pandorea protected itself!</small><br></div><div class="spacer battle-history"><br></div><div class="battle-history">Risotto used <strong>U-turn</strong>!<br></div><div class="battle-history"><small>The opposing Pandorea protected itself!</small><br></div><div class="spacer battle-history"><br></div><div class="battle-history"><small>The opposing Pandorea restored a little HP using its Leftovers!</small><br></div><div class="battle-history">[The opposing Pandorea's Hunger Switch]<br></div><div class="battle-history"><small>Pandorea changed to Lure Mode!</small><br></div><div class="spacer battle-history"><br></div><h2 class="battle-history">Turn 3</h2><div class="spacer battle-history"><br></div><div class="battle-history">Risotto used <strong>U-turn</strong>!<br></div><div class="battle-history"><small>(The opposing Pandorea lost 24% of its health!)</small><br></div><div class="spacer battle-history"><br></div><div class="battle-history">Risotto went back to inkbug1!<br></div><div class="battle-history">Go! Spyke (<strong>Scrafiti</strong>)!<br></div><div class="chat"><ul class="utilichart"><li class="result"><span class="col pokemonnamecol" style="white-space: nowrap">Scrafiti</span> <span class="col typecol"><img src="https://dragonheaven.herokuapp.com/sprites/types/Dark.png" alt="Dark" height="14" width="32"><img src="https://dragonheaven.herokuapp.com/sprites/types/Fighting.png" alt="Fighting" height="14" width="32"></span> <span style="float: left ; min-height: 26px"><span class="col abilitycol">Shed Skin / Moxie / Prankster</span><span class="col abilitycol"></span></span></li><li style="clear: both"></li></ul></div><div class="chat"><ul class="utilichart"><li class="result"><span style="float: left ; min-height: 26px"><span class="col statcol"><em>HP</em><br>65</span> <span class="col statcol"><em>Atk</em><br>100</span> <span class="col statcol"><em>Def</em><br>115</span> <span class="col statcol"><em>SpA</em><br>45</span> <span class="col statcol"><em>SpD</em><br>115</span> <span class="col statcol"><em>Spe</em><br>48</span> </span></li><li style="clear: both"></li></ul></div><div class="battle-history"><small>(Scrafiti was created by Magmajudis!)</small><br></div><div class="spacer battle-history"><br></div><div class="battle-history">The opposing Pandorea used <strong>Swords Dance</strong>!<br></div><div class="battle-history"><small>The opposing Pandorea's Attack rose sharply!</small><br></div><div class="spacer battle-history"><br></div><div class="battle-history"><small>The opposing Pandorea restored a little HP using its Leftovers!</small><br></div><div class="battle-history">[The opposing Pandorea's Hunger Switch]<br></div><div class="battle-history"><small>Pandorea changed to Revealed Mode!</small><br></div><div class="spacer battle-history"><br></div><h2 class="battle-history">Turn 4</h2><div class="chat chatmessage-inkbug1 mine"><strong style="color:#e46e0f"><small>☆</small><span class="username" data-name="inkbug1">inkbug1</span>:</strong> <em>wait no</em></div><div class="chat chatmessage-inkbug1 mine"><strong style="color:#e46e0f"><small>☆</small><span class="username" data-name="inkbug1">inkbug1</span>:</strong> <em>i remembered before i clicked it this time</em></div><div class="spacer battle-history"><br></div><div class="battle-history">Spyke, come back!<br></div><div class="battle-history">Go! Slushie (<strong>Magcargo</strong>)!<br></div><div class="spacer battle-history"><br></div><div class="battle-history">The opposing Pandorea used <strong>Play Rough</strong>!<br></div><div class="battle-history"><small>It's not very effective...</small><br></div><div class="battle-history"><small>(Slushie lost <abbr title="−80/323">24.8%</abbr> of its health!)</small><br></div><div class="battle-history"><small>The opposing Pandorea was hurt by the Rocky Helmet!</small><br></div><div class="spacer battle-history"><br></div><div class="battle-history"><small>The opposing Pandorea restored a little HP using its Leftovers!</small><br></div><div class="battle-history">[The opposing Pandorea's Hunger Switch]<br></div><div class="battle-history"><small>Pandorea changed to Lure Mode!</small><br></div><div class="spacer battle-history"><br></div><h2 class="battle-history">Turn 5</h2><div class="chat chatmessage-h2opulse"><strong style="color:#6e8c2b"><small>☆</small><span class="username" data-name="H2OPulse">H2OPulse</span>:</strong> <em>Ashdjfk fair--</em></div><div class="spacer battle-history"><br></div><div class="battle-history">The opposing Pandorea used <strong>Protect</strong>!<br></div><div class="battle-history"><small>The opposing Pandorea protected itself!</small><br></div><div class="spacer battle-history"><br></div><div class="battle-history">Slushie used <strong>Overheat</strong>!<br></div><div class="battle-history"><small>The opposing Pandorea protected itself!</small><br></div><div class="spacer battle-history"><br></div><div class="battle-history"><small>The opposing Pandorea restored a little HP using its Leftovers!</small><br></div><div class="battle-history">[The opposing Pandorea's Hunger Switch]<br></div><div class="battle-history"><small>Pandorea changed to Revealed Mode!</small><br></div><div class="spacer battle-history"><br></div><h2 class="battle-history">Turn 6</h2><div class="spacer battle-history"><br></div><div class="battle-history">The opposing Pandorea used <strong>Swords Dance</strong>!<br></div><div class="battle-history"><small>The opposing Pandorea's Attack rose sharply!</small><br></div><div class="spacer battle-history"><br></div><div class="battle-history">Slushie used <strong>Recover</strong>!<br></div><div class="battle-history"><small>Slushie had its HP restored.</small><br></div><div class="spacer battle-history"><br></div><div class="battle-history"><small>The opposing Pandorea restored a little HP using its Leftovers!</small><br></div><div class="battle-history">[The opposing Pandorea's Hunger Switch]<br></div><div class="battle-history"><small>Pandorea changed to Lure Mode!</small><br></div><div class="spacer battle-history"><br></div><h2 class="battle-history">Turn 7</h2><div class="chat chatmessage-inkbug1 mine"><strong style="color:#e46e0f"><small>☆</small><span class="username" data-name="inkbug1">inkbug1</span>:</strong> <em>i see</em></div><div class="spacer battle-history"><br></div><div class="battle-history">The opposing Pandorea used <strong>Protect</strong>!<br></div><div class="battle-history"><small>The opposing Pandorea protected itself!</small><br></div><div class="spacer battle-history"><br></div><div class="battle-history">Slushie used <strong>Overheat</strong>!<br></div><div class="battle-history"><small>The opposing Pandorea protected itself!</small><br></div><div class="spacer battle-history"><br></div><div class="battle-history"><small>The opposing Pandorea restored a little HP using its Leftovers!</small><br></div><div class="battle-history">[The opposing Pandorea's Hunger Switch]<br></div><div class="battle-history"><small>Pandorea changed to Revealed Mode!</small><br></div><div class="spacer battle-history"><br></div><h2 class="battle-history">Turn 8</h2><div class="spacer battle-history"><br></div><div class="battle-history">The opposing Pandorea used <strong>Swords Dance</strong>!<br></div><div class="battle-history"><small>The opposing Pandorea's Attack rose sharply!</small><br></div><div class="spacer battle-history"><br></div><div class="battle-history">Slushie used <strong>Overheat</strong>!<br></div><div class="battle-history"><small>(The opposing Pandorea lost 46% of its health!)</small><br></div><div class="battle-history"><small>Slushie's Sp. Atk fell harshly!</small><br></div><div class="spacer battle-history"><br></div><div class="battle-history"><small>The opposing Pandorea restored a little HP using its Leftovers!</small><br></div><div class="battle-history">[The opposing Pandorea's Hunger Switch]<br></div><div class="battle-history"><small>Pandorea changed to Lure Mode!</small><br></div><div class="spacer battle-history"><br></div><h2 class="battle-history">Turn 9</h2><div class="spacer battle-history"><br></div><div class="battle-history">The opposing Pandorea used <strong>Protect</strong>!<br></div><div class="battle-history"><small>The opposing Pandorea protected itself!</small><br></div><div class="spacer battle-history"><br></div><div class="battle-history">Slushie used <strong>Stone Edge</strong>!<br></div><div class="battle-history"><small>The opposing Pandorea protected itself!</small><br></div><div class="spacer battle-history"><br></div><div class="battle-history"><small>The opposing Pandorea restored a little HP using its Leftovers!</small><br></div><div class="battle-history">[The opposing Pandorea's Hunger Switch]<br></div><div class="battle-history"><small>Pandorea changed to Revealed Mode!</small><br></div><div class="spacer battle-history"><br></div><h2 class="battle-history">Turn 10</h2><div class="spacer battle-history"><br></div><div class="battle-history">The opposing Pandorea used <strong>Knock Off</strong>!<br></div><div class="battle-history"><small>(Slushie lost <abbr title="−323/323">100%</abbr> of its health!)</small><br></div><div class="battle-history"><small>The opposing Pandorea was hurt by the Rocky Helmet!</small><br></div><div class="battle-history"><small>The opposing Pandorea knocked off Slushie's Rocky Helmet!</small><br></div><div class="spacer battle-history"><br></div><div class="battle-history">Slushie fainted!<br></div><div class="spacer battle-history"><br></div><div class="battle-history"><small>The opposing Pandorea restored a little HP using its Leftovers!</small><br></div><div class="battle-history">[The opposing Pandorea's Hunger Switch]<br></div><div class="battle-history"><small>Pandorea changed to Lure Mode!</small><br></div><div class="spacer battle-history"><br></div><div class="battle-history">Go! Risotto (<strong>Carnelion</strong>)!<br></div><div class="spacer battle-history"><br></div><h2 class="battle-history">Turn 11</h2><div class="spacer battle-history"><br></div><div class="battle-history">Risotto used <strong>Fake Out</strong>!<br></div><div class="battle-history"><small>The Normal Gem strengthened Risotto's power!</small><br></div><div class="battle-history"><small>It's not very effective...</small><br></div><div class="battle-history"><small>(The opposing Pandorea lost 20% of its health!)</small><br></div><div class="spacer battle-history"><br></div><div class="battle-history">The opposing Pandorea flinched and couldn't move!<br></div><div class="spacer battle-history"><br></div><div class="battle-history"><small>The opposing Pandorea restored a little HP using its Leftovers!</small><br></div><div class="battle-history">[The opposing Pandorea's Hunger Switch]<br></div><div class="battle-history"><small>Pandorea changed to Revealed Mode!</small><br></div><div class="spacer battle-history"><br></div><h2 class="battle-history">Turn 12</h2><div class="spacer battle-history"><br></div><div class="battle-history">The opposing Pandorea used <strong>Protect</strong>!<br></div><div class="battle-history"><small>The opposing Pandorea protected itself!</small><br></div><div class="spacer battle-history"><br></div><div class="battle-history">Risotto used <strong>Covet</strong>!<br></div><div class="battle-history"><small>The opposing Pandorea protected itself!</small><br></div><div class="spacer battle-history"><br></div><div class="battle-history"><small>The opposing Pandorea restored a little HP using its Leftovers!</small><br></div><div class="battle-history">[The opposing Pandorea's Hunger Switch]<br></div><div class="battle-history"><small>Pandorea changed to Lure Mode!</small><br></div><div class="spacer battle-history"><br></div><h2 class="battle-history">Turn 13</h2><div class="spacer battle-history"><br></div><div class="battle-history">Risotto used <strong>Covet</strong>!<br></div><div class="battle-history"><small>It's not very effective...</small><br></div><div class="battle-history"><small>(The opposing Pandorea lost 23% of its health!)</small><br></div><div class="battle-history"><small>Risotto stole the opposing Pandorea's Leftovers!</small><br></div><div class="spacer battle-history"><br></div><div class="battle-history">The opposing Pandorea used <strong>Knock Off</strong>!<br></div><div class="battle-history"><small>(Risotto lost <abbr title="−311/311">100%</abbr> of its health!)</small><br></div><div class="battle-history"><small>The opposing Pandorea knocked off Risotto's Leftovers!</small><br></div><div class="spacer battle-history"><br></div><div class="battle-history">Risotto fainted!<br></div><div class="spacer battle-history"><br></div><div class="battle-history">[The opposing Pandorea's Hunger Switch]<br></div><div class="battle-history"><small>Pandorea changed to Revealed Mode!</small><br></div><div class="spacer battle-history"><br></div><div class="battle-history">Go! Gamma (<strong>Gardevoir</strong>)!<br></div><div class="spacer battle-history"><br></div><h2 class="battle-history">Turn 14</h2><div class="spacer battle-history"><br></div><div class="battle-history">H2OPulse withdrew Pandorea!<br></div><div class="battle-history">H2OPulse sent out Zantedeschia (<strong>Resurrectric</strong>)!<br></div><div class="battle-history">[Gamma's Trace]<br>[Gamma's Lightning Rod]<br><small>Gamma traced the opposing Zantedeschia's Lightning Rod!</small><br></div><div class="chat"><ul class="utilichart"><li class="result"><span class="col pokemonnamecol" style="white-space: nowrap">Resurrectric</span> <span class="col typecol"><img src="https://dragonheaven.herokuapp.com/sprites/types/Ground.png" alt="Ground" height="14" width="32"><img src="https://dragonheaven.herokuapp.com/sprites/types/Electric.png" alt="Electric" height="14" width="32"></span> <span style="float: left ; min-height: 26px"><span class="col abilitycol">Inner Focus / Lightning Rod / Battle Armor</span><span class="col abilitycol"></span></span></li><li style="clear: both"></li></ul></div><div class="chat"><ul class="utilichart"><li class="result"><span style="float: left ; min-height: 26px"><span class="col statcol"><em>HP</em><br>80</span> <span class="col statcol"><em>Atk</em><br>60</span> <span class="col statcol"><em>Def</em><br>130</span> <span class="col statcol"><em>SpA</em><br>90</span> <span class="col statcol"><em>SpD</em><br>80</span> <span class="col statcol"><em>Spe</em><br>45</span> </span></li><li style="clear: both"></li></ul></div><div class="battle-history"><small>(Resurrectric was created by Hematite!)</small><br></div><div class="spacer battle-history"><br></div><div class="battle-history">Gamma used <strong>Draining Kiss</strong>!<br></div><div class="battle-history"><small>(The opposing Zantedeschia lost 25% of its health!)</small><br></div><div class="spacer battle-history"><br></div><h2 class="battle-history">Turn 15</h2><div class="spacer battle-history"><br></div><div class="battle-history">Gamma, come back!<br></div><div class="battle-history">Go! Spyke (<strong>Scrafiti</strong>)!<br></div><div class="spacer battle-history"><br></div><div class="battle-history">The opposing Zantedeschia used <strong>Earthquake</strong>!<br></div><div class="battle-history"><small>(Spyke lost <abbr title="−175/333">52.6%</abbr> of its health!)</small><br></div><div class="spacer battle-history"><br></div><div class="battle-history"><small>Spyke restored a little HP using its Leftovers!</small><br></div><div class="spacer battle-history"><br></div><h2 class="battle-history">Turn 16</h2><div class="spacer battle-history"><br></div><div class="battle-history">H2OPulse withdrew Zantedeschia!<br></div><div class="battle-history">H2OPulse sent out Mango (<strong>Noivern-Variant</strong>)!<br></div><div class="chat"><ul class="utilichart"><li class="result"><span class="col pokemonnamecol" style="white-space: nowrap">Noivern-Variant</span> <span class="col typecol"><img src="https://dragonheaven.herokuapp.com/sprites/types/Fighting.png" alt="Fighting" height="14" width="32"><img src="https://dragonheaven.herokuapp.com/sprites/types/Dragon.png" alt="Dragon" height="14" width="32"></span> <span style="float: left ; min-height: 26px"><span class="col abilitycol">Levitate</span><span class="col abilitycol"></span></span></li><li style="clear: both"></li></ul></div><div class="chat"><ul class="utilichart"><li class="result"><span style="float: left ; min-height: 26px"><span class="col statcol"><em>HP</em><br>95</span> <span class="col statcol"><em>Atk</em><br>70</span> <span class="col statcol"><em>Def</em><br>80</span> <span class="col statcol"><em>SpA</em><br>97</span> <span class="col statcol"><em>SpD</em><br>80</span> <span class="col statcol"><em>Spe</em><br>113</span> </span></li><li style="clear: both"></li></ul></div><div class="battle-history"><small>(Noivern-Variant was created by Hematite!)</small><br></div><div class="spacer battle-history"><br></div><div class="battle-history">Spyke used <strong>Copycat</strong>!<br></div><div class="spacer battle-history"><br></div><div class="battle-history">Spyke used <strong>Earthquake</strong>!<br></div><div class="battle-history">[The opposing Mango's Levitate]<br><small>It doesn't affect the opposing Mango...</small><br></div><div class="spacer battle-history"><br></div><div class="battle-history"><small>Spyke restored a little HP using its Leftovers!</small><br></div><div class="spacer battle-history"><br></div><h2 class="battle-history">Turn 17</h2><div class="chat chatmessage-inkbug1 mine"><strong style="color:#e46e0f"><small>☆</small><span class="username" data-name="inkbug1">inkbug1</span>:</strong> <em>ummm hm</em></div><div class="chat chatmessage-h2opulse"><strong style="color:#6e8c2b"><small>☆</small><span class="username" data-name="H2OPulse">H2OPulse</span>:</strong> <em>sorry I mostly just wanted to get rid of your Ground coverage asfg</em></div><div class="chat chatmessage-inkbug1 mine"><strong style="color:#e46e0f"><small>☆</small><span class="username" data-name="inkbug1">inkbug1</span>:</strong> <em>no fair </em></div><div class="chat chatmessage-inkbug1 mine"><strong style="color:#e46e0f"><small>☆</small><span class="username" data-name="inkbug1">inkbug1</span>:</strong> <em>just trying to remember if i know how much this does</em></div><div class="chat chatmessage-h2opulse"><strong style="color:#6e8c2b"><small>☆</small><span class="username" data-name="H2OPulse">H2OPulse</span>:</strong> <em>Mango doesn't really 1v1 Spyke anyway--</em></div><div class="chat chatmessage-h2opulse"><strong style="color:#6e8c2b"><small>☆</small><span class="username" data-name="H2OPulse">H2OPulse</span>:</strong> <em>Rig ht fair</em></div><div class="spacer battle-history"><br></div><div class="battle-history">The opposing Mango used <strong>Super Fang</strong>!<br></div><div class="battle-history"><small>(Spyke lost <abbr title="−99/333">29.7%</abbr> of its health!)</small><br></div><div class="spacer battle-history"><br></div><div class="battle-history">Spyke used <strong>Drain Punch</strong>!<br></div><div class="battle-history"><small>(The opposing Mango lost 39% of its health!)</small><br></div><div class="battle-history"><small>The opposing Mango had its energy drained!</small><br></div><div class="spacer battle-history"><br></div><div class="battle-history"><small>Spyke restored a little HP using its Leftovers!</small><br></div><div class="spacer battle-history"><br></div><h2 class="battle-history">Turn 18</h2><div class="chat chatmessage-h2opulse"><strong style="color:#6e8c2b"><small>☆</small><span class="username" data-name="H2OPulse">H2OPulse</span>:</strong> <em>Oh I did literally nothing that turn okay--</em></div><div class="spacer battle-history"><br></div><div class="battle-history">Spyke used <strong>Copycat</strong>!<br></div><div class="spacer battle-history"><br></div><div class="battle-history">Spyke used <strong>Drain Punch</strong>!<br></div><div class="battle-history"><small>(The opposing Mango lost 36% of its health!)</small><br></div><div class="battle-history"><small>The opposing Mango had its energy drained!</small><br></div><div class="spacer battle-history"><br></div><div class="battle-history">The opposing Mango used <strong>Draco Meteor</strong>!<br></div><div class="battle-history"><small>(Spyke lost <abbr title="−135/333">40.5%</abbr> of its health!)</small><br></div><div class="battle-history"><small>The opposing Mango's Sp. Atk fell harshly!</small><br></div><div class="battle-history"><small>(The opposing Mango used its Eject Pack!)</small><br></div><div class="spacer battle-history"><br></div><div class="battle-history">H2OPulse withdrew Mango!<br></div><div class="battle-history">H2OPulse sent out Foxfire (<strong>Shiinotic-Kalos</strong>)!<br></div><div class="spacer battle-history"><br></div><div class="battle-history"><small>Spyke restored a little HP using its Leftovers!</small><br></div><div class="spacer battle-history"><br></div><h2 class="battle-history">Turn 19</h2><div class="spacer battle-history"><br></div><div class="battle-history">The opposing Foxfire used <strong>Spore</strong>!<br></div><div class="battle-history"><small>Spyke fell asleep!</small><br></div><div class="spacer battle-history"><br></div><div class="battle-history">Spyke is fast asleep.<br></div><div class="spacer battle-history"><br></div><div class="battle-history"><small>Spyke restored a little HP using its Leftovers!</small><br></div><div class="spacer battle-history"><br></div><h2 class="battle-history">Turn 20</h2><div class="chat chatmessage-inkbug1 mine"><strong style="color:#e46e0f"><small>☆</small><span class="username" data-name="inkbug1">inkbug1</span>:</strong> <em>i forgot ur faster than me bc im a genius</em></div><div class="chat chatmessage-h2opulse"><strong style="color:#6e8c2b"><small>☆</small><span class="username" data-name="H2OPulse">H2OPulse</span>:</strong> <em>Fair</em></div><div class="chat chatmessage-inkbug1 mine"><strong style="color:#e46e0f"><small>☆</small><span class="username" data-name="inkbug1">inkbug1</span>:</strong> <em>this pokemon is slow on purpose idiot-</em></div><div class="chat chatmessage-h2opulse"><strong style="color:#6e8c2b"><small>☆</small><span class="username" data-name="H2OPulse">H2OPulse</span>:</strong> <em>Gshdkf</em></div><div class="spacer battle-history"><br></div><div class="battle-history">Spyke, come back!<br></div><div class="battle-history">Go! Prism (<strong>Pollugonal</strong>)!<br></div><div class="chat"><ul class="utilichart"><li class="result"><span class="col pokemonnamecol" style="white-space: nowrap">Pollugonal</span> <span class="col typecol"><img src="https://dragonheaven.herokuapp.com/sprites/types/Ice.png" alt="Ice" height="14" width="32"><img src="https://dragonheaven.herokuapp.com/sprites/types/Poison.png" alt="Poison" height="14" width="32"></span> <span style="float: left ; min-height: 26px"><span class="col abilitycol">Levitate</span><span class="col abilitycol"></span></span></li><li style="clear: both"></li></ul></div><div class="chat"><ul class="utilichart"><li class="result"><span style="float: left ; min-height: 26px"><span class="col statcol"><em>HP</em><br>90</span> <span class="col statcol"><em>Atk</em><br>50</span> <span class="col statcol"><em>Def</em><br>50</span> <span class="col statcol"><em>SpA</em><br>95</span> <span class="col statcol"><em>SpD</em><br>140</span> <span class="col statcol"><em>Spe</em><br>105</span> </span></li><li style="clear: both"></li></ul></div><div class="battle-history"><small>(Pollugonal was created by Magmajudis!)</small><br></div><div class="spacer battle-history"><br></div><div class="battle-history">The opposing Foxfire used <strong>Acid Spray</strong>!<br></div><div class="battle-history"><small>It's not very effective...</small><br></div><div class="battle-history"><small>(Prism lost <abbr title="−30/383">7.8%</abbr> of its health!)</small><br></div><div class="battle-history"><small>Prism's Sp. Def fell harshly!</small><br></div><div class="spacer battle-history"><br></div><h2 class="battle-history">Turn 21</h2><div class="spacer battle-history"><br></div><div class="battle-history">Prism used <strong>Spikes</strong>!<br></div><div class="battle-history"><small>Spikes were scattered on the ground all around the opposing team!</small><br></div><div class="spacer battle-history"><br></div><div class="battle-history">The opposing Foxfire used <strong>Hidden Power</strong>!<br></div><div class="battle-history"><small>It's super effective!</small><br></div><div class="battle-history"><small>(Prism lost <abbr title="−234/383">61.1%</abbr> of its health!)</small><br></div><div class="spacer battle-history"><br></div><h2 class="battle-history">Turn 22</h2><div class="spacer battle-history"><br></div><div class="battle-history">Prism, come back!<br></div><div class="battle-history">Go! Gamma (<strong>Gardevoir</strong>)!<br></div><div class="battle-history">[Gamma's Trace]<br>[Gamma's Technician]<br><small>Gamma traced the opposing Foxfire's Technician!</small><br></div><div class="spacer battle-history"><br></div><div class="battle-history">The opposing Foxfire used <strong>Acid Spray</strong>!<br></div><div class="battle-history"><small>It's super effective!</small><br></div><div class="battle-history"><small>(Gamma lost <abbr title="−144/278">51.8%</abbr> of its health!)</small><br></div><div class="battle-history"><small>Gamma's Sp. Def fell harshly!</small><br></div><div class="spacer battle-history"><br></div><h2 class="battle-history">Turn 23</h2><div class="spacer battle-history"><br></div><div class="battle-history">H2OPulse withdrew Foxfire!<br></div><div class="battle-history">H2OPulse sent out Snakey (<strong>Orbeetle-Variant</strong>)!<br></div><div class="chat"><ul class="utilichart"><li class="result"><span class="col pokemonnamecol" style="white-space: nowrap">Orbeetle-Variant</span> <span class="col typecol"><img src="https://dragonheaven.herokuapp.com/sprites/types/Bug.png" alt="Bug" height="14" width="32"><img src="https://dragonheaven.herokuapp.com/sprites/types/Electric.png" alt="Electric" height="14" width="32"></span> <span style="float: left ; min-height: 26px"><span class="col abilitycol">Swarm / Frisk / Cotton Down</span><span class="col abilitycol"></span></span></li><li style="clear: both"></li></ul></div><div class="chat"><ul class="utilichart"><li class="result"><span style="float: left ; min-height: 26px"><span class="col statcol"><em>HP</em><br>60</span> <span class="col statcol"><em>Atk</em><br>45</span> <span class="col statcol"><em>Def</em><br>110</span> <span class="col statcol"><em>SpA</em><br>120</span> <span class="col statcol"><em>SpD</em><br>80</span> <span class="col statcol"><em>Spe</em><br>90</span> </span></li><li style="clear: both"></li></ul></div><div class="battle-history"><small>(Orbeetle-Variant was created by Magmajudis!)</small><br></div><div class="spacer battle-history"><br></div><div class="battle-history">Gamma used <strong>Draining Kiss</strong>!<br></div><div class="battle-history"><small>(The opposing Snakey lost 37% of its health!)</small><br></div><div class="battle-history"><small>The opposing Snakey had its energy drained!</small><br></div><div class="battle-history">[The opposing Snakey's Cotton Down]<br></div><div class="battle-history"><small>Gamma's Speed fell!</small><br></div><div class="spacer battle-history"><br></div><h2 class="battle-history">Turn 24</h2><div class="spacer battle-history"><br></div><div class="battle-history">Gamma, come back!<br></div><div class="battle-history">Go! Prism (<strong>Pollugonal</strong>)!<br></div><div class="spacer battle-history"><br></div><div class="battle-history">The opposing Snakey used <strong>Bug Buzz</strong>!<br></div><div class="battle-history"><small>It's not very effective...</small><br></div><div class="battle-history"><small>(Prism lost <abbr title="−54/383">14.1%</abbr> of its health!)</small><br></div><div class="spacer battle-history"><br></div><h2 class="battle-history">Turn 25</h2><div class="spacer battle-history"><br></div><div class="battle-history">Prism used <strong>Recover</strong>!<br></div><div class="battle-history"><small>Prism had its HP restored.</small><br></div><div class="spacer battle-history"><br></div><div class="battle-history">The opposing Snakey used <strong>Bug Buzz</strong>!<br></div><div class="battle-history"><small>It's not very effective...</small><br></div><div class="battle-history"><small>(Prism lost <abbr title="−53/383">13.8%</abbr> of its health!)</small><br></div><div class="spacer battle-history"><br></div><h2 class="battle-history">Turn 26</h2><div class="spacer battle-history"><br></div><div class="battle-history">Prism used <strong>Spikes</strong>!<br></div><div class="battle-history"><small>Spikes were scattered on the ground all around the opposing team!</small><br></div><div class="spacer battle-history"><br></div><div class="battle-history">The opposing Snakey used <strong>Recover</strong>!<br></div><div class="battle-history"><small>The opposing Snakey had its HP restored.</small><br></div><div class="spacer battle-history"><br></div><h2 class="battle-history">Turn 27</h2><div class="spacer battle-history"><br></div><div class="battle-history">Prism used <strong>Recover</strong>!<br></div><div class="battle-history"><small>Prism had its HP restored.</small><br></div><div class="spacer battle-history"><br></div><div class="battle-history">The opposing Snakey used <strong>Bug Buzz</strong>!<br></div><div class="battle-history"><small>It's not very effective...</small><br></div><div class="battle-history"><small>(Prism lost <abbr title="−47/383">12.3%</abbr> of its health!)</small><br></div><div class="spacer battle-history"><br></div><h2 class="battle-history">Turn 28</h2><div class="spacer battle-history"><br></div><div class="battle-history">Prism used <strong>Spikes</strong>!<br></div><div class="battle-history"><small>Spikes were scattered on the ground all around the opposing team!</small><br></div><div class="spacer battle-history"><br></div><div class="battle-history">The opposing Snakey used <strong>Sticky Web</strong>!<br></div><div class="battle-history"><small>A sticky web has been laid out on the ground around your team!</small><br></div><div class="spacer battle-history"><br></div><h2 class="battle-history">Turn 29</h2><div class="spacer battle-history"><br></div><div class="battle-history">Prism used <strong>Freeze-Dry</strong>!<br></div><div class="battle-history"><small>(The opposing Snakey lost 24% of its health!)</small><br></div><div class="battle-history">[The opposing Snakey's Cotton Down]<br></div><div class="battle-history"><small>Prism's Speed fell!</small><br></div><div class="spacer battle-history"><br></div><div class="battle-history">The opposing Snakey used <strong>Bug Buzz</strong>!<br></div><div class="battle-history"><small>It's not very effective...</small><br></div><div class="battle-history"><small>(Prism lost <abbr title="−51/383">13.3%</abbr> of its health!)</small><br></div><div class="spacer battle-history"><br></div><h2 class="battle-history">Turn 30</h2><div class="chat chatmessage-h2opulse"><strong style="color:#6e8c2b"><small>☆</small><span class="username" data-name="H2OPulse">H2OPulse</span>:</strong> <em>Wait I'm stupid</em></div><div class="chat chatmessage-h2opulse"><strong style="color:#6e8c2b"><small>☆</small><span class="username" data-name="H2OPulse">H2OPulse</span>:</strong> <em>I guess that kinda helped? I don't even know--</em></div><div class="chat chatmessage-h2opulse"><strong style="color:#6e8c2b"><small>☆</small><span class="username" data-name="H2OPulse">H2OPulse</span>:</strong> <em>see I was</em></div><div class="chat chatmessage-h2opulse"><strong style="color:#6e8c2b"><small>☆</small><span class="username" data-name="H2OPulse">H2OPulse</span>:</strong> <em>trying to get you to use Rapid Spin so I could proc Cotton Down</em></div><div class="chat chatmessage-h2opulse"><strong style="color:#6e8c2b"><small>☆</small><span class="username" data-name="H2OPulse">H2OPulse</span>:</strong> <em>but Rapid Spin</em></div><div class="chat chatmessage-h2opulse"><strong style="color:#6e8c2b"><small>☆</small><span class="username" data-name="H2OPulse">H2OPulse</span>:</strong> <em>raises Speed anyway</em></div><div class="chat chatmessage-inkbug1 mine"><strong style="color:#e46e0f"><small>☆</small><span class="username" data-name="inkbug1">inkbug1</span>:</strong> <em>right but rapid spin evens out yeah</em></div><div class="chat chatmessage-h2opulse"><strong style="color:#6e8c2b"><small>☆</small><span class="username" data-name="H2OPulse">H2OPulse</span>:</strong> <em>and also I wasn't going to accomplish a whole lot by being faster because Mango is super in danger right now</em></div><div class="spacer battle-history"><br></div><div class="battle-history">The opposing Snakey used <strong>Bug Buzz</strong>!<br></div><div class="battle-history"><small>It's not very effective...</small><br></div><div class="battle-history"><small>(Prism lost <abbr title="−49/383">12.8%</abbr> of its health!)</small><br></div><div class="battle-history"><small>Prism's Sp. Def fell!</small><br></div><div class="spacer battle-history"><br></div><div class="battle-history">Prism used <strong>Rapid Spin</strong>!<br></div><div class="battle-history"><small>(The opposing Snakey lost 4% of its health!)</small><br></div><div class="battle-history"><small>Prism's Speed rose!</small><br></div><div class="battle-history">[The opposing Snakey's Cotton Down]<br></div><div class="battle-history"><small>Prism's Speed fell!</small><br></div><div class="battle-history"><small>The sticky web has disappeared from the ground around your team!</small><br></div><div class="spacer battle-history"><br></div><h2 class="battle-history">Turn 31</h2><div class="spacer battle-history"><br></div><div class="battle-history">Prism, come back!<br></div><div class="battle-history">Go! Cedric (<strong>Lediluck</strong>)!<br></div><div class="chat"><ul class="utilichart"><li class="result"><span class="col pokemonnamecol" style="white-space: nowrap">Lediluck</span> <span class="col typecol"><img src="https://dragonheaven.herokuapp.com/sprites/types/Bug.png" alt="Bug" height="14" width="32"><img src="https://dragonheaven.herokuapp.com/sprites/types/Flying.png" alt="Flying" height="14" width="32"></span> <span style="float: left ; min-height: 26px"><span class="col abilitycol">Swarm / Super Luck / Iron Fist</span><span class="col abilitycol"></span></span></li><li style="clear: both"></li></ul></div><div class="chat"><ul class="utilichart"><li class="result"><span style="float: left ; min-height: 26px"><span class="col statcol"><em>HP</em><br>65</span> <span class="col statcol"><em>Atk</em><br>85</span> <span class="col statcol"><em>Def</em><br>60</span> <span class="col statcol"><em>SpA</em><br>65</span> <span class="col statcol"><em>SpD</em><br>120</span> <span class="col statcol"><em>Spe</em><br>105</span> </span></li><li style="clear: both"></li></ul></div><div class="battle-history"><small>(Lediluck was created by inkbug!)</small><br></div><div class="spacer battle-history"><br></div><div class="battle-history">The opposing Snakey used <strong>Bug Buzz</strong>!<br></div><div class="battle-history"><small>It's not very effective...</small><br></div><div class="battle-history"><small>(Cedric lost <abbr title="−57/334">17.1%</abbr> of its health!)</small><br></div><div class="spacer battle-history"><br></div><h2 class="battle-history">Turn 32</h2><div class="spacer battle-history"><br></div><div class="battle-history">Cedric used <strong>Swords Dance</strong>!<br></div><div class="battle-history"><small>Cedric's Attack rose sharply!</small><br></div><div class="spacer battle-history"><br></div><div class="battle-history">The opposing Snakey used <strong>U-turn</strong>!<br></div><div class="battle-history"><small>It's not very effective...</small><br></div><div class="battle-history"><small>(Cedric lost <abbr title="−29/334">8.7%</abbr> of its health!)</small><br></div><div class="spacer battle-history"><br></div><div class="battle-history">The opposing Snakey went back to H2OPulse!<br></div><div class="battle-history">H2OPulse sent out Mango (<strong>Noivern-Variant</strong>)!<br></div><div class="spacer battle-history"><br></div><h2 class="battle-history">Turn 33</h2><div class="spacer battle-history"><br></div><div class="battle-history">The opposing Mango used <strong>Roost</strong>!<br></div><div class="battle-history"><small>The opposing Mango had its HP restored.</small><br></div><div class="spacer battle-history"><br></div><div class="battle-history">Cedric used <strong>Drain Punch</strong>!<br></div><div class="battle-history"><small>A critical hit!</small><br></div><div class="battle-history"><small>(The opposing Mango lost 48% of its health!)</small><br></div><div class="battle-history"><small>The opposing Mango had its energy drained!</small><br></div><div class="spacer battle-history"><br></div><h2 class="battle-history">Turn 34</h2><div class="spacer battle-history"><br></div><div class="battle-history">The opposing Mango used <strong>Defog</strong>!<br></div><div class="battle-history"><small>Cedric's evasiveness fell!</small><br></div><div class="battle-history"><small>The spikes disappeared from the ground around the opposing team!</small><br></div><div class="spacer battle-history"><br></div><div class="battle-history">Cedric used <strong>Swords Dance</strong>!<br></div><div class="battle-history"><small>Cedric's Attack rose sharply!</small><br></div><div class="spacer battle-history"><br></div><h2 class="battle-history">Turn 35</h2><div class="spacer battle-history"><br></div><div class="battle-history">H2OPulse withdrew Mango!<br></div><div class="battle-history">H2OPulse sent out Snakey (<strong>Orbeetle-Variant</strong>)!<br></div><div class="spacer battle-history"><br></div><div class="battle-history">Cedric used <strong>Drain Punch</strong>!<br></div><div class="battle-history"><small>It's not very effective...</small><br></div><div class="battle-history"><small>A critical hit!</small><br></div><div class="battle-history"><small>(The opposing Snakey lost 32% of its health!)</small><br></div><div class="battle-history">[The opposing Snakey's Cotton Down]<br></div><div class="battle-history"><small>Cedric's Speed fell!</small><br></div><div class="spacer battle-history"><br></div><h2 class="battle-history">Turn 36</h2><div class="spacer battle-history"><br></div><div class="battle-history">Cedric used <strong>Light Screen</strong>!<br></div><div class="battle-history"><small>Light Screen made your team stronger against special moves!</small><br></div><div class="spacer battle-history"><br></div><div class="battle-history">The opposing Snakey used <strong>Recover</strong>!<br></div><div class="battle-history"><small>The opposing Snakey had its HP restored.</small><br></div><div class="spacer battle-history"><br></div><h2 class="battle-history">Turn 37</h2><div class="spacer battle-history"><br></div><div class="battle-history">Cedric used <strong>Thunder Punch</strong>!<br></div><div class="battle-history"><small>It's not very effective...</small><br></div><div class="battle-history"><small>A critical hit!</small><br></div><div class="battle-history"><small>(The opposing Snakey lost 30% of its health!)</small><br></div><div class="battle-history">[The opposing Snakey's Cotton Down]<br></div><div class="battle-history"><small>Cedric's Speed fell!</small><br></div><div class="spacer battle-history"><br></div><div class="battle-history">The opposing Snakey used <strong>Bug Buzz</strong>!<br></div><div class="battle-history"><small>It's not very effective...</small><br></div><div class="battle-history"><small>(Cedric lost <abbr title="−31/334">9.3%</abbr> of its health!)</small><br></div><div class="spacer battle-history"><br></div><h2 class="battle-history">Turn 38</h2><div class="spacer battle-history"><br></div><div class="battle-history">The opposing Snakey used <strong>Bug Buzz</strong>!<br></div><div class="battle-history"><small>It's not very effective...</small><br></div><div class="battle-history"><small>(Cedric lost <abbr title="−27/334">8.1%</abbr> of its health!)</small><br></div><div class="spacer battle-history"><br></div><div class="battle-history">Cedric used <strong>Swords Dance</strong>!<br></div><div class="battle-history"><small>Cedric's Attack rose sharply!</small><br></div><div class="spacer battle-history"><br></div><h2 class="battle-history">Turn 39</h2><div class="spacer battle-history"><br></div><div class="battle-history">The opposing Snakey used <strong>Sticky Web</strong>!<br></div><div class="battle-history"><small>A sticky web has been laid out on the ground around your team!</small><br></div><div class="spacer battle-history"><br></div><div class="battle-history">Cedric used <strong>Drain Punch</strong>!<br></div><div class="battle-history"><small>It's not very effective...</small><br></div><div class="battle-history"><small>A critical hit!</small><br></div><div class="battle-history"><small>(The opposing Snakey lost 47% of its health!)</small><br></div><div class="battle-history"><small>The opposing Snakey had its energy drained!</small><br></div><div class="battle-history">[The opposing Snakey's Cotton Down]<br></div><div class="battle-history"><small>Cedric's Speed fell!</small><br></div><div class="spacer battle-history"><br></div><h2 class="battle-history">Turn 40</h2><div class="spacer battle-history"><br></div><div class="battle-history">The opposing Snakey used <strong>Recover</strong>!<br></div><div class="battle-history"><small>The opposing Snakey had its HP restored.</small><br></div><div class="spacer battle-history"><br></div><div class="battle-history">Cedric used <strong>Drain Punch</strong>!<br></div><div class="battle-history"><small>It's not very effective...</small><br></div><div class="battle-history"><small>A critical hit!</small><br></div><div class="battle-history"><small>(The opposing Snakey lost 47% of its health!)</small><br></div><div class="battle-history">[The opposing Snakey's Cotton Down]<br></div><div class="battle-history"><small>Cedric's Speed fell!</small><br></div><div class="spacer battle-history"><br></div><div class="battle-history"><small>Your team's Light Screen wore off!</small><br></div><div class="spacer battle-history"><br></div><h2 class="battle-history">Turn 41</h2><div class="spacer battle-history"><br></div><div class="battle-history">The opposing Snakey used <strong>Recover</strong>!<br></div><div class="battle-history"><small>The opposing Snakey had its HP restored.</small><br></div><div class="spacer battle-history"><br></div><div class="battle-history">Cedric used <strong>Thunder Punch</strong>!<br></div><div class="battle-history"><small>It's not very effective...</small><br></div><div class="battle-history"><small>A critical hit!</small><br></div><div class="battle-history"><small>(The opposing Snakey lost 44% of its health!)</small><br></div><div class="battle-history">[The opposing Snakey's Cotton Down]<br></div><div class="battle-history"><small>Cedric's Speed fell!</small><br></div><div class="spacer battle-history"><br></div><h2 class="battle-history">Turn 42</h2><div class="spacer battle-history"><br></div><div class="battle-history">The opposing Snakey used <strong>U-turn</strong>!<br></div><div class="battle-history"><small>It's not very effective...</small><br></div><div class="battle-history"><small>(Cedric lost <abbr title="−30/334">9.0%</abbr> of its health!)</small><br></div><div class="chat chatmessage-h2opulse"><strong style="color:#6e8c2b"><small>☆</small><span class="username" data-name="H2OPulse">H2OPulse</span>:</strong> <em>Hmmm</em></div><div class="spacer battle-history"><br></div><div class="battle-history">The opposing Snakey went back to H2OPulse!<br></div><div class="battle-history">H2OPulse sent out Zantedeschia (<strong>Resurrectric</strong>)!<br></div><div class="spacer battle-history"><br></div><div class="battle-history">Cedric used <strong>Light Screen</strong>!<br></div><div class="battle-history"><small>Light Screen made your team stronger against special moves!</small><br></div><div class="spacer battle-history"><br></div><h2 class="battle-history">Turn 43</h2><div class="spacer battle-history"><br></div><div class="battle-history">The opposing Zantedeschia used <strong>Toxic</strong>!<br></div><div class="battle-history"><small>Cedric was badly poisoned!</small><br></div><div class="spacer battle-history"><br></div><div class="battle-history">Cedric used <strong>Drain Punch</strong>!<br></div><div class="battle-history"><small>A critical hit!</small><br></div><div class="battle-history"><small>(The opposing Zantedeschia lost 65% of its health!)</small><br></div><div class="battle-history"><small>The opposing Zantedeschia had its energy drained!</small><br></div><div class="spacer battle-history"><br></div><div class="battle-history"><small>Cedric was hurt by poison!</small><br></div><div class="spacer battle-history"><br></div><h2 class="battle-history">Turn 44</h2><div class="chat chatmessage-inkbug1 mine"><strong style="color:#e46e0f"><small>☆</small><span class="username" data-name="inkbug1">inkbug1</span>:</strong> <em>mhgsbdnfbsgdjg</em></div><div class="chat chatmessage-inkbug1 mine"><strong style="color:#e46e0f"><small>☆</small><span class="username" data-name="inkbug1">inkbug1</span>:</strong> <em>that hurt so much???</em></div><div class="chat chatmessage-h2opulse"><strong style="color:#6e8c2b"><small>☆</small><span class="username" data-name="H2OPulse">H2OPulse</span>:</strong> <em>I MEAN</em></div><div class="chat chatmessage-h2opulse"><strong style="color:#6e8c2b"><small>☆</small><span class="username" data-name="H2OPulse">H2OPulse</span>:</strong> <em>you are at +6 and autocritting--</em></div><div class="chat chatmessage-h2opulse"><strong style="color:#6e8c2b"><small>☆</small><span class="username" data-name="H2OPulse">H2OPulse</span>:</strong> <em>I didn't know if I was gonna live one ashfjg</em></div><div class="chat chatmessage-inkbug1 mine"><strong style="color:#e46e0f"><small>☆</small><span class="username" data-name="inkbug1">inkbug1</span>:</strong> <em>with a horrifying 206 raw attack stat</em></div><div class="chat chatmessage-h2opulse"><strong style="color:#6e8c2b"><small>☆</small><span class="username" data-name="H2OPulse">H2OPulse</span>:</strong> <em>P f</em></div><div class="chat chatmessage-inkbug1 mine"><strong style="color:#e46e0f"><small>☆</small><span class="username" data-name="inkbug1">inkbug1</span>:</strong> <em>hes 826 right now im pretty sure it only takes escavalier oen swords dance to get here-</em></div><div class="chat chatmessage-h2opulse"><strong style="color:#6e8c2b"><small>☆</small><span class="username" data-name="H2OPulse">H2OPulse</span>:</strong> <em>h a a fair</em></div><div class="spacer battle-history"><br></div><div class="battle-history">The opposing Zantedeschia used <strong>Volt Switch</strong>!<br></div><div class="battle-history"><small>It's super effective!</small><br></div><div class="battle-history"><small>(Cedric lost <abbr title="−69/334">20.7%</abbr> of its health!)</small><br></div><div class="chat chatmessage-h2opulse"><strong style="color:#6e8c2b"><small>☆</small><span class="username" data-name="H2OPulse">H2OPulse</span>:</strong> <em>by total coincidence I am at 412 Attack which is the same you would have at +1</em></div><div class="chat chatmessage-h2opulse"><strong style="color:#6e8c2b"><small>☆</small><span class="username" data-name="H2OPulse">H2OPulse</span>:</strong> <em>*+2</em></div><div class="chat chatmessage-inkbug1 mine"><strong style="color:#e46e0f"><small>☆</small><span class="username" data-name="inkbug1">inkbug1</span>:</strong> <em>asdasd</em></div><div class="spacer battle-history"><br></div><div class="battle-history">The opposing Zantedeschia went back to H2OPulse!<br></div><div class="battle-history">H2OPulse sent out Pandorea (<strong>Klefki-Galar</strong>)!<br></div><div class="spacer battle-history"><br></div><div class="battle-history">Cedric used <strong>Drain Punch</strong>!<br></div><div class="battle-history"><small>It's super effective!</small><br></div><div class="battle-history"><small>A critical hit!</small><br></div><div class="battle-history"><small>(The opposing Pandorea lost 9% of its health!)</small><br></div><div class="battle-history"><small>The opposing Pandorea had its energy drained!</small><br></div><div class="spacer battle-history"><br></div><div class="battle-history">The opposing Pandorea fainted!<br></div><div class="spacer battle-history"><br></div><div class="battle-history"><small>Cedric was hurt by poison!</small><br></div><div class="spacer battle-history"><br></div><div class="battle-history">H2OPulse sent out Snakey (<strong>Orbeetle-Variant</strong>)!<br></div><div class="spacer battle-history"><br></div><h2 class="battle-history">Turn 45</h2><div class="spacer battle-history"><br></div><div class="battle-history">Cedric, come back!<br></div><div class="battle-history">Go! Spyke (<strong>Scrafiti</strong>)!<br></div><div class="battle-history"><small>Spyke was caught in a sticky web!</small><br></div><div class="battle-history"><small>Spyke's Speed fell!</small><br></div><div class="spacer battle-history"><br></div><div class="battle-history">The opposing Snakey used <strong>Recover</strong>!<br></div><div class="battle-history"><small>The opposing Snakey had its HP restored.</small><br></div><div class="spacer battle-history"><br></div><div class="battle-history"><small>Spyke restored a little HP using its Leftovers!</small><br></div><div class="spacer battle-history"><br></div><h2 class="battle-history">Turn 46</h2><div class="spacer battle-history"><br></div><div class="battle-history">The opposing Snakey used <strong>Bug Buzz</strong>!<br></div><div class="battle-history"><small>(Spyke lost <abbr title="−65/333">19.5%</abbr> of its health!)</small><br></div><div class="spacer battle-history"><br></div><div class="battle-history">Spyke is fast asleep.<br></div><div class="spacer battle-history"><br></div><div class="battle-history"><small>Spyke restored a little HP using its Leftovers!</small><br></div><div class="battle-history"><small>Your team's Light Screen wore off!</small><br></div><div class="spacer battle-history"><br></div><h2 class="battle-history">Turn 47</h2><div class="spacer battle-history"><br></div><div class="battle-history">The opposing Snakey used <strong>Bug Buzz</strong>!<br></div><div class="battle-history"><small>(Spyke lost <abbr title="−129/333">38.7%</abbr> of its health!)</small><br></div><div class="battle-history"><small>Spyke woke up!</small><br></div><div class="spacer battle-history"><br></div><div class="battle-history">Spyke used <strong>Fire Punch</strong>!<br></div><div class="battle-history"><small>It's super effective!</small><br></div><div class="battle-history"><small>(The opposing Snakey lost 46% of its health!)</small><br></div><div class="battle-history">[The opposing Snakey's Cotton Down]<br></div><div class="battle-history"><small>Spyke's Speed fell!</small><br></div><div class="spacer battle-history"><br></div><div class="battle-history"><small>Spyke restored a little HP using its Leftovers!</small><br></div><div class="spacer battle-history"><br></div><h2 class="battle-history">Turn 48</h2><div class="spacer battle-history"><br></div><div class="battle-history">H2OPulse withdrew Snakey!<br></div><div class="battle-history">H2OPulse sent out Cattail (<strong>Vaporeon</strong>)!<br></div><div class="spacer battle-history"><br></div><div class="battle-history">Spyke used <strong>Copycat</strong>!<br></div><div class="spacer battle-history"><br></div><div class="battle-history">Spyke used <strong>Fire Punch</strong>!<br></div><div class="battle-history"><small>It's not very effective...</small><br></div><div class="battle-history"><small>(The opposing Cattail lost 12% of its health!)</small><br></div><div class="spacer battle-history"><br></div><div class="battle-history"><small>The opposing Cattail restored a little HP using its Leftovers!</small><br></div><div class="battle-history"><small>Spyke restored a little HP using its Leftovers!</small><br></div><div class="spacer battle-history"><br></div><h2 class="battle-history">Turn 49</h2><div class="spacer battle-history"><br></div><div class="battle-history">The opposing Cattail used <strong>Wish</strong>!<br></div><div class="spacer battle-history"><br></div><div class="battle-history">Spyke used <strong>Drain Punch</strong>!<br></div><div class="battle-history"><small>(The opposing Cattail lost 39% of its health!)</small><br></div><div class="battle-history"><small>The opposing Cattail had its energy drained!</small><br></div><div class="spacer battle-history"><br></div><div class="battle-history"><small>The opposing Cattail restored a little HP using its Leftovers!</small><br></div><div class="battle-history"><small>Spyke restored a little HP using its Leftovers!</small><br></div><div class="spacer battle-history"><br></div><h2 class="battle-history">Turn 50</h2><div class="spacer battle-history"><br></div><div class="battle-history">The opposing Cattail used <strong>Flip Turn</strong>!<br></div><div class="battle-history"><small>(Spyke lost <abbr title="−42/333">12.6%</abbr> of its health!)</small><br></div><div class="spacer battle-history"><br></div><div class="battle-history">H2OPulse withdrew Cattail!<br></div><div class="battle-history">H2OPulse sent out Foxfire (<strong>Shiinotic-Kalos</strong>)!<br></div><div class="spacer battle-history"><br></div><div class="battle-history">Spyke used <strong>Drain Punch</strong>!<br></div><div class="battle-history"><small>It's not very effective...</small><br></div><div class="battle-history"><small>(The opposing Foxfire lost 18% of its health!)</small><br></div><div class="battle-history"><small>The opposing Foxfire had its energy drained!</small><br></div><div class="spacer battle-history"><br></div><div class="battle-history"><small>Cattail's wish came true!</small><br></div><div class="battle-history"><small>Spyke restored a little HP using its Leftovers!</small><br></div><div class="spacer battle-history"><br></div><h2 class="battle-history">Turn 51</h2><div class="spacer battle-history"><br></div><div class="battle-history">Spyke, come back!<br></div><div class="battle-history">Go! Cedric (<strong>Lediluck</strong>)!<br></div><div class="spacer battle-history"><br></div><div class="battle-history">The opposing Foxfire used <strong>Acid Spray</strong>!<br></div><div class="battle-history"><small>(Cedric lost <abbr title="−66/334">19.8%</abbr> of its health!)</small><br></div><div class="battle-history"><small>Cedric's Sp. Def fell harshly!</small><br></div><div class="spacer battle-history"><br></div><div class="battle-history"><small>Cedric was hurt by poison!</small><br></div><div class="spacer battle-history"><br></div><h2 class="battle-history">Turn 52</h2><div class="spacer battle-history"><br></div><div class="battle-history">Cedric used <strong>Light Screen</strong>!<br></div><div class="battle-history"><small>Light Screen made your team stronger against special moves!</small><br></div><div class="spacer battle-history"><br></div><div class="battle-history">The opposing Foxfire used <strong>Acid Spray</strong>!<br></div><div class="battle-history"><small>(Cedric lost <abbr title="−66/334">19.8%</abbr> of its health!)</small><br></div><div class="battle-history"><small>Cedric's Sp. Def fell harshly!</small><br></div><div class="spacer battle-history"><br></div><div class="battle-history"><small>Cedric was hurt by poison!</small><br></div><div class="spacer battle-history"><br></div><h2 class="battle-history">Turn 53</h2><div class="spacer battle-history"><br></div><div class="battle-history">Cedric, come back!<br></div><div class="battle-history">Go! Gamma (<strong>Gardevoir</strong>)!<br></div><div class="battle-history"><small>Gamma was caught in a sticky web!</small><br></div><div class="battle-history"><small>Gamma's Speed fell!</small><br></div><div class="battle-history">[Gamma's Trace]<br>[Gamma's Technician]<br><small>Gamma traced the opposing Foxfire's Technician!</small><br></div><div class="spacer battle-history"><br></div><div class="battle-history">The opposing Foxfire used <strong>Spore</strong>!<br></div><div class="battle-history"><small>Gamma fell asleep!</small><br></div><div class="spacer battle-history"><br></div><h2 class="battle-history">Turn 54</h2><div class="spacer battle-history"><br></div><div class="battle-history">H2OPulse withdrew Foxfire!<br></div><div class="battle-history">H2OPulse sent out Cattail (<strong>Vaporeon</strong>)!<br></div><div class="spacer battle-history"><br></div><div class="battle-history">Gamma is fast asleep.<br></div><div class="spacer battle-history"><br></div><div class="battle-history"><small>The opposing Cattail restored a little HP using its Leftovers!</small><br></div><div class="spacer battle-history"><br></div><h2 class="battle-history">Turn 55</h2><div class="spacer battle-history"><br></div><div class="battle-history"><small>Gamma woke up!</small><br></div><div class="spacer battle-history"><br></div><div class="battle-history">Gamma used <strong>Draining Kiss</strong>!<br></div><div class="battle-history"><small>(The opposing Cattail lost 19% of its health!)</small><br></div><div class="battle-history"><small>The opposing Cattail had its energy drained!</small><br></div><div class="spacer battle-history"><br></div><div class="battle-history">The opposing Cattail used <strong>Wish</strong>!<br></div><div class="spacer battle-history"><br></div><div class="battle-history"><small>The opposing Cattail restored a little HP using its Leftovers!</small><br></div><div class="spacer battle-history"><br></div><h2 class="battle-history">Turn 56</h2><div class="spacer battle-history"><br></div><div class="battle-history">H2OPulse withdrew Cattail!<br></div><div class="battle-history">H2OPulse sent out Zantedeschia (<strong>Resurrectric</strong>)!<br></div><div class="spacer battle-history"><br></div><div class="battle-history">Gamma used <strong>Psyshock</strong>!<br></div><div class="battle-history"><small>(The opposing Zantedeschia lost 10% of its health!)</small><br></div><div class="spacer battle-history"><br></div><div class="battle-history">The opposing Zantedeschia fainted!<br></div><div class="spacer battle-history"><br></div><div class="battle-history"><small>Your team's Light Screen wore off!</small><br></div><div class="chat chatmessage-h2opulse"><strong style="color:#6e8c2b"><small>☆</small><span class="username" data-name="H2OPulse">H2OPulse</span>:</strong> <em>Nnnnope</em></div><div class="chat chatmessage-h2opulse"><strong style="color:#6e8c2b"><small>☆</small><span class="username" data-name="H2OPulse">H2OPulse</span>:</strong> <em>I wanted to prevent a Healing Wish,,</em></div><div class="chat chatmessage-h2opulse"><strong style="color:#6e8c2b"><small>☆</small><span class="username" data-name="H2OPulse">H2OPulse</span>:</strong> <em>Oh I am stupid</em></div><div class="spacer battle-history"><br></div><div class="battle-history">H2OPulse sent out Foxfire (<strong>Shiinotic-Kalos</strong>)!<br></div><div class="spacer battle-history"><br></div><h2 class="battle-history">Turn 57</h2><div class="spacer battle-history"><br></div><div class="battle-history">The opposing Foxfire used <strong>Spore</strong>!<br></div><div class="battle-history"><small>Gamma fell asleep!</small><br></div><div class="spacer battle-history"><br></div><div class="battle-history">Gamma is fast asleep.<br></div><div class="spacer battle-history"><br></div><h2 class="battle-history">Turn 58</h2><div class="spacer battle-history"><br></div><div class="battle-history">The opposing Foxfire used <strong>Acid Spray</strong>!<br></div><div class="battle-history"><small>It's super effective!</small><br></div><div class="battle-history"><small>(Gamma lost <abbr title="−144/278">51.8%</abbr> of its health!)</small><br></div><div class="battle-history"><small>Gamma's Sp. Def fell harshly!</small><br></div><div class="spacer battle-history"><br></div><div class="battle-history">Gamma is fast asleep.<br></div><div class="spacer battle-history"><br></div><h2 class="battle-history">Turn 59</h2><div class="spacer battle-history"><br></div><div class="battle-history">Gamma, come back!<br></div><div class="battle-history">Go! Prism (<strong>Pollugonal</strong>)!<br></div><div class="spacer battle-history"><br></div><div class="battle-history">The opposing Foxfire used <strong>Draining Kiss</strong>!<br></div><div class="battle-history"><small>It's not very effective...</small><br></div><div class="battle-history"><small>(Prism lost <abbr title="−40/383">10.4%</abbr> of its health!)</small><br></div><div class="spacer battle-history"><br></div><h2 class="battle-history">Turn 60</h2><div class="spacer battle-history"><br></div><div class="battle-history">Prism used <strong>Rapid Spin</strong>!<br></div><div class="battle-history"><small>(The opposing Foxfire lost 9% of its health!)</small><br></div><div class="battle-history"><small>Prism's Speed rose!</small><br></div><div class="battle-history"><small>The sticky web has disappeared from the ground around your team!</small><br></div><div class="spacer battle-history"><br></div><div class="battle-history">The opposing Foxfire used <strong>Acid Spray</strong>!<br></div><div class="battle-history"><small>It's not very effective...</small><br></div><div class="battle-history"><small>(Prism lost <abbr title="−34/383">8.9%</abbr> of its health!)</small><br></div><div class="battle-history"><small>Prism's Sp. Def fell harshly!</small><br></div><div class="spacer battle-history"><br></div><div class="battle-history"><small>The opposing Foxfire restored a little HP using its Black Sludge!</small><br></div><div class="spacer battle-history"><br></div><h2 class="battle-history">Turn 61</h2><div class="chat chatmessage-inkbug1 mine"><strong style="color:#e46e0f"><small>☆</small><span class="username" data-name="inkbug1">inkbug1</span>:</strong> <em>this is definitely some kind of a situation that i am in</em></div><div class="spacer battle-history"><br></div><div class="battle-history">Prism, come back!<br></div><div class="battle-history">Go! Spyke (<strong>Scrafiti</strong>)!<br></div><div class="spacer battle-history"><br></div><div class="battle-history">The opposing Foxfire used <strong>Acid Spray</strong>!<br></div><div class="battle-history"><small>(Spyke lost <abbr title="−81/333">24.3%</abbr> of its health!)</small><br></div><div class="battle-history"><small>Spyke's Sp. Def fell harshly!</small><br></div><div class="spacer battle-history"><br></div><div class="battle-history"><small>The opposing Foxfire restored a little HP using its Black Sludge!</small><br></div><div class="battle-history"><small>Spyke restored a little HP using its Leftovers!</small><br></div><div class="spacer battle-history"><br></div><h2 class="battle-history">Turn 62</h2><div class="spacer battle-history"><br></div><div class="battle-history">Spyke used <strong>Copycat</strong>!<br></div><div class="spacer battle-history"><br></div><div class="battle-history">Spyke used <strong>Acid Spray</strong>!<br></div><div class="battle-history"><small>(The opposing Foxfire lost 7% of its health!)</small><br></div><div class="battle-history"><small>The opposing Foxfire's Sp. Def fell harshly!</small><br></div><div class="spacer battle-history"><br></div><div class="battle-history">The opposing Foxfire used <strong>Acid Spray</strong>!<br></div><div class="battle-history"><small>(Spyke lost <abbr title="−111/333">33.3%</abbr> of its health!)</small><br></div><div class="spacer battle-history"><br></div><div class="battle-history">Spyke fainted!<br></div><div class="spacer battle-history"><br></div><div class="battle-history"><small>The opposing Foxfire restored a little HP using its Black Sludge!</small><br></div><div class="spacer battle-history"><br></div><div class="battle-history">Go! Prism (<strong>Pollugonal</strong>)!<br></div><div class="spacer battle-history"><br></div><h2 class="battle-history">Turn 63</h2><div class="chat chatmessage-h2opulse"><strong style="color:#6e8c2b"><small>☆</small><span class="username" data-name="H2OPulse">H2OPulse</span>:</strong> <em>I mean same</em></div><div class="spacer battle-history"><br></div><div class="battle-history">H2OPulse withdrew Foxfire!<br></div><div class="battle-history">H2OPulse sent out Cattail (<strong>Vaporeon</strong>)!<br></div><div class="spacer battle-history"><br></div><div class="battle-history">Prism used <strong>Freeze-Dry</strong>!<br></div><div class="battle-history"><small>It's super effective!</small><br></div><div class="battle-history"><small>(The opposing Cattail lost 29% of its health!)</small><br></div><div class="spacer battle-history"><br></div><div class="battle-history"><small>The opposing Cattail restored a little HP using its Leftovers!</small><br></div><div class="spacer battle-history"><br></div><h2 class="battle-history">Turn 64</h2><div class="spacer battle-history"><br></div><div class="battle-history">Prism used <strong>Recover</strong>!<br></div><div class="battle-history"><small>Prism had its HP restored.</small><br></div><div class="spacer battle-history"><br></div><div class="battle-history">The opposing Cattail used <strong>Wish</strong>!<br></div><div class="spacer battle-history"><br></div><div class="battle-history"><small>The opposing Cattail restored a little HP using its Leftovers!</small><br></div><div class="spacer battle-history"><br></div><h2 class="battle-history">Turn 65</h2><div class="spacer battle-history"><br></div><div class="battle-history">The opposing Cattail used <strong>Protect</strong>!<br></div><div class="battle-history"><small>The opposing Cattail protected itself!</small><br></div><div class="spacer battle-history"><br></div><div class="battle-history">Prism used <strong>Spikes</strong>!<br></div><div class="battle-history"><small>Spikes were scattered on the ground all around the opposing team!</small><br></div><div class="spacer battle-history"><br></div><div class="battle-history"><small>Cattail's wish came true!</small><br></div><div class="battle-history"><small>The opposing Cattail restored a little HP using its Leftovers!</small><br></div><div class="spacer battle-history"><br></div><h2 class="battle-history">Turn 66</h2><div class="spacer battle-history"><br></div><div class="battle-history">Prism used <strong>Spikes</strong>!<br></div><div class="battle-history"><small>Spikes were scattered on the ground all around the opposing team!</small><br></div><div class="spacer battle-history"><br></div><div class="battle-history">The opposing Cattail used <strong>Wish</strong>!<br></div><div class="spacer battle-history"><br></div><div class="battle-history"><small>The opposing Cattail restored a little HP using its Leftovers!</small><br></div><div class="spacer battle-history"><br></div><h2 class="battle-history">Turn 67</h2><div class="spacer battle-history"><br></div><div class="battle-history">H2OPulse withdrew Cattail!<br></div><div class="battle-history">H2OPulse sent out Mango (<strong>Noivern-Variant</strong>)!<br></div><div class="spacer battle-history"><br></div><div class="battle-history">Prism used <strong>Freeze-Dry</strong>!<br></div><div class="battle-history"><small>It's super effective!</small><br></div><div class="battle-history"><small>(The opposing Mango lost 27% of its health!)</small><br></div><div class="spacer battle-history"><br></div><div class="battle-history">The opposing Mango fainted!<br></div><div class="chat chatmessage-h2opulse"><strong style="color:#6e8c2b"><small>☆</small><span class="username" data-name="H2OPulse">H2OPulse</span>:</strong> <em>Nope</em></div><div class="spacer battle-history"><br></div><div class="battle-history">H2OPulse sent out Snakey (<strong>Orbeetle-Variant</strong>)!<br></div><div class="spacer battle-history"><br></div><h2 class="battle-history">Turn 68</h2><div class="chat chatmessage-inkbug1 mine"><strong style="color:#e46e0f"><small>☆</small><span class="username" data-name="inkbug1">inkbug1</span>:</strong> <em>mmm how much did this do...</em></div><div class="spacer battle-history"><br></div><div class="battle-history">Prism used <strong>Freeze-Dry</strong>!<br></div><div class="battle-history"><small>(The opposing Snakey lost 24% of its health!)</small><br></div><div class="battle-history">[The opposing Snakey's Cotton Down]<br></div><div class="battle-history"><small>Prism's Speed fell!</small><br></div><div class="spacer battle-history"><br></div><div class="battle-history">The opposing Snakey used <strong>Recover</strong>!<br></div><div class="battle-history"><small>The opposing Snakey had its HP restored.</small><br></div><div class="spacer battle-history"><br></div><h2 class="battle-history">Turn 69</h2><div class="chat chatmessage-inkbug1 mine"><strong style="color:#e46e0f"><small>☆</small><span class="username" data-name="inkbug1">inkbug1</span>:</strong> <em>noooot enough</em></div><div class="chat chatmessage-h2opulse"><strong style="color:#6e8c2b"><small>☆</small><span class="username" data-name="H2OPulse">H2OPulse</span>:</strong> <em>Nsmdjfjfk</em></div><div class="spacer battle-history"><br></div><div class="battle-history">The opposing Snakey used <strong>Recover</strong>!<br></div><div class="battle-history"><small>The opposing Snakey had its HP restored.</small><br></div><div class="spacer battle-history"><br></div><div class="battle-history">Prism used <strong>Spikes</strong>!<br></div><div class="battle-history"><small>Spikes were scattered on the ground all around the opposing team!</small><br></div><div class="spacer battle-history"><br></div><h2 class="battle-history">Turn 70</h2><div class="spacer battle-history"><br></div><div class="battle-history">The opposing Snakey used <strong>Sticky Web</strong>!<br></div><div class="battle-history"><small>A sticky web has been laid out on the ground around your team!</small><br></div><div class="spacer battle-history"><br></div><div class="battle-history">Prism used <strong>Freeze-Dry</strong>!<br></div><div class="battle-history"><small>(The opposing Snakey lost 24% of its health!)</small><br></div><div class="battle-history">[The opposing Snakey's Cotton Down]<br></div><div class="battle-history"><small>Prism's Speed fell!</small><br></div><div class="spacer battle-history"><br></div><h2 class="battle-history">Turn 71</h2><div class="spacer battle-history"><br></div><div class="battle-history">H2OPulse withdrew Snakey!<br></div><div class="battle-history">H2OPulse sent out Foxfire (<strong>Shiinotic-Kalos</strong>)!<br></div><div class="battle-history"><small>The opposing Foxfire was hurt by the spikes!</small><br></div><div class="spacer battle-history"><br></div><div class="battle-history">Prism used <strong>Rapid Spin</strong>!<br></div><div class="battle-history"><small>(The opposing Foxfire lost 10% of its health!)</small><br></div><div class="battle-history"><small>Prism's Speed rose!</small><br></div><div class="battle-history"><small>The sticky web has disappeared from the ground around your team!</small><br></div><div class="spacer battle-history"><br></div><div class="battle-history"><small>The opposing Foxfire restored a little HP using its Black Sludge!</small><br></div><div class="spacer battle-history"><br></div><h2 class="battle-history">Turn 72</h2><div class="spacer battle-history"><br></div><div class="battle-history">The opposing Foxfire used <strong>Acid Spray</strong>!<br></div><div class="battle-history"><small>It's not very effective...</small><br></div><div class="battle-history"><small>(Prism lost <abbr title="−33/383">8.6%</abbr> of its health!)</small><br></div><div class="battle-history"><small>Prism's Sp. Def fell harshly!</small><br></div><div class="spacer battle-history"><br></div><div class="battle-history">Prism used <strong>Rapid Spin</strong>!<br></div><div class="battle-history"><small>(The opposing Foxfire lost 8% of its health!)</small><br></div><div class="battle-history"><small>Prism's Speed rose!</small><br></div><div class="spacer battle-history"><br></div><div class="battle-history"><small>The opposing Foxfire restored a little HP using its Black Sludge!</small><br></div><div class="spacer battle-history"><br></div><h2 class="battle-history">Turn 73</h2><div class="spacer battle-history"><br></div><div class="battle-history">Prism used <strong>Freeze-Dry</strong>!<br></div><div class="battle-history"><small>(The opposing Foxfire lost 39% of its health!)</small><br></div><div class="spacer battle-history"><br></div><div class="battle-history">The opposing Foxfire used <strong>Hidden Power</strong>!<br></div><div class="battle-history"><small>It's super effective!</small><br></div><div class="battle-history"><small>(Prism lost <abbr title="−232/383">60.6%</abbr> of its health!)</small><br></div><div class="spacer battle-history"><br></div><div class="battle-history"><small>The opposing Foxfire restored a little HP using its Black Sludge!</small><br></div><div class="spacer battle-history"><br></div><h2 class="battle-history">Turn 74</h2><div class="spacer battle-history"><br></div><div class="battle-history">H2OPulse withdrew Foxfire!<br></div><div class="battle-history">H2OPulse sent out Snakey (<strong>Orbeetle-Variant</strong>)!<br></div><div class="spacer battle-history"><br></div><div class="battle-history">Prism used <strong>Freeze-Dry</strong>!<br></div><div class="battle-history"><small>(The opposing Snakey lost 25% of its health!)</small><br></div><div class="battle-history">[The opposing Snakey's Cotton Down]<br></div><div class="battle-history"><small>Prism's Speed fell!</small><br></div><div class="spacer battle-history"><br></div><h2 class="battle-history">Turn 75</h2><div class="chat chatmessage-inkbug1 mine"><strong style="color:#e46e0f"><small>☆</small><span class="username" data-name="inkbug1">inkbug1</span>:</strong> <em>i am so </em></div><div class="chat chatmessage-inkbug1 mine"><strong style="color:#e46e0f"><small>☆</small><span class="username" data-name="inkbug1">inkbug1</span>:</strong> <em>concerned-</em></div><div class="spacer battle-history"><br></div><div class="battle-history">Prism, come back!<br></div><div class="battle-history">Go! Gamma (<strong>Gardevoir</strong>)!<br></div><div class="battle-history">[Gamma's Trace]<br>[Gamma's Cotton Down]<br><small>Gamma traced the opposing Snakey's Cotton Down!</small><br></div><div class="spacer battle-history"><br></div><div class="battle-history">The opposing Snakey used <strong>Bug Buzz</strong>!<br></div><div class="battle-history"><small>(Gamma lost <abbr title="−112/278">40.3%</abbr> of its health!)</small><br></div><div class="battle-history">[Gamma's Cotton Down]<br></div><div class="battle-history"><small>The opposing Snakey's Speed fell!</small><br></div><div class="spacer battle-history"><br></div><h2 class="battle-history">Turn 76</h2><div class="chat chatmessage-h2opulse"><strong style="color:#6e8c2b"><small>☆</small><span class="username" data-name="H2OPulse">H2OPulse</span>:</strong> <em>MSKHD</em></div><div class="chat chatmessage-inkbug1 mine"><strong style="color:#e46e0f"><small>☆</small><span class="username" data-name="inkbug1">inkbug1</span>:</strong> <em>oh </em></div><div class="chat chatmessage-inkbug1 mine"><strong style="color:#e46e0f"><small>☆</small><span class="username" data-name="inkbug1">inkbug1</span>:</strong> <em>amazing</em></div><div class="spacer battle-history"><br></div><div class="battle-history">Gamma is fast asleep.<br></div><div class="spacer battle-history"><br></div><div class="battle-history">The opposing Snakey used <strong>U-turn</strong>!<br></div><div class="battle-history"><small>(Gamma lost <abbr title="−22/278">7.9%</abbr> of its health!)</small><br></div><div class="battle-history">[Gamma's Cotton Down]<br></div><div class="battle-history"><small>The opposing Snakey's Speed fell!</small><br></div><div class="spacer battle-history"><br></div><div class="battle-history">Gamma fainted!<br></div><div class="chat chatmessage-inkbug1 mine"><strong style="color:#e46e0f"><small>☆</small><span class="username" data-name="inkbug1">inkbug1</span>:</strong> <em>thats bad </em></div><div class="chat chatmessage-inkbug1 mine"><strong style="color:#e46e0f"><small>☆</small><span class="username" data-name="inkbug1">inkbug1</span>:</strong> <em>ah well</em></div><div class="chat chatmessage-h2opulse"><strong style="color:#6e8c2b"><small>☆</small><span class="username" data-name="H2OPulse">H2OPulse</span>:</strong> <em>oooff sorry for the three turns</em></div><div class="spacer battle-history"><br></div><div class="battle-history">The opposing Snakey went back to H2OPulse!<br></div><div class="battle-history">H2OPulse sent out Cattail (<strong>Vaporeon</strong>)!<br></div><div class="battle-history"><small>The opposing Cattail was hurt by the spikes!</small><br></div><div class="spacer battle-history"><br></div><div class="battle-history"><small>The opposing Cattail restored a little HP using its Leftovers!</small><br></div><div class="spacer battle-history"><br></div><div class="battle-history">Go! Cedric (<strong>Lediluck</strong>)!<br></div><div class="spacer battle-history"><br></div><h2 class="battle-history">Turn 77</h2><div class="spacer battle-history"><br></div><div class="battle-history">Cedric used <strong>Thunder Punch</strong>!<br></div><div class="battle-history"><small>It's super effective!</small><br></div><div class="battle-history"><small>A critical hit!</small><br></div><div class="battle-history"><small>(The opposing Cattail lost 48% of its health!)</small><br></div><div class="spacer battle-history"><br></div><div class="battle-history">The opposing Cattail used <strong>Wish</strong>!<br></div><div class="spacer battle-history"><br></div><div class="battle-history"><small>The opposing Cattail restored a little HP using its Leftovers!</small><br></div><div class="battle-history"><small>Cedric was hurt by poison!</small><br></div><div class="spacer battle-history"><br></div><h2 class="battle-history">Turn 78</h2><div class="spacer battle-history"><br></div><div class="battle-history">The opposing Cattail used <strong>Protect</strong>!<br></div><div class="battle-history"><small>The opposing Cattail protected itself!</small><br></div><div class="spacer battle-history"><br></div><div class="battle-history">Cedric used <strong>Light Screen</strong>!<br></div><div class="battle-history"><small>Light Screen made your team stronger against special moves!</small><br></div><div class="spacer battle-history"><br></div><div class="battle-history"><small>Cattail's wish came true!</small><br></div><div class="battle-history"><small>The opposing Cattail restored a little HP using its Leftovers!</small><br></div><div class="battle-history"><small>Cedric was hurt by poison!</small><br></div><div class="spacer battle-history"><br></div><div class="battle-history">Cedric fainted!<br></div><div class="spacer battle-history"><br></div><div class="battle-history">Go! Prism (<strong>Pollugonal</strong>)!<br></div><div class="spacer battle-history"><br></div><h2 class="battle-history">Turn 79</h2><div class="spacer battle-history"><br></div><div class="battle-history">Prism used <strong>Recover</strong>!<br></div><div class="battle-history"><small>Prism had its HP restored.</small><br></div><div class="spacer battle-history"><br></div><div class="battle-history">The opposing Cattail used <strong>Wish</strong>!<br></div><div class="spacer battle-history"><br></div><div class="battle-history"><small>The opposing Cattail restored a little HP using its Leftovers!</small><br></div><div class="spacer battle-history"><br></div><h2 class="battle-history">Turn 80</h2><div class="spacer battle-history"><br></div><div class="battle-history">Prism used <strong>Freeze-Dry</strong>!<br></div><div class="battle-history"><small>It's super effective!</small><br></div><div class="battle-history"><small>(The opposing Cattail lost 28% of its health!)</small><br></div><div class="spacer battle-history"><br></div><div class="battle-history">The opposing Cattail used <strong>Flip Turn</strong>!<br></div><div class="battle-history"><small>(Prism lost <abbr title="−84/383">21.9%</abbr> of its health!)</small><br></div><div class="spacer battle-history"><br></div><div class="battle-history">H2OPulse withdrew Cattail!<br></div><div class="battle-history">H2OPulse sent out Foxfire (<strong>Shiinotic-Kalos</strong>)!<br></div><div class="battle-history"><small>The opposing Foxfire was hurt by the spikes!</small><br></div><div class="spacer battle-history"><br></div><div class="battle-history"><small>Cattail's wish came true!</small><br></div><div class="battle-history"><small>The opposing Foxfire restored a little HP using its Black Sludge!</small><br></div><div class="spacer battle-history"><br></div><h2 class="battle-history">Turn 81</h2><div class="chat chatmessage-inkbug1 mine"><strong style="color:#e46e0f"><small>☆</small><span class="username" data-name="inkbug1">inkbug1</span>:</strong> <em>this is probably gg </em></div><div class="spacer battle-history"><br></div><div class="battle-history">Prism used <strong>Freeze-Dry</strong>!<br></div><div class="battle-history"><small>(The opposing Foxfire lost 40% of its health!)</small><br></div><div class="spacer battle-history"><br></div><div class="battle-history">The opposing Foxfire used <strong>Spore</strong>!<br></div><div class="battle-history"><small>Prism fell asleep!</small><br></div><div class="spacer battle-history"><br></div><div class="battle-history"><small>The opposing Foxfire restored a little HP using its Black Sludge!</small><br></div><div class="spacer battle-history"><br></div><h2 class="battle-history">Turn 82</h2><div class="spacer battle-history"><br></div><div class="battle-history">Prism is fast asleep.<br></div><div class="spacer battle-history"><br></div><div class="battle-history">The opposing Foxfire used <strong>Acid Spray</strong>!<br></div><div class="battle-history"><small>It's not very effective...</small><br></div><div class="battle-history"><small>(Prism lost <abbr title="−15/383">3.9%</abbr> of its health!)</small><br></div><div class="battle-history"><small>Prism's Sp. Def fell harshly!</small><br></div><div class="spacer battle-history"><br></div><div class="battle-history"><small>The opposing Foxfire restored a little HP using its Black Sludge!</small><br></div><div class="battle-history"><small>Your team's Light Screen wore off!</small><br></div><div class="spacer battle-history"><br></div><h2 class="battle-history">Turn 83</h2><div class="spacer battle-history"><br></div><div class="battle-history">Prism is fast asleep.<br></div><div class="spacer battle-history"><br></div><div class="battle-history">The opposing Foxfire used <strong>Hidden Power</strong>!<br></div><div class="battle-history"><small>It's super effective!</small><br></div><div class="battle-history"><small>(Prism lost <abbr title="−182/383">47.5%</abbr> of its health!)</small><br></div><div class="spacer battle-history"><br></div><div class="battle-history">Prism fainted!<br></div><div class="spacer battle-history"><br></div><div class="battle-history"><strong>H2OPulse</strong> won the battle!<br></div><div class="chat chatmessage-inkbug1 mine"><strong style="color:#e46e0f"><small>☆</small><span class="username" data-name="inkbug1">inkbug1</span>:</strong> <em>gg</em></div><div class="chat chatmessage-h2opulse"><strong style="color:#6e8c2b"><small>☆</small><span class="username" data-name="H2OPulse">H2OPulse</span>:</strong> <em>Good game!! Sorry I kinda wish I knew what would've happened if Gamma woke up because that mattered a lot</em></div><div class="chat chatmessage-h2opulse"><strong style="color:#6e8c2b"><small>☆</small><span class="username" data-name="H2OPulse">H2OPulse</span>:</strong> <em>I think</em></div><div class="chat chatmessage-inkbug1 mine"><strong style="color:#e46e0f"><small>☆</small><span class="username" data-name="inkbug1">inkbug1</span>:</strong> <em>this ver of res definitely doesnt feel overwhelming its interesting how much more damage i t takes haha</em></div><div class="chat chatmessage-h2opulse"><strong style="color:#6e8c2b"><small>☆</small><span class="username" data-name="H2OPulse">H2OPulse</span>:</strong> <em>Rig h t</em></div></div><div class="inner-preempt message-log"></div></div></div>
</div>
<script>
let daily = Math.floor(Date.now()/1000/60/60/24);document.write('<script src="https://dragonheaven.herokuapp.com/js/replay-embed.js?version'+daily+'"></'+'script>');
</script>
