<!DOCTYPE html>
<meta charset="utf-8" />
<!-- version 1 -->
<title>[Gen 8] Evolution Project replay: Violettes vs. god of joe</title>
<style>
html,body {font-family:Verdana, sans-serif;font-size:10pt;margin:0;padding:0;}body{padding:12px 0;} .battle-log {font-family:Verdana, sans-serif;font-size:10pt;} .battle-log-inline {border:1px solid #AAAAAA;background:#EEF2F5;color:black;max-width:640px;margin:0 auto 80px;padding-bottom:5px;} .battle-log .inner {padding:4px 8px 0px 8px;} .battle-log .inner-preempt {padding:0 8px 4px 8px;} .battle-log .inner-after {margin-top:0.5em;} .battle-log h2 {margin:0.5em -8px;padding:4px 8px;border:1px solid #AAAAAA;background:#E0E7EA;border-left:0;border-right:0;font-family:Verdana, sans-serif;font-size:13pt;} .battle-log .chat {vertical-align:middle;padding:3px 0 3px 0;font-size:8pt;} .battle-log .chat strong {color:#40576A;} .battle-log .chat em {padding:1px 4px 1px 3px;color:#000000;font-style:normal;} .chat.mine {background:rgba(0,0,0,0.05);margin-left:-8px;margin-right:-8px;padding-left:8px;padding-right:8px;} .spoiler {color:#BBBBBB;background:#BBBBBB;padding:0px 3px;} .spoiler:hover, .spoiler:active, .spoiler-shown {color:#000000;background:#E2E2E2;padding:0px 3px;} .spoiler a {color:#BBBBBB;} .spoiler:hover a, .spoiler:active a, .spoiler-shown a {color:#2288CC;} .chat code, .chat .spoiler:hover code, .chat .spoiler:active code, .chat .spoiler-shown code {border:1px solid #C0C0C0;background:#EEEEEE;color:black;padding:0 2px;} .chat .spoiler code {border:1px solid #CCCCCC;background:#CCCCCC;color:#CCCCCC;} .battle-log .rated {padding:3px 4px;} .battle-log .rated strong {color:white;background:#89A;padding:1px 4px;border-radius:4px;} .spacer {margin-top:0.5em;} .message-announce {background:#6688AA;color:white;padding:1px 4px 2px;} .message-announce a, .broadcast-green a, .broadcast-blue a, .broadcast-red a {color:#DDEEFF;} .broadcast-green {background-color:#559955;color:white;padding:2px 4px;} .broadcast-blue {background-color:#6688AA;color:white;padding:2px 4px;} .infobox {border:1px solid #6688AA;padding:2px 4px;} .infobox-limited {max-height:200px;overflow:auto;overflow-x:hidden;} .broadcast-red {background-color:#AA5544;color:white;padding:2px 4px;} .message-learn-canlearn {font-weight:bold;color:#228822;text-decoration:underline;} .message-learn-cannotlearn {font-weight:bold;color:#CC2222;text-decoration:underline;} .message-effect-weak {font-weight:bold;color:#CC2222;} .message-effect-resist {font-weight:bold;color:#6688AA;} .message-effect-immune {font-weight:bold;color:#666666;} .message-learn-list {margin-top:0;margin-bottom:0;} .message-throttle-notice, .message-error {color:#992222;} .message-overflow, .chat small.message-overflow {font-size:0pt;} .message-overflow::before {font-size:9pt;content:'...';} .subtle {color:#3A4A66;}
</style>
<div class="wrapper replay-wrapper" style="max-width:1180px;margin:0 auto">
<input type="hidden" name="replayid" value="dragonheaven-gen8evolutionproject-37" />
<div class="battle"></div><div class="battle-log"></div><div class="replay-controls"></div><div class="replay-controls-2"></div>
<h1 style="font-weight:normal;text-align:center"><strong>[Gen 8] Evolution Project</strong><br /><a href="http://pokemonshowdown.com/users/violettes" class="subtle" target="_blank">Violettes</a> vs. <a href="http://pokemonshowdown.com/users/godofjoe" class="subtle" target="_blank">god of joe</a></h1>
<script type="text/plain" class="battle-log-data">|j|☆Violettes

|j|☆god of joe
|t:|1658090328
|player|p1|Violettes|furisodegirl-pink|
|player|p2|god of joe|caitlin|
|teamsize|p1|6
|teamsize|p2|6
|gametype|singles
|gen|8
|tier|[Gen 8] Evolution Project
|clearpoke
|poke|p1|Endurow, M|
|poke|p1|Bafflack, F|
|poke|p1|Ludicolo-Ultra, F|
|poke|p1|Excadrill-Hisui, F|
|poke|p1|Bronzong|
|poke|p1|Sylveon, M|
|poke|p2|Klefki-Galar, M|
|poke|p2|Playdol, F|
|poke|p2|Michu, M|
|poke|p2|Gallade, M|
|poke|p2|Voltangent, M|
|poke|p2|Dewgong-Variant, M|
|rule|HP Percentage Mod: HP is shown in percentages
|rule|Endless Battle Clause: Forcing endless battles is banned
|rule|OHKO Clause: OHKO moves are banned
|rule|Evasion Moves Clause: Evasion moves are banned
|rule|Species Clause: Limit one of each Pokémon
|rule|Dynamax Clause: You cannot dynamax
|rule|Sleep Clause Mod: Limit one foe put to sleep
|rule|Z-Move Clause: Type-based Z-Moves are banned
|teampreview
|raw|<ul class="utilichart"><li class="result"><span class="col movenamecol"><a href="https:\/\/dex.pokemonshowdown.com\/moves\/mirrormove">Mirror Move<\/a><\/span> <span class="col typecol"><img src="\/\/dragonheaven.herokuapp.com\/sprites\/types\/Flying.png" alt="Flying" width="32" height="14"><img src="\/\/dragonheaven.herokuapp.com\/sprites\/categories\/Status.png" alt="Status" width="32" height="14"><\/span> <span class="col widelabelcol"><em>Accuracy<\/em><br>—<\/span> <span class="col pplabelcol"><em>PP<\/em><br>32<\/span> <span class="col movedesccol">User uses the target's last used move against it.<\/span> <\/li><li style="clear:both"><\/li><\/ul>
|raw|<font size="1"><font color="#686868">Priority:<\/font> 0&nbsp;|&ThickSpace;<font color="#686868">Gen:<\/font> 1&nbsp;|&ThickSpace;&#10007; Past Gens Only&nbsp;|&ThickSpace;&#10003; Bypasses Protect&nbsp;|&ThickSpace;<font color="#686868">Z-Effect:<\/font>  Attack +2&nbsp;|&ThickSpace;<font color="#686868">Target:<\/font> One Adjacent Pokémon&nbsp;|&ThickSpace;<a href="https:\/\/dex.pokemonshowdown.com\/tags\/nonmirror">Non-Mirrorable Moves<\/a><\/font>

|
|t:|1658090380
|start
|switch|p1a: Skyward|Endurow, M|305\/305
|switch|p2a: Playdol|Playdol, F|100\/100
|-start|p1a: Skyward|typechange|Flying|[silent]
|raw|<ul class="utilichart"><li class="result"><span class="col pokemonnamecol" style="white-space: nowrap">Endurow<\/span> <span class="col typecol"><img src="https:\/\/dragonheaven.herokuapp.com\/sprites\/types\/Flying.png" alt="Flying" height="14" width="32"><\/span> <span style="float: left ; min-height: 26px"><span class="col abilitycol">Stamina \/ Sniper<\/span><span class="col abilitycol"><\/span><\/span><\/li><li style="clear: both"><\/li><\/ul>
|raw|<ul class="utilichart"><li class="result"><span style="float: left ; min-height: 26px"><span class="col statcol"><em>HP<\/em><br>82<\/span> <span class="col statcol"><em>Atk<\/em><br>110<\/span> <span class="col statcol"><em>Def<\/em><br>65<\/span> <span class="col statcol"><em>SpA<\/em><br>61<\/span> <span class="col statcol"><em>SpD<\/em><br>61<\/span> <span class="col statcol"><em>Spe<\/em><br>118<\/span> <\/span><\/li><li style="clear: both"><\/li><\/ul>
|-hint|Endurow was created by Violet!
|-start|p2a: Playdol|typechange|Normal\/Ghost|[silent]
|raw|<ul class="utilichart"><li class="result"><span class="col pokemonnamecol" style="white-space: nowrap">Playdol<\/span> <span class="col typecol"><img src="https:\/\/dragonheaven.herokuapp.com\/sprites\/types\/Normal.png" alt="Normal" height="14" width="32"><img src="https:\/\/dragonheaven.herokuapp.com\/sprites\/types\/Ghost.png" alt="Ghost" height="14" width="32"><\/span> <span style="float: left ; min-height: 26px"><span class="col abilitycol">Telepathy \/ Anticipation<\/span><span class="col abilitycol"><\/span><\/span><\/li><li style="clear: both"><\/li><\/ul>
|raw|<ul class="utilichart"><li class="result"><span style="float: left ; min-height: 26px"><span class="col statcol"><em>HP<\/em><br>60<\/span> <span class="col statcol"><em>Atk<\/em><br>85<\/span> <span class="col statcol"><em>Def<\/em><br>90<\/span> <span class="col statcol"><em>SpA<\/em><br>85<\/span> <span class="col statcol"><em>SpD<\/em><br>105<\/span> <span class="col statcol"><em>Spe<\/em><br>75<\/span> <\/span><\/li><li style="clear: both"><\/li><\/ul>
|-hint|Playdol was created by Violet!
|turn|1
|
|t:|1658090407
|move|p1a: Skyward|Brave Bird|p2a: Playdol
|-damage|p2a: Playdol|23\/100
|-damage|p1a: Skyward|238\/305|[from] Recoil
|move|p2a: Playdol|Stealth Rock|p1a: Skyward
|-sidestart|p1: Violettes|move: Stealth Rock
|
|-heal|p2a: Playdol|29\/100|[from] item: Leftovers
|upkeep
|turn|2
|
|t:|1658090416
|switch|p2a: Voltangent|Voltangent, M|100\/100
|-start|p2a: Voltangent|typechange|Electric\/Dragon|[silent]
|raw|<ul class="utilichart"><li class="result"><span class="col pokemonnamecol" style="white-space: nowrap">Voltangent<\/span> <span class="col typecol"><img src="https:\/\/dragonheaven.herokuapp.com\/sprites\/types\/Electric.png" alt="Electric" height="14" width="32"><img src="https:\/\/dragonheaven.herokuapp.com\/sprites\/types\/Dragon.png" alt="Dragon" height="14" width="32"><\/span> <span style="float: left ; min-height: 26px"><span class="col abilitycol">Regenerator \/ Minus<\/span><span class="col abilitycol"><\/span><\/span><\/li><li style="clear: both"><\/li><\/ul>
|raw|<ul class="utilichart"><li class="result"><span style="float: left ; min-height: 26px"><span class="col statcol"><em>HP<\/em><br>100<\/span> <span class="col statcol"><em>Atk<\/em><br>115<\/span> <span class="col statcol"><em>Def<\/em><br>85<\/span> <span class="col statcol"><em>SpA<\/em><br>75<\/span> <span class="col statcol"><em>SpD<\/em><br>90<\/span> <span class="col statcol"><em>Spe<\/em><br>45<\/span> <\/span><\/li><li style="clear: both"><\/li><\/ul>
|-hint|Voltangent was created by Paulluxx!
|move|p1a: Skyward|Mirror Move||[still]
|-fail|p1a: Skyward
|
|upkeep
|turn|3
|
|t:|1658090453
|move|p1a: Skyward|Drill Run|p2a: Voltangent
|-supereffective|p2a: Voltangent
|-crit|p2a: Voltangent
|-damage|p2a: Voltangent|25\/100
|move|p2a: Voltangent|Reflect|p2a: Voltangent
|-sidestart|p2: god of joe|Reflect
|
|upkeep
|turn|4
|
|t:|1658090465
|switch|p2a: Dewgong|Dewgong-Variant, M|100\/100
|-start|p2a: Dewgong|typechange|Normal|[silent]
|raw|<ul class="utilichart"><li class="result"><span class="col pokemonnamecol" style="white-space: nowrap">Dewgong-Variant<\/span> <span class="col typecol"><img src="https:\/\/dragonheaven.herokuapp.com\/sprites\/types\/Normal.png" alt="Normal" height="14" width="32"><\/span> <span style="float: left ; min-height: 26px"><span class="col abilitycol">Hydration \/ Adaptability \/ Thick Fat<\/span><span class="col abilitycol"><\/span><\/span><\/li><li style="clear: both"><\/li><\/ul>
|raw|<ul class="utilichart"><li class="result"><span style="float: left ; min-height: 26px"><span class="col statcol"><em>HP<\/em><br>90<\/span> <span class="col statcol"><em>Atk<\/em><br>50<\/span> <span class="col statcol"><em>Def<\/em><br>80<\/span> <span class="col statcol"><em>SpA<\/em><br>110<\/span> <span class="col statcol"><em>SpD<\/em><br>95<\/span> <span class="col statcol"><em>Spe<\/em><br>50<\/span> <\/span><\/li><li style="clear: both"><\/li><\/ul>
|-hint|Dewgong-Variant was created by Magmajudis!
|move|p1a: Skyward|Drill Run|p2a: Dewgong
|-damage|p2a: Dewgong|87\/100
|
|-heal|p2a: Dewgong|93\/100|[from] item: Leftovers
|upkeep
|turn|5
|
|t:|1658090476
|switch|p1a: Echoes|Bronzong|338\/338
|-damage|p1a: Echoes|317\/338|[from] Stealth Rock
|move|p2a: Dewgong|Stockpile|p2a: Dewgong
|-start|p2a: Dewgong|stockpile1
|-boost|p2a: Dewgong|def|1
|-boost|p2a: Dewgong|spd|1
|
|-heal|p2a: Dewgong|99\/100|[from] item: Leftovers
|-heal|p1a: Echoes|338\/338|[from] item: Leftovers
|upkeep
|turn|6
|
|t:|1658090481
|move|p2a: Dewgong|Stockpile|p2a: Dewgong
|-start|p2a: Dewgong|stockpile2
|-boost|p2a: Dewgong|def|1
|-boost|p2a: Dewgong|spd|1
|move|p1a: Echoes|Toxic|p2a: Dewgong
|-status|p2a: Dewgong|tox
|
|-heal|p2a: Dewgong|100\/100 tox|[from] item: Leftovers
|-damage|p2a: Dewgong|94\/100 tox|[from] psn
|upkeep
|turn|7
|
|t:|1658090485
|move|p2a: Dewgong|Stockpile|p2a: Dewgong
|-start|p2a: Dewgong|stockpile3
|-boost|p2a: Dewgong|def|1
|-boost|p2a: Dewgong|spd|1
|move|p1a: Echoes|Stealth Rock|p2a: Dewgong
|-sidestart|p2: god of joe|move: Stealth Rock
|
|-heal|p2a: Dewgong|100\/100 tox|[from] item: Leftovers
|-damage|p2a: Dewgong|88\/100 tox|[from] psn
|upkeep
|turn|8
|
|t:|1658090489
|move|p2a: Dewgong|Echoed Voice|p1a: Echoes
|-resisted|p1a: Echoes
|-damage|p1a: Echoes|308\/338
|move|p1a: Echoes|Body Press|p2a: Dewgong
|-supereffective|p2a: Dewgong
|-damage|p2a: Dewgong|77\/100 tox
|
|-heal|p2a: Dewgong|83\/100 tox|[from] item: Leftovers
|-heal|p1a: Echoes|329\/338|[from] item: Leftovers
|-damage|p2a: Dewgong|64\/100 tox|[from] psn
|upkeep
|turn|9
|
|t:|1658090500
|move|p2a: Dewgong|Echoed Voice|p1a: Echoes
|-resisted|p1a: Echoes
|-damage|p1a: Echoes|268\/338
|move|p1a: Echoes|Body Press|p2a: Dewgong
|-supereffective|p2a: Dewgong
|-damage|p2a: Dewgong|53\/100 tox
|
|-heal|p2a: Dewgong|59\/100 tox|[from] item: Leftovers
|-heal|p1a: Echoes|289\/338|[from] item: Leftovers
|-damage|p2a: Dewgong|34\/100 tox|[from] psn
|upkeep
|turn|10
|
|t:|1658090503
|move|p2a: Dewgong|Echoed Voice|p1a: Echoes
|-resisted|p1a: Echoes
|-damage|p1a: Echoes|200\/338
|move|p1a: Echoes|Flash Cannon|p2a: Dewgong
|-damage|p2a: Dewgong|25\/100 tox
|
|-heal|p2a: Dewgong|31\/100 tox|[from] item: Leftovers
|-heal|p1a: Echoes|221\/338|[from] item: Leftovers
|-damage|p2a: Dewgong|0 fnt|[from] psn
|faint|p2a: Dewgong
|-sideend|p2: god of joe|Reflect
|upkeep
|
|t:|1658090507
|switch|p2a: Klefki|Klefki-Galar, M|100\/100
|-start|p2a: Klefki|typechange|Steel\/Dark|[silent]
|raw|<ul class="utilichart"><li class="result"><span class="col pokemonnamecol" style="white-space: nowrap">Klefki-Galar<\/span> <span class="col typecol"><img src="https:\/\/dragonheaven.herokuapp.com\/sprites\/types\/Steel.png" alt="Steel" height="14" width="32"><img src="https:\/\/dragonheaven.herokuapp.com\/sprites\/types\/Dark.png" alt="Dark" height="14" width="32"><\/span> <span style="float: left ; min-height: 26px"><span class="col abilitycol">Hunger Switch<\/span><span class="col abilitycol"><\/span><\/span><\/li><li style="clear: both"><\/li><\/ul>
|raw|<ul class="utilichart"><li class="result"><span style="float: left ; min-height: 26px"><span class="col statcol"><em>HP<\/em><br>57<\/span> <span class="col statcol"><em>Atk<\/em><br>60<\/span> <span class="col statcol"><em>Def<\/em><br>106<\/span> <span class="col statcol"><em>SpA<\/em><br>70<\/span> <span class="col statcol"><em>SpD<\/em><br>87<\/span> <span class="col statcol"><em>Spe<\/em><br>90<\/span> <\/span><\/li><li style="clear: both"><\/li><\/ul>
|-hint|Klefki-Galar was created by Albatross!
|-damage|p2a: Klefki|95\/100|[from] Stealth Rock
|turn|11
|
|t:|1658090516
|move|p2a: Klefki|Protect|p2a: Klefki
|-singleturn|p2a: Klefki|Protect
|move|p1a: Echoes|Body Press|p2a: Klefki
|-activate|p2a: Klefki|move: Protect
|
|-heal|p2a: Klefki|100\/100|[from] item: Leftovers
|-heal|p1a: Echoes|242\/338|[from] item: Leftovers
|-formechange|p2a: Klefki|Klefki-Galar-Revealed||[from] ability: Hunger Switch
|-start|p2a: Klefki|typechange|Fairy\/Dark|[silent]
|-message|Klefki changed to Revealed Mode!
|raw|<ul class="utilichart"><li class="result"><span class="col pokemonnamecol" style="white-space: nowrap">Klefki-Galar-Revealed<\/span> <span class="col typecol"><img src="https:\/\/dragonheaven.herokuapp.com\/sprites\/types\/Fairy.png" alt="Fairy" height="14" width="32"><img src="https:\/\/dragonheaven.herokuapp.com\/sprites\/types\/Dark.png" alt="Dark" height="14" width="32"><\/span> <span style="float: left ; min-height: 26px"><span class="col abilitycol">Hunger Switch<\/span><span class="col abilitycol"><\/span><\/span><span style="float: left ; min-height: 26px"><span class="col statcol"><em>HP<\/em><br>57<\/span> <span class="col statcol"><em>Atk<\/em><br>116<\/span> <span class="col statcol"><em>Def<\/em><br>50<\/span> <span class="col statcol"><em>SpA<\/em><br>70<\/span> <span class="col statcol"><em>SpD<\/em><br>87<\/span> <span class="col statcol"><em>Spe<\/em><br>90<\/span> <\/span><\/li><li style="clear: both"><\/li><\/ul>
|upkeep
|turn|12
|
|t:|1658090538
|move|p2a: Klefki|Knock Off|p1a: Echoes
|-supereffective|p1a: Echoes
|-damage|p1a: Echoes|60\/338
|-enditem|p1a: Echoes|Leftovers|[from] move: Knock Off|[of] p2a: Klefki
|move|p1a: Echoes|Flash Cannon|p2a: Klefki
|-supereffective|p2a: Klefki
|-damage|p2a: Klefki|45\/100
|
|-heal|p2a: Klefki|51\/100|[from] item: Leftovers
|-formechange|p2a: Klefki|Klefki-Galar||[from] ability: Hunger Switch
|-start|p2a: Klefki|typechange|Steel\/Dark|[silent]
|-message|Klefki changed to Lure Mode!
|upkeep
|turn|13
|
|t:|1658090550
|switch|p1a: Skyward|Endurow, M|238\/305
|-start|p1a: Skyward|typechange|Flying|[silent]
|move|p2a: Klefki|Knock Off|p1a: Skyward
|-crit|p1a: Skyward
|-damage|p1a: Skyward|70\/305
|-ability|p1a: Skyward|Stamina|boost
|-boost|p1a: Skyward|def|1
|-enditem|p1a: Skyward|Heavy-Duty Boots|[from] move: Knock Off|[of] p2a: Klefki
|
|-heal|p2a: Klefki|57\/100|[from] item: Leftovers
|-formechange|p2a: Klefki|Klefki-Galar-Revealed||[from] ability: Hunger Switch
|-start|p2a: Klefki|typechange|Fairy\/Dark|[silent]
|-message|Klefki changed to Revealed Mode!
|upkeep
|turn|14
|
|t:|1658090571
|move|p1a: Skyward|Roost|p1a: Skyward
|-heal|p1a: Skyward|223\/305
|-singleturn|p1a: Skyward|move: Roost
|move|p2a: Klefki|Play Rough|p1a: Skyward
|-damage|p1a: Skyward|111\/305
|-ability|p1a: Skyward|Stamina|boost
|-boost|p1a: Skyward|def|1
|
|-heal|p2a: Klefki|63\/100|[from] item: Leftovers
|-formechange|p2a: Klefki|Klefki-Galar||[from] ability: Hunger Switch
|-start|p2a: Klefki|typechange|Steel\/Dark|[silent]
|-message|Klefki changed to Lure Mode!
|upkeep
|turn|15
|
|t:|1658090579
|switch|p2a: Playdol|Playdol, F|29\/100
|-start|p2a: Playdol|typechange|Normal\/Ghost|[silent]
|-damage|p2a: Playdol|17\/100|[from] Stealth Rock
|move|p1a: Skyward|Roost|p1a: Skyward
|-heal|p1a: Skyward|264\/305
|-singleturn|p1a: Skyward|move: Roost
|
|-heal|p2a: Playdol|23\/100|[from] item: Leftovers
|upkeep
|turn|16
|
|t:|1658090584
|move|p1a: Skyward|Drill Run|p2a: Playdol
|-damage|p2a: Playdol|0 fnt
|faint|p2a: Playdol
|
|upkeep
|
|t:|1658090590
|switch|p2a: Michu|Michu, M|100\/100
|-start|p2a: Michu|typechange|Normal\/Fairy|[silent]
|raw|<ul class="utilichart"><li class="result"><span class="col pokemonnamecol" style="white-space: nowrap">Michu<\/span> <span class="col typecol"><img src="https:\/\/dragonheaven.herokuapp.com\/sprites\/types\/Normal.png" alt="Normal" height="14" width="32"><img src="https:\/\/dragonheaven.herokuapp.com\/sprites\/types\/Fairy.png" alt="Fairy" height="14" width="32"><\/span> <span style="float: left ; min-height: 26px"><span class="col abilitycol">Rattled<\/span><span class="col abilitycol"><\/span><\/span><\/li><li style="clear: both"><\/li><\/ul>
|raw|<ul class="utilichart"><li class="result"><span style="float: left ; min-height: 26px"><span class="col statcol"><em>HP<\/em><br>35<\/span> <span class="col statcol"><em>Atk<\/em><br>80<\/span> <span class="col statcol"><em>Def<\/em><br>60<\/span> <span class="col statcol"><em>SpA<\/em><br>30<\/span> <span class="col statcol"><em>SpD<\/em><br>95<\/span> <span class="col statcol"><em>Spe<\/em><br>101<\/span> <\/span><\/li><li style="clear: both"><\/li><\/ul>
|-hint|Michu was created by Hematite!
|-damage|p2a: Michu|88\/100|[from] Stealth Rock
|turn|17
|
|t:|1658090601
|switch|p1a: Kupua|Ludicolo-Ultra, F|299\/299
|-start|p1a: Kupua|typechange|Fire\/Grass|[silent]
|-start|p1a: Kupua|typechange|Fire\/Grass|[silent]
|raw|<ul class="utilichart"><li class="result"><span class="col pokemonnamecol" style="white-space: nowrap">Ludicolo-Ultra<\/span> <span class="col typecol"><img src="https:\/\/dragonheaven.herokuapp.com\/sprites\/types\/Fire.png" alt="Fire" height="14" width="32"><img src="https:\/\/dragonheaven.herokuapp.com\/sprites\/types\/Grass.png" alt="Grass" height="14" width="32"><\/span> <span style="float: left ; min-height: 26px"><span class="col abilitycol">Lava Flow \/ Vital Spirit \/ Beast Boost<\/span><span class="col abilitycol"><\/span><\/span><\/li><li style="clear: both"><\/li><\/ul>
|raw|<ul class="utilichart"><li class="result"><span style="float: left ; min-height: 26px"><span class="col statcol"><em>HP<\/em><br>79<\/span> <span class="col statcol"><em>Atk<\/em><br>71<\/span> <span class="col statcol"><em>Def<\/em><br>53<\/span> <span class="col statcol"><em>SpA<\/em><br>107<\/span> <span class="col statcol"><em>SpD<\/em><br>97<\/span> <span class="col statcol"><em>Spe<\/em><br>73<\/span> <\/span><\/li><li style="clear: both"><\/li><\/ul>
|-hint|Ludicolo-Ultra was created by Violet!
|move|p2a: Michu|Will-O-Wisp|p1a: Kupua
|-immune|p1a: Kupua
|
|upkeep
|turn|18
|
|t:|1658090609
|move|p2a: Michu|Swords Dance|p2a: Michu
|-boost|p2a: Michu|atk|2
|move|p1a: Kupua|Will-O-Wisp|p2a: Michu|[miss]
|-miss|p1a: Kupua|p2a: Michu
|
|upkeep
|turn|19
|
|t:|1658090613
|move|p2a: Michu|Play Rough|p1a: Kupua
|-resisted|p1a: Kupua
|-damage|p1a: Kupua|121\/299
|move|p1a: Kupua|Will-O-Wisp|p2a: Michu
|-status|p2a: Michu|brn
|
|-damage|p2a: Michu|82\/100 brn|[from] brn
|upkeep
|turn|20
|
|t:|1658090627
|move|p2a: Michu|Swords Dance|p2a: Michu
|-boost|p2a: Michu|atk|2
|move|p1a: Kupua|Fiery Dance|p2a: Michu
|-damage|p2a: Michu|45\/100 brn
|
|-damage|p2a: Michu|39\/100 brn|[from] brn
|upkeep
|turn|21
|
|t:|1658090635
|move|p2a: Michu|Play Rough|p1a: Kupua
|-resisted|p1a: Kupua
|-damage|p1a: Kupua|0 fnt
|faint|p1a: Kupua
|
|-damage|p2a: Michu|33\/100 brn|[from] brn
|upkeep
|
|t:|1658090655
|switch|p1a: Skyward|Endurow, M|264\/305
|-start|p1a: Skyward|typechange|Flying|[silent]
|-damage|p1a: Skyward|188\/305|[from] Stealth Rock
|turn|22
|
|t:|1658090662
|move|p1a: Skyward|Mirror Move|p2a: Michu
|move|p1a: Skyward|Play Rough|p2a: Michu|[from]move: Mirror Move
|-damage|p2a: Michu|0 fnt
|faint|p2a: Michu
|
|upkeep
|
|t:|1658090683
|switch|p2a: Klefki|Klefki-Galar, M|63\/100
|-damage|p2a: Klefki|57\/100|[from] Stealth Rock
|-start|p2a: Klefki|typechange|Steel\/Dark|[silent]
|turn|23
|
|t:|1658090692
|move|p1a: Skyward|Drill Run|p2a: Klefki
|-supereffective|p2a: Klefki
|-damage|p2a: Klefki|7\/100
|move|p2a: Klefki|Knock Off|p1a: Skyward
|-damage|p1a: Skyward|115\/305
|-ability|p1a: Skyward|Stamina|boost
|-boost|p1a: Skyward|def|1
|
|-heal|p2a: Klefki|13\/100|[from] item: Leftovers
|-formechange|p2a: Klefki|Klefki-Galar-Revealed||[from] ability: Hunger Switch
|-start|p2a: Klefki|typechange|Fairy\/Dark|[silent]
|-message|Klefki changed to Revealed Mode!
|upkeep
|turn|24
|
|t:|1658090697
|move|p1a: Skyward|Roost|p1a: Skyward
|-heal|p1a: Skyward|268\/305
|-singleturn|p1a: Skyward|move: Roost
|move|p2a: Klefki|Play Rough|p1a: Skyward
|-damage|p1a: Skyward|159\/305
|-unboost|p1a: Skyward|atk|1
|-ability|p1a: Skyward|Stamina|boost
|-boost|p1a: Skyward|def|1
|
|-heal|p2a: Klefki|19\/100|[from] item: Leftovers
|-formechange|p2a: Klefki|Klefki-Galar||[from] ability: Hunger Switch
|-start|p2a: Klefki|typechange|Steel\/Dark|[silent]
|-message|Klefki changed to Lure Mode!
|upkeep
|turn|25
|
|t:|1658090703
|move|p1a: Skyward|Roost|p1a: Skyward
|-heal|p1a: Skyward|305\/305
|-singleturn|p1a: Skyward|move: Roost
|move|p2a: Klefki|Swords Dance|p2a: Klefki
|-boost|p2a: Klefki|atk|2
|
|-heal|p2a: Klefki|25\/100|[from] item: Leftovers
|-formechange|p2a: Klefki|Klefki-Galar-Revealed||[from] ability: Hunger Switch
|-start|p2a: Klefki|typechange|Fairy\/Dark|[silent]
|-message|Klefki changed to Revealed Mode!
|upkeep
|turn|26
|
|t:|1658090709
|move|p2a: Klefki|Protect|p2a: Klefki
|-singleturn|p2a: Klefki|Protect
|move|p1a: Skyward|Drill Run|p2a: Klefki
|-activate|p2a: Klefki|move: Protect
|
|-heal|p2a: Klefki|31\/100|[from] item: Leftovers
|-formechange|p2a: Klefki|Klefki-Galar||[from] ability: Hunger Switch
|-start|p2a: Klefki|typechange|Steel\/Dark|[silent]
|-message|Klefki changed to Lure Mode!
|upkeep
|turn|27
|
|t:|1658090717
|move|p2a: Klefki|Protect||[still]
|-fail|p2a: Klefki
|move|p1a: Skyward|Drill Run|p2a: Klefki
|-supereffective|p2a: Klefki
|-damage|p2a: Klefki|0 fnt
|faint|p2a: Klefki
|
|upkeep
|
|t:|1658090720
|switch|p2a: Voltangent|Voltangent, M|58\/100
|-damage|p2a: Voltangent|46\/100|[from] Stealth Rock
|-start|p2a: Voltangent|typechange|Electric\/Dragon|[silent]
|turn|28
|
|t:|1658090722
|move|p1a: Skyward|Drill Run|p2a: Voltangent
|-supereffective|p2a: Voltangent
|-damage|p2a: Voltangent|11\/100
|move|p2a: Voltangent|Reflect|p2a: Voltangent
|-sidestart|p2: god of joe|Reflect
|
|upkeep
|turn|29
|
|t:|1658090727
|move|p1a: Skyward|Drill Run|p2a: Voltangent
|-supereffective|p2a: Voltangent
|-damage|p2a: Voltangent|0 fnt
|faint|p2a: Voltangent
|
|upkeep
|
|t:|1658090729
|switch|p2a: Gallade|Gallade, M|100\/100
|-damage|p2a: Gallade|94\/100|[from] Stealth Rock
|turn|30
|
|t:|1658090733
|move|p1a: Skyward|Brave Bird|p2a: Gallade
|-supereffective|p2a: Gallade
|-damage|p2a: Gallade|30\/100
|-damage|p1a: Skyward|246\/305|[from] Recoil
|move|p2a: Gallade|Swords Dance|p2a: Gallade
|-boost|p2a: Gallade|atk|2
|
|upkeep
|turn|31
|
|t:|1658090738
|move|p1a: Skyward|Brave Bird|p2a: Gallade
|-supereffective|p2a: Gallade
|-damage|p2a: Gallade|0 fnt
|-damage|p1a: Skyward|219\/305|[from] Recoil
|faint|p2a: Gallade
|
|win|Violettes
|l|☆god of joe</script>
</div>
<div class="battle-log battle-log-inline"><div class="inner"><div class="battle-options"><div style="padding-top: 3px; padding-right: 3px; text-align: right"><button class="icon button" name="openBattleOptions" title="Options">Battle Options</button></div></div><div class="inner message-log"><div class="chat"><small>☆Violettes and ☆god of joe joined</small></div><div class=""><small>Format:</small> <br><strong>[Gen 8] Evolution Project</strong></div><div class=""><small><em>HP Percentage Mod:</em> HP is shown in percentages</small></div><div class=""><small><em>Endless Battle Clause:</em> Forcing endless battles is banned</small></div><div class=""><small><em>OHKO Clause:</em> OHKO moves are banned</small></div><div class=""><small><em>Evasion Moves Clause:</em> Evasion moves are banned</small></div><div class=""><small><em>Species Clause:</em> Limit one of each Pokémon</small></div><div class=""><small><em>Dynamax Clause:</em> You cannot dynamax</small></div><div class=""><small><em>Sleep Clause Mod:</em> Limit one foe put to sleep</small></div><div class=""><small><em>Z-Move Clause:</em> Type-based Z-Moves are banned</small></div><div class="chat battle-history"><strong>Violettes's team:</strong> <em style="color:#445566;display:block;">Endurow / Bafflack / Ludicolo-Ultra / Excadrill-Hisui / Bronzong / Sylveon</em></div><div class="chat battle-history"><strong>god of joe's team:</strong> <em style="color:#445566;display:block;">Klefki-Galar / Playdol / Michu / Gallade / Voltangent / Dewgong-Variant</em></div><div class="chat"><ul class="utilichart"><li class="result"><span class="col movenamecol"><a href="https://dex.pokemonshowdown.com/moves/mirrormove" target="_blank" rel="noopener">Mirror Move</a></span> <span class="col typecol"><img src="//dragonheaven.herokuapp.com/sprites/types/Flying.png" alt="Flying" width="32" height="14"><img src="//dragonheaven.herokuapp.com/sprites/categories/Status.png" alt="Status" width="32" height="14"></span> <span class="col widelabelcol"><em>Accuracy</em><br>—</span> <span class="col pplabelcol"><em>PP</em><br>32</span> <span class="col movedesccol">User uses the target's last used move against it.</span> </li><li style="clear: both"></li></ul></div><div class="chat"><font size="1"><font color="#686868">Priority:</font> 0&nbsp;|  <font color="#686868">Gen:</font> 1&nbsp;|  ✗ Past Gens Only&nbsp;|  ✓ Bypasses Protect&nbsp;|  <font color="#686868">Z-Effect:</font>  Attack +2&nbsp;|  <font color="#686868">Target:</font> One Adjacent Pokémon&nbsp;|  <a href="https://dex.pokemonshowdown.com/tags/nonmirror" target="_blank" rel="noopener">Non-Mirrorable Moves</a></font></div><div class="spacer battle-history"><br></div><div class="battle-history">Battle started between Violettes and god of joe!<br></div><div class="spacer battle-history"><br></div><div class="battle-history">Go! Skyward (<strong>Endurow</strong>)!<br></div><div class="spacer battle-history"><br></div><div class="battle-history">god of joe sent out <strong>Playdol</strong>!<br></div><div class="chat"><ul class="utilichart"><li class="result"><span class="col pokemonnamecol" style="white-space: nowrap">Endurow</span> <span class="col typecol"><img src="https://dragonheaven.herokuapp.com/sprites/types/Flying.png" alt="Flying" height="14" width="32"></span> <span style="float: left ; min-height: 26px"><span class="col abilitycol">Stamina / Sniper</span><span class="col abilitycol"></span></span></li><li style="clear: both"></li></ul></div><div class="chat"><ul class="utilichart"><li class="result"><span style="float: left ; min-height: 26px"><span class="col statcol"><em>HP</em><br>82</span> <span class="col statcol"><em>Atk</em><br>110</span> <span class="col statcol"><em>Def</em><br>65</span> <span class="col statcol"><em>SpA</em><br>61</span> <span class="col statcol"><em>SpD</em><br>61</span> <span class="col statcol"><em>Spe</em><br>118</span> </span></li><li style="clear: both"></li></ul></div><div class="battle-history"><small>(Endurow was created by Violet!)</small><br></div><div class="chat"><ul class="utilichart"><li class="result"><span class="col pokemonnamecol" style="white-space: nowrap">Playdol</span> <span class="col typecol"><img src="https://dragonheaven.herokuapp.com/sprites/types/Normal.png" alt="Normal" height="14" width="32"><img src="https://dragonheaven.herokuapp.com/sprites/types/Ghost.png" alt="Ghost" height="14" width="32"></span> <span style="float: left ; min-height: 26px"><span class="col abilitycol">Telepathy / Anticipation</span><span class="col abilitycol"></span></span></li><li style="clear: both"></li></ul></div><div class="chat"><ul class="utilichart"><li class="result"><span style="float: left ; min-height: 26px"><span class="col statcol"><em>HP</em><br>60</span> <span class="col statcol"><em>Atk</em><br>85</span> <span class="col statcol"><em>Def</em><br>90</span> <span class="col statcol"><em>SpA</em><br>85</span> <span class="col statcol"><em>SpD</em><br>105</span> <span class="col statcol"><em>Spe</em><br>75</span> </span></li><li style="clear: both"></li></ul></div><div class="battle-history"><small>(Playdol was created by Violet!)</small><br></div><div class="spacer battle-history"><br></div><h2 class="battle-history">Turn 1</h2><div class="spacer battle-history"><br></div><div class="battle-history">Skyward used <strong>Brave Bird</strong>!<br></div><div class="battle-history"><small>(The opposing Playdol lost 77% of its health!)</small><br></div><div class="battle-history"><small>Skyward was damaged by the recoil!</small><br></div><div class="spacer battle-history"><br></div><div class="battle-history">The opposing Playdol used <strong>Stealth Rock</strong>!<br></div><div class="battle-history"><small>Pointed stones float in the air around your team!</small><br></div><div class="spacer battle-history"><br></div><div class="battle-history"><small>The opposing Playdol restored a little HP using its Leftovers!</small><br></div><div class="spacer battle-history"><br></div><h2 class="battle-history">Turn 2</h2><div class="spacer battle-history"><br></div><div class="battle-history">god of joe withdrew Playdol!<br></div><div class="battle-history">god of joe sent out <strong>Voltangent</strong>!<br></div><div class="chat"><ul class="utilichart"><li class="result"><span class="col pokemonnamecol" style="white-space: nowrap">Voltangent</span> <span class="col typecol"><img src="https://dragonheaven.herokuapp.com/sprites/types/Electric.png" alt="Electric" height="14" width="32"><img src="https://dragonheaven.herokuapp.com/sprites/types/Dragon.png" alt="Dragon" height="14" width="32"></span> <span style="float: left ; min-height: 26px"><span class="col abilitycol">Regenerator / Minus</span><span class="col abilitycol"></span></span></li><li style="clear: both"></li></ul></div><div class="chat"><ul class="utilichart"><li class="result"><span style="float: left ; min-height: 26px"><span class="col statcol"><em>HP</em><br>100</span> <span class="col statcol"><em>Atk</em><br>115</span> <span class="col statcol"><em>Def</em><br>85</span> <span class="col statcol"><em>SpA</em><br>75</span> <span class="col statcol"><em>SpD</em><br>90</span> <span class="col statcol"><em>Spe</em><br>45</span> </span></li><li style="clear: both"></li></ul></div><div class="battle-history"><small>(Voltangent was created by Paulluxx!)</small><br></div><div class="spacer battle-history"><br></div><div class="battle-history">Skyward used <strong>Mirror Move</strong>!<br></div><div class="battle-history"><small>But it failed!</small><br></div><div class="spacer battle-history"><br></div><h2 class="battle-history">Turn 3</h2><div class="spacer battle-history"><br></div><div class="battle-history">Skyward used <strong>Drill Run</strong>!<br></div><div class="battle-history"><small>It's super effective!</small><br></div><div class="battle-history"><small>A critical hit!</small><br></div><div class="battle-history"><small>(The opposing Voltangent lost 75% of its health!)</small><br></div><div class="spacer battle-history"><br></div><div class="battle-history">The opposing Voltangent used <strong>Reflect</strong>!<br></div><div class="battle-history"><small>Reflect made the opposing team stronger against physical moves!</small><br></div><div class="spacer battle-history"><br></div><h2 class="battle-history">Turn 4</h2><div class="spacer battle-history"><br></div><div class="battle-history">god of joe withdrew Voltangent!<br></div><div class="battle-history">god of joe sent out Dewgong (<strong>Dewgong-Variant</strong>)!<br></div><div class="chat"><ul class="utilichart"><li class="result"><span class="col pokemonnamecol" style="white-space: nowrap">Dewgong-Variant</span> <span class="col typecol"><img src="https://dragonheaven.herokuapp.com/sprites/types/Normal.png" alt="Normal" height="14" width="32"></span> <span style="float: left ; min-height: 26px"><span class="col abilitycol">Hydration / Adaptability / Thick Fat</span><span class="col abilitycol"></span></span></li><li style="clear: both"></li></ul></div><div class="chat"><ul class="utilichart"><li class="result"><span style="float: left ; min-height: 26px"><span class="col statcol"><em>HP</em><br>90</span> <span class="col statcol"><em>Atk</em><br>50</span> <span class="col statcol"><em>Def</em><br>80</span> <span class="col statcol"><em>SpA</em><br>110</span> <span class="col statcol"><em>SpD</em><br>95</span> <span class="col statcol"><em>Spe</em><br>50</span> </span></li><li style="clear: both"></li></ul></div><div class="battle-history"><small>(Dewgong-Variant was created by Magmajudis!)</small><br></div><div class="spacer battle-history"><br></div><div class="battle-history">Skyward used <strong>Drill Run</strong>!<br></div><div class="battle-history"><small>(The opposing Dewgong lost 13% of its health!)</small><br></div><div class="spacer battle-history"><br></div><div class="battle-history"><small>The opposing Dewgong restored a little HP using its Leftovers!</small><br></div><div class="spacer battle-history"><br></div><h2 class="battle-history">Turn 5</h2><div class="spacer battle-history"><br></div><div class="battle-history">Skyward, come back!<br></div><div class="battle-history">Go! Echoes (<strong>Bronzong</strong>)!<br></div><div class="battle-history"><small>Pointed stones dug into Echoes!</small><br></div><div class="spacer battle-history"><br></div><div class="battle-history">The opposing Dewgong used <strong>Stockpile</strong>!<br></div><div class="battle-history"><small>The opposing Dewgong stockpiled 1!</small><br></div><div class="battle-history"><small>The opposing Dewgong's Defense rose!</small><br></div><div class="battle-history"><small>The opposing Dewgong's Sp. Def rose!</small><br></div><div class="spacer battle-history"><br></div><div class="battle-history"><small>The opposing Dewgong restored a little HP using its Leftovers!</small><br></div><div class="battle-history"><small>Echoes restored a little HP using its Leftovers!</small><br></div><div class="spacer battle-history"><br></div><h2 class="battle-history">Turn 6</h2><div class="spacer battle-history"><br></div><div class="battle-history">The opposing Dewgong used <strong>Stockpile</strong>!<br></div><div class="battle-history"><small>The opposing Dewgong stockpiled 2!</small><br></div><div class="battle-history"><small>The opposing Dewgong's Defense rose!</small><br></div><div class="battle-history"><small>The opposing Dewgong's Sp. Def rose!</small><br></div><div class="spacer battle-history"><br></div><div class="battle-history">Echoes used <strong>Toxic</strong>!<br></div><div class="battle-history"><small>The opposing Dewgong was badly poisoned!</small><br></div><div class="spacer battle-history"><br></div><div class="battle-history"><small>The opposing Dewgong restored a little HP using its Leftovers!</small><br></div><div class="battle-history"><small>The opposing Dewgong was hurt by poison!</small><br></div><div class="spacer battle-history"><br></div><h2 class="battle-history">Turn 7</h2><div class="spacer battle-history"><br></div><div class="battle-history">The opposing Dewgong used <strong>Stockpile</strong>!<br></div><div class="battle-history"><small>The opposing Dewgong stockpiled 3!</small><br></div><div class="battle-history"><small>The opposing Dewgong's Defense rose!</small><br></div><div class="battle-history"><small>The opposing Dewgong's Sp. Def rose!</small><br></div><div class="spacer battle-history"><br></div><div class="battle-history">Echoes used <strong>Stealth Rock</strong>!<br></div><div class="battle-history"><small>Pointed stones float in the air around the opposing team!</small><br></div><div class="spacer battle-history"><br></div><div class="battle-history"><small>The opposing Dewgong restored a little HP using its Leftovers!</small><br></div><div class="battle-history"><small>The opposing Dewgong was hurt by poison!</small><br></div><div class="spacer battle-history"><br></div><h2 class="battle-history">Turn 8</h2><div class="spacer battle-history"><br></div><div class="battle-history">The opposing Dewgong used <strong>Echoed Voice</strong>!<br></div><div class="battle-history"><small>It's not very effective...</small><br></div><div class="battle-history"><small>(Echoes lost <abbr title="−30/338">8.9%</abbr> of its health!)</small><br></div><div class="spacer battle-history"><br></div><div class="battle-history">Echoes used <strong>Body Press</strong>!<br></div><div class="battle-history"><small>It's super effective!</small><br></div><div class="battle-history"><small>(The opposing Dewgong lost 11% of its health!)</small><br></div><div class="spacer battle-history"><br></div><div class="battle-history"><small>The opposing Dewgong restored a little HP using its Leftovers!</small><br></div><div class="battle-history"><small>Echoes restored a little HP using its Leftovers!</small><br></div><div class="battle-history"><small>The opposing Dewgong was hurt by poison!</small><br></div><div class="spacer battle-history"><br></div><h2 class="battle-history">Turn 9</h2><div class="spacer battle-history"><br></div><div class="battle-history">The opposing Dewgong used <strong>Echoed Voice</strong>!<br></div><div class="battle-history"><small>It's not very effective...</small><br></div><div class="battle-history"><small>(Echoes lost <abbr title="−61/338">18.0%</abbr> of its health!)</small><br></div><div class="spacer battle-history"><br></div><div class="battle-history">Echoes used <strong>Body Press</strong>!<br></div><div class="battle-history"><small>It's super effective!</small><br></div><div class="battle-history"><small>(The opposing Dewgong lost 11% of its health!)</small><br></div><div class="spacer battle-history"><br></div><div class="battle-history"><small>The opposing Dewgong restored a little HP using its Leftovers!</small><br></div><div class="battle-history"><small>Echoes restored a little HP using its Leftovers!</small><br></div><div class="battle-history"><small>The opposing Dewgong was hurt by poison!</small><br></div><div class="spacer battle-history"><br></div><h2 class="battle-history">Turn 10</h2><div class="spacer battle-history"><br></div><div class="battle-history">The opposing Dewgong used <strong>Echoed Voice</strong>!<br></div><div class="battle-history"><small>It's not very effective...</small><br></div><div class="battle-history"><small>(Echoes lost <abbr title="−89/338">26.3%</abbr> of its health!)</small><br></div><div class="spacer battle-history"><br></div><div class="battle-history">Echoes used <strong>Flash Cannon</strong>!<br></div><div class="battle-history"><small>(The opposing Dewgong lost 9% of its health!)</small><br></div><div class="spacer battle-history"><br></div><div class="battle-history"><small>The opposing Dewgong restored a little HP using its Leftovers!</small><br></div><div class="battle-history"><small>Echoes restored a little HP using its Leftovers!</small><br></div><div class="battle-history"><small>The opposing Dewgong was hurt by poison!</small><br></div><div class="spacer battle-history"><br></div><div class="battle-history">The opposing Dewgong fainted!<br></div><div class="battle-history"><small>The opposing team's Reflect wore off!</small><br></div><div class="spacer battle-history"><br></div><div class="battle-history">god of joe sent out Klefki (<strong>Klefki-Galar</strong>)!<br></div><div class="chat"><ul class="utilichart"><li class="result"><span class="col pokemonnamecol" style="white-space: nowrap">Klefki-Galar</span> <span class="col typecol"><img src="https://dragonheaven.herokuapp.com/sprites/types/Steel.png" alt="Steel" height="14" width="32"><img src="https://dragonheaven.herokuapp.com/sprites/types/Dark.png" alt="Dark" height="14" width="32"></span> <span style="float: left ; min-height: 26px"><span class="col abilitycol">Hunger Switch</span><span class="col abilitycol"></span></span></li><li style="clear: both"></li></ul></div><div class="chat"><ul class="utilichart"><li class="result"><span style="float: left ; min-height: 26px"><span class="col statcol"><em>HP</em><br>57</span> <span class="col statcol"><em>Atk</em><br>60</span> <span class="col statcol"><em>Def</em><br>106</span> <span class="col statcol"><em>SpA</em><br>70</span> <span class="col statcol"><em>SpD</em><br>87</span> <span class="col statcol"><em>Spe</em><br>90</span> </span></li><li style="clear: both"></li></ul></div><div class="battle-history"><small>(Klefki-Galar was created by Albatross!)</small><br></div><div class="battle-history"><small>Pointed stones dug into the opposing Klefki!</small><br></div><div class="spacer battle-history"><br></div><h2 class="battle-history">Turn 11</h2><div class="spacer battle-history"><br></div><div class="battle-history">The opposing Klefki used <strong>Protect</strong>!<br></div><div class="battle-history"><small>The opposing Klefki protected itself!</small><br></div><div class="spacer battle-history"><br></div><div class="battle-history">Echoes used <strong>Body Press</strong>!<br></div><div class="battle-history"><small>The opposing Klefki protected itself!</small><br></div><div class="spacer battle-history"><br></div><div class="battle-history"><small>The opposing Klefki restored a little HP using its Leftovers!</small><br></div><div class="battle-history"><small>Echoes restored a little HP using its Leftovers!</small><br></div><div class="battle-history">[The opposing Klefki's Hunger Switch]<br></div><div class="battle-history"><small>Klefki changed to Revealed Mode!</small><br></div><div class="chat"><ul class="utilichart"><li class="result"><span class="col pokemonnamecol" style="white-space: nowrap">Klefki-Galar-Revealed</span> <span class="col typecol"><img src="https://dragonheaven.herokuapp.com/sprites/types/Fairy.png" alt="Fairy" height="14" width="32"><img src="https://dragonheaven.herokuapp.com/sprites/types/Dark.png" alt="Dark" height="14" width="32"></span> <span style="float: left ; min-height: 26px"><span class="col abilitycol">Hunger Switch</span><span class="col abilitycol"></span></span><span style="float: left ; min-height: 26px"><span class="col statcol"><em>HP</em><br>57</span> <span class="col statcol"><em>Atk</em><br>116</span> <span class="col statcol"><em>Def</em><br>50</span> <span class="col statcol"><em>SpA</em><br>70</span> <span class="col statcol"><em>SpD</em><br>87</span> <span class="col statcol"><em>Spe</em><br>90</span> </span></li><li style="clear: both"></li></ul></div><div class="spacer battle-history"><br></div><h2 class="battle-history">Turn 12</h2><div class="spacer battle-history"><br></div><div class="battle-history">The opposing Klefki used <strong>Knock Off</strong>!<br></div><div class="battle-history"><small>It's super effective!</small><br></div><div class="battle-history"><small>(Echoes lost <abbr title="−182/338">53.8%</abbr> of its health!)</small><br></div><div class="battle-history"><small>The opposing Klefki knocked off Echoes's Leftovers!</small><br></div><div class="spacer battle-history"><br></div><div class="battle-history">Echoes used <strong>Flash Cannon</strong>!<br></div><div class="battle-history"><small>It's super effective!</small><br></div><div class="battle-history"><small>(The opposing Klefki lost 55% of its health!)</small><br></div><div class="spacer battle-history"><br></div><div class="battle-history"><small>The opposing Klefki restored a little HP using its Leftovers!</small><br></div><div class="battle-history">[The opposing Klefki's Hunger Switch]<br></div><div class="battle-history"><small>Klefki changed to Lure Mode!</small><br></div><div class="spacer battle-history"><br></div><h2 class="battle-history">Turn 13</h2><div class="spacer battle-history"><br></div><div class="battle-history">Echoes, come back!<br></div><div class="battle-history">Go! Skyward (<strong>Endurow</strong>)!<br></div><div class="spacer battle-history"><br></div><div class="battle-history">The opposing Klefki used <strong>Knock Off</strong>!<br></div><div class="battle-history"><small>A critical hit!</small><br></div><div class="battle-history"><small>(Skyward lost <abbr title="−168/305">55.1%</abbr> of its health!)</small><br></div><div class="battle-history">[Skyward's Stamina]<br></div><div class="battle-history"><small>Skyward's Defense rose!</small><br></div><div class="battle-history"><small>The opposing Klefki knocked off Skyward's Heavy-Duty Boots!</small><br></div><div class="spacer battle-history"><br></div><div class="battle-history"><small>The opposing Klefki restored a little HP using its Leftovers!</small><br></div><div class="battle-history">[The opposing Klefki's Hunger Switch]<br></div><div class="battle-history"><small>Klefki changed to Revealed Mode!</small><br></div><div class="spacer battle-history"><br></div><h2 class="battle-history">Turn 14</h2><div class="spacer battle-history"><br></div><div class="battle-history">Skyward used <strong>Roost</strong>!<br></div><div class="battle-history"><small>Skyward had its HP restored.</small><br></div><div class="battle-history"><small>(Skyward loses Flying type this turn.)</small><br></div><div class="spacer battle-history"><br></div><div class="battle-history">The opposing Klefki used <strong>Play Rough</strong>!<br></div><div class="battle-history"><small>(Skyward lost <abbr title="−112/305">36.7%</abbr> of its health!)</small><br></div><div class="battle-history">[Skyward's Stamina]<br></div><div class="battle-history"><small>Skyward's Defense rose!</small><br></div><div class="spacer battle-history"><br></div><div class="battle-history"><small>The opposing Klefki restored a little HP using its Leftovers!</small><br></div><div class="battle-history">[The opposing Klefki's Hunger Switch]<br></div><div class="battle-history"><small>Klefki changed to Lure Mode!</small><br></div><div class="spacer battle-history"><br></div><h2 class="battle-history">Turn 15</h2><div class="spacer battle-history"><br></div><div class="battle-history">god of joe withdrew Klefki!<br></div><div class="battle-history">god of joe sent out <strong>Playdol</strong>!<br></div><div class="battle-history"><small>Pointed stones dug into the opposing Playdol!</small><br></div><div class="spacer battle-history"><br></div><div class="battle-history">Skyward used <strong>Roost</strong>!<br></div><div class="battle-history"><small>Skyward had its HP restored.</small><br></div><div class="battle-history"><small>(Skyward loses Flying type this turn.)</small><br></div><div class="spacer battle-history"><br></div><div class="battle-history"><small>The opposing Playdol restored a little HP using its Leftovers!</small><br></div><div class="spacer battle-history"><br></div><h2 class="battle-history">Turn 16</h2><div class="spacer battle-history"><br></div><div class="battle-history">Skyward used <strong>Drill Run</strong>!<br></div><div class="battle-history"><small>(The opposing Playdol lost 23% of its health!)</small><br></div><div class="spacer battle-history"><br></div><div class="battle-history">The opposing Playdol fainted!<br></div><div class="spacer battle-history"><br></div><div class="battle-history">god of joe sent out <strong>Michu</strong>!<br></div><div class="chat"><ul class="utilichart"><li class="result"><span class="col pokemonnamecol" style="white-space: nowrap">Michu</span> <span class="col typecol"><img src="https://dragonheaven.herokuapp.com/sprites/types/Normal.png" alt="Normal" height="14" width="32"><img src="https://dragonheaven.herokuapp.com/sprites/types/Fairy.png" alt="Fairy" height="14" width="32"></span> <span style="float: left ; min-height: 26px"><span class="col abilitycol">Rattled</span><span class="col abilitycol"></span></span></li><li style="clear: both"></li></ul></div><div class="chat"><ul class="utilichart"><li class="result"><span style="float: left ; min-height: 26px"><span class="col statcol"><em>HP</em><br>35</span> <span class="col statcol"><em>Atk</em><br>80</span> <span class="col statcol"><em>Def</em><br>60</span> <span class="col statcol"><em>SpA</em><br>30</span> <span class="col statcol"><em>SpD</em><br>95</span> <span class="col statcol"><em>Spe</em><br>101</span> </span></li><li style="clear: both"></li></ul></div><div class="battle-history"><small>(Michu was created by Hematite!)</small><br></div><div class="battle-history"><small>Pointed stones dug into the opposing Michu!</small><br></div><div class="spacer battle-history"><br></div><h2 class="battle-history">Turn 17</h2><div class="spacer battle-history"><br></div><div class="battle-history">Skyward, come back!<br></div><div class="battle-history">Go! Kupua (<strong>Ludicolo-Ultra</strong>)!<br></div><div class="chat"><ul class="utilichart"><li class="result"><span class="col pokemonnamecol" style="white-space: nowrap">Ludicolo-Ultra</span> <span class="col typecol"><img src="https://dragonheaven.herokuapp.com/sprites/types/Fire.png" alt="Fire" height="14" width="32"><img src="https://dragonheaven.herokuapp.com/sprites/types/Grass.png" alt="Grass" height="14" width="32"></span> <span style="float: left ; min-height: 26px"><span class="col abilitycol">Lava Flow / Vital Spirit / Beast Boost</span><span class="col abilitycol"></span></span></li><li style="clear: both"></li></ul></div><div class="chat"><ul class="utilichart"><li class="result"><span style="float: left ; min-height: 26px"><span class="col statcol"><em>HP</em><br>79</span> <span class="col statcol"><em>Atk</em><br>71</span> <span class="col statcol"><em>Def</em><br>53</span> <span class="col statcol"><em>SpA</em><br>107</span> <span class="col statcol"><em>SpD</em><br>97</span> <span class="col statcol"><em>Spe</em><br>73</span> </span></li><li style="clear: both"></li></ul></div><div class="battle-history"><small>(Ludicolo-Ultra was created by Violet!)</small><br></div><div class="spacer battle-history"><br></div><div class="battle-history">The opposing Michu used <strong>Will-O-Wisp</strong>!<br></div><div class="battle-history"><small>It doesn't affect Kupua...</small><br></div><div class="spacer battle-history"><br></div><h2 class="battle-history">Turn 18</h2><div class="spacer battle-history"><br></div><div class="battle-history">The opposing Michu used <strong>Swords Dance</strong>!<br></div><div class="battle-history"><small>The opposing Michu's Attack rose sharply!</small><br></div><div class="spacer battle-history"><br></div><div class="battle-history">Kupua used <strong>Will-O-Wisp</strong>!<br></div><div class="battle-history"><small>The opposing Michu avoided the attack!</small><br></div><div class="spacer battle-history"><br></div><h2 class="battle-history">Turn 19</h2><div class="spacer battle-history"><br></div><div class="battle-history">The opposing Michu used <strong>Play Rough</strong>!<br></div><div class="battle-history"><small>It's not very effective...</small><br></div><div class="battle-history"><small>(Kupua lost <abbr title="−178/299">59.5%</abbr> of its health!)</small><br></div><div class="spacer battle-history"><br></div><div class="battle-history">Kupua used <strong>Will-O-Wisp</strong>!<br></div><div class="battle-history"><small>The opposing Michu was burned!</small><br></div><div class="spacer battle-history"><br></div><div class="battle-history"><small>The opposing Michu was hurt by its burn!</small><br></div><div class="spacer battle-history"><br></div><h2 class="battle-history">Turn 20</h2><div class="spacer battle-history"><br></div><div class="battle-history">The opposing Michu used <strong>Swords Dance</strong>!<br></div><div class="battle-history"><small>The opposing Michu's Attack rose sharply!</small><br></div><div class="spacer battle-history"><br></div><div class="battle-history">Kupua used <strong>Fiery Dance</strong>!<br></div><div class="battle-history"><small>(The opposing Michu lost 37% of its health!)</small><br></div><div class="spacer battle-history"><br></div><div class="battle-history"><small>The opposing Michu was hurt by its burn!</small><br></div><div class="spacer battle-history"><br></div><h2 class="battle-history">Turn 21</h2><div class="spacer battle-history"><br></div><div class="battle-history">The opposing Michu used <strong>Play Rough</strong>!<br></div><div class="battle-history"><small>It's not very effective...</small><br></div><div class="battle-history"><small>(Kupua lost <abbr title="−121/299">40.5%</abbr> of its health!)</small><br></div><div class="spacer battle-history"><br></div><div class="battle-history">Kupua fainted!<br></div><div class="spacer battle-history"><br></div><div class="battle-history"><small>The opposing Michu was hurt by its burn!</small><br></div><div class="spacer battle-history"><br></div><div class="battle-history">Go! Skyward (<strong>Endurow</strong>)!<br></div><div class="battle-history"><small>Pointed stones dug into Skyward!</small><br></div><div class="spacer battle-history"><br></div><h2 class="battle-history">Turn 22</h2><div class="spacer battle-history"><br></div><div class="battle-history">Skyward used <strong>Mirror Move</strong>!<br></div><div class="spacer battle-history"><br></div><div class="battle-history">Skyward used <strong>Play Rough</strong>!<br></div><div class="battle-history"><small>(The opposing Michu lost 33% of its health!)</small><br></div><div class="spacer battle-history"><br></div><div class="battle-history">The opposing Michu fainted!<br></div><div class="spacer battle-history"><br></div><div class="battle-history">god of joe sent out Klefki (<strong>Klefki-Galar</strong>)!<br></div><div class="battle-history"><small>Pointed stones dug into the opposing Klefki!</small><br></div><div class="spacer battle-history"><br></div><h2 class="battle-history">Turn 23</h2><div class="spacer battle-history"><br></div><div class="battle-history">Skyward used <strong>Drill Run</strong>!<br></div><div class="battle-history"><small>It's super effective!</small><br></div><div class="battle-history"><small>(The opposing Klefki lost 50% of its health!)</small><br></div><div class="spacer battle-history"><br></div><div class="battle-history">The opposing Klefki used <strong>Knock Off</strong>!<br></div><div class="battle-history"><small>(Skyward lost <abbr title="−73/305">23.9%</abbr> of its health!)</small><br></div><div class="battle-history">[Skyward's Stamina]<br></div><div class="battle-history"><small>Skyward's Defense rose!</small><br></div><div class="spacer battle-history"><br></div><div class="battle-history"><small>The opposing Klefki restored a little HP using its Leftovers!</small><br></div><div class="battle-history">[The opposing Klefki's Hunger Switch]<br></div><div class="battle-history"><small>Klefki changed to Revealed Mode!</small><br></div><div class="spacer battle-history"><br></div><h2 class="battle-history">Turn 24</h2><div class="spacer battle-history"><br></div><div class="battle-history">Skyward used <strong>Roost</strong>!<br></div><div class="battle-history"><small>Skyward had its HP restored.</small><br></div><div class="battle-history"><small>(Skyward loses Flying type this turn.)</small><br></div><div class="spacer battle-history"><br></div><div class="battle-history">The opposing Klefki used <strong>Play Rough</strong>!<br></div><div class="battle-history"><small>(Skyward lost <abbr title="−109/305">35.7%</abbr> of its health!)</small><br></div><div class="battle-history"><small>Skyward's Attack fell!</small><br></div><div class="battle-history">[Skyward's Stamina]<br></div><div class="battle-history"><small>Skyward's Defense rose!</small><br></div><div class="spacer battle-history"><br></div><div class="battle-history"><small>The opposing Klefki restored a little HP using its Leftovers!</small><br></div><div class="battle-history">[The opposing Klefki's Hunger Switch]<br></div><div class="battle-history"><small>Klefki changed to Lure Mode!</small><br></div><div class="spacer battle-history"><br></div><h2 class="battle-history">Turn 25</h2><div class="spacer battle-history"><br></div><div class="battle-history">Skyward used <strong>Roost</strong>!<br></div><div class="battle-history"><small>Skyward had its HP restored.</small><br></div><div class="battle-history"><small>(Skyward loses Flying type this turn.)</small><br></div><div class="spacer battle-history"><br></div><div class="battle-history">The opposing Klefki used <strong>Swords Dance</strong>!<br></div><div class="battle-history"><small>The opposing Klefki's Attack rose sharply!</small><br></div><div class="spacer battle-history"><br></div><div class="battle-history"><small>The opposing Klefki restored a little HP using its Leftovers!</small><br></div><div class="battle-history">[The opposing Klefki's Hunger Switch]<br></div><div class="battle-history"><small>Klefki changed to Revealed Mode!</small><br></div><div class="spacer battle-history"><br></div><h2 class="battle-history">Turn 26</h2><div class="spacer battle-history"><br></div><div class="battle-history">The opposing Klefki used <strong>Protect</strong>!<br></div><div class="battle-history"><small>The opposing Klefki protected itself!</small><br></div><div class="spacer battle-history"><br></div><div class="battle-history">Skyward used <strong>Drill Run</strong>!<br></div><div class="battle-history"><small>The opposing Klefki protected itself!</small><br></div><div class="spacer battle-history"><br></div><div class="battle-history"><small>The opposing Klefki restored a little HP using its Leftovers!</small><br></div><div class="battle-history">[The opposing Klefki's Hunger Switch]<br></div><div class="battle-history"><small>Klefki changed to Lure Mode!</small><br></div><div class="spacer battle-history"><br></div><h2 class="battle-history">Turn 27</h2><div class="spacer battle-history"><br></div><div class="battle-history">The opposing Klefki used <strong>Protect</strong>!<br></div><div class="battle-history"><small>But it failed!</small><br></div><div class="spacer battle-history"><br></div><div class="battle-history">Skyward used <strong>Drill Run</strong>!<br></div><div class="battle-history"><small>It's super effective!</small><br></div><div class="battle-history"><small>(The opposing Klefki lost 31% of its health!)</small><br></div><div class="spacer battle-history"><br></div><div class="battle-history">The opposing Klefki fainted!<br></div><div class="spacer battle-history"><br></div><div class="battle-history">god of joe sent out <strong>Voltangent</strong>!<br></div><div class="battle-history"><small>Pointed stones dug into the opposing Voltangent!</small><br></div><div class="spacer battle-history"><br></div><h2 class="battle-history">Turn 28</h2><div class="spacer battle-history"><br></div><div class="battle-history">Skyward used <strong>Drill Run</strong>!<br></div><div class="battle-history"><small>It's super effective!</small><br></div><div class="battle-history"><small>(The opposing Voltangent lost 35% of its health!)</small><br></div><div class="spacer battle-history"><br></div><div class="battle-history">The opposing Voltangent used <strong>Reflect</strong>!<br></div><div class="battle-history"><small>Reflect made the opposing team stronger against physical moves!</small><br></div><div class="spacer battle-history"><br></div><h2 class="battle-history">Turn 29</h2><div class="spacer battle-history"><br></div><div class="battle-history">Skyward used <strong>Drill Run</strong>!<br></div><div class="battle-history"><small>It's super effective!</small><br></div><div class="battle-history"><small>(The opposing Voltangent lost 11% of its health!)</small><br></div><div class="spacer battle-history"><br></div><div class="battle-history">The opposing Voltangent fainted!<br></div><div class="spacer battle-history"><br></div><div class="battle-history">god of joe sent out <strong>Gallade</strong>!<br></div><div class="battle-history"><small>Pointed stones dug into the opposing Gallade!</small><br></div><div class="spacer battle-history"><br></div><h2 class="battle-history">Turn 30</h2><div class="spacer battle-history"><br></div><div class="battle-history">Skyward used <strong>Brave Bird</strong>!<br></div><div class="battle-history"><small>It's super effective!</small><br></div><div class="battle-history"><small>(The opposing Gallade lost 64% of its health!)</small><br></div><div class="battle-history"><small>Skyward was damaged by the recoil!</small><br></div><div class="spacer battle-history"><br></div><div class="battle-history">The opposing Gallade used <strong>Swords Dance</strong>!<br></div><div class="battle-history"><small>The opposing Gallade's Attack rose sharply!</small><br></div><div class="spacer battle-history"><br></div><h2 class="battle-history">Turn 31</h2><div class="spacer battle-history"><br></div><div class="battle-history">Skyward used <strong>Brave Bird</strong>!<br></div><div class="battle-history"><small>It's super effective!</small><br></div><div class="battle-history"><small>(The opposing Gallade lost 30% of its health!)</small><br></div><div class="battle-history"><small>Skyward was damaged by the recoil!</small><br></div><div class="spacer battle-history"><br></div><div class="battle-history">The opposing Gallade fainted!<br></div><div class="spacer battle-history"><br></div><div class="battle-history"><strong>Violettes</strong> won the battle!<br></div><div class="chat"><small>☆god of joe left</small></div></div><div class="inner-preempt message-log"></div></div></div>
</div>
<script>
let daily = Math.floor(Date.now()/1000/60/60/24);document.write('<script src="https://dragonheaven.herokuapp.com/js/replay-embed.js?version'+daily+'"></'+'script>');
</script>
