<!DOCTYPE html>
<meta charset="utf-8" />
<!-- version 1 -->
<title>[Gen 8] Evolution Project replay: inkbug1 vs. H2OPulse</title>
<style>
html,body {font-family:Verdana, sans-serif;font-size:10pt;margin:0;padding:0;}body{padding:12px 0;} .battle-log {font-family:Verdana, sans-serif;font-size:10pt;} .battle-log-inline {border:1px solid #AAAAAA;background:#EEF2F5;color:black;max-width:640px;margin:0 auto 80px;padding-bottom:5px;} .battle-log .inner {padding:4px 8px 0px 8px;} .battle-log .inner-preempt {padding:0 8px 4px 8px;} .battle-log .inner-after {margin-top:0.5em;} .battle-log h2 {margin:0.5em -8px;padding:4px 8px;border:1px solid #AAAAAA;background:#E0E7EA;border-left:0;border-right:0;font-family:Verdana, sans-serif;font-size:13pt;} .battle-log .chat {vertical-align:middle;padding:3px 0 3px 0;font-size:8pt;} .battle-log .chat strong {color:#40576A;} .battle-log .chat em {padding:1px 4px 1px 3px;color:#000000;font-style:normal;} .chat.mine {background:rgba(0,0,0,0.05);margin-left:-8px;margin-right:-8px;padding-left:8px;padding-right:8px;} .spoiler {color:#BBBBBB;background:#BBBBBB;padding:0px 3px;} .spoiler:hover, .spoiler:active, .spoiler-shown {color:#000000;background:#E2E2E2;padding:0px 3px;} .spoiler a {color:#BBBBBB;} .spoiler:hover a, .spoiler:active a, .spoiler-shown a {color:#2288CC;} .chat code, .chat .spoiler:hover code, .chat .spoiler:active code, .chat .spoiler-shown code {border:1px solid #C0C0C0;background:#EEEEEE;color:black;padding:0 2px;} .chat .spoiler code {border:1px solid #CCCCCC;background:#CCCCCC;color:#CCCCCC;} .battle-log .rated {padding:3px 4px;} .battle-log .rated strong {color:white;background:#89A;padding:1px 4px;border-radius:4px;} .spacer {margin-top:0.5em;} .message-announce {background:#6688AA;color:white;padding:1px 4px 2px;} .message-announce a, .broadcast-green a, .broadcast-blue a, .broadcast-red a {color:#DDEEFF;} .broadcast-green {background-color:#559955;color:white;padding:2px 4px;} .broadcast-blue {background-color:#6688AA;color:white;padding:2px 4px;} .infobox {border:1px solid #6688AA;padding:2px 4px;} .infobox-limited {max-height:200px;overflow:auto;overflow-x:hidden;} .broadcast-red {background-color:#AA5544;color:white;padding:2px 4px;} .message-learn-canlearn {font-weight:bold;color:#228822;text-decoration:underline;} .message-learn-cannotlearn {font-weight:bold;color:#CC2222;text-decoration:underline;} .message-effect-weak {font-weight:bold;color:#CC2222;} .message-effect-resist {font-weight:bold;color:#6688AA;} .message-effect-immune {font-weight:bold;color:#666666;} .message-learn-list {margin-top:0;margin-bottom:0;} .message-throttle-notice, .message-error {color:#992222;} .message-overflow, .chat small.message-overflow {font-size:0pt;} .message-overflow::before {font-size:9pt;content:'...';} .subtle {color:#3A4A66;}
</style>
<div class="wrapper replay-wrapper" style="max-width:1180px;margin:0 auto">
<input type="hidden" name="replayid" value="dragonheaven-gen8evolutionproject-49" />
<div class="battle"></div><div class="battle-log"></div><div class="replay-controls"></div><div class="replay-controls-2"></div>
<h1 style="font-weight:normal;text-align:center"><strong>[Gen 8] Evolution Project</strong><br /><a href="http://pokemonshowdown.com/users/inkbug1" class="subtle" target="_blank">inkbug1</a> vs. <a href="http://pokemonshowdown.com/users/h2opulse" class="subtle" target="_blank">H2OPulse</a></h1>
<script type="text/plain" class="battle-log-data">|j|☆inkbug1

|j|☆H2OPulse
|t:|1657690917
|player|p1|inkbug1|emmet|
|player|p2|H2OPulse|aetherfoundation|
|teamsize|p1|6
|teamsize|p2|6
|gametype|singles
|gen|8
|tier|[Gen 8] Evolution Project
|clearpoke
|poke|p1|Aleon, M|
|poke|p1|Gigalith-Kalos, F|
|poke|p1|Tsareena, F|
|poke|p1|Naganadel-Terrestrial, M|
|poke|p1|Tenoris, F|
|poke|p1|Drifblim-Variant, M|
|poke|p2|Orbeetle-Variant, M|
|poke|p2|Shiinotic-Kalos, F|
|poke|p2|Polteageist-Cold-Brew, F|
|poke|p2|Vaporeon, F|
|poke|p2|Noivern-Variant, M|
|poke|p2|Resurrectric, M|
|rule|HP Percentage Mod: HP is shown in percentages
|rule|Endless Battle Clause: Forcing endless battles is banned
|rule|OHKO Clause: OHKO moves are banned
|rule|Evasion Moves Clause: Evasion moves are banned
|rule|Species Clause: Limit one of each Pokémon
|rule|Dynamax Clause: You cannot dynamax
|rule|Sleep Clause Mod: Limit one foe put to sleep
|rule|Z-Move Clause: Type-based Z-Moves are banned
|teampreview
|c|☆H2OPulse|Ooo good luck and have fun O:
|c|☆inkbug1|okay, ive made this one SUBSTANTIALLY worse 
|c|☆inkbug1|itll be ghreat
|c|☆inkbug1|glhf
|c|☆H2OPulse|H y p e
|c|☆inkbug1|one of these might actually be a REALLY funny brain wave i didnt even fucking __realize__ how funny that comvination is and __i made it exist in the first place-__
|c|☆H2OPulse|:eyes:
|
|t:|1657691005
|start
|switch|p1a: Carpenter|Naganadel-Terrestrial, M|287\/287
|switch|p2a: Froelichia|Orbeetle-Variant, M|100\/100
|-start|p2a: Froelichia|typechange|Bug\/Electric|[silent]
|raw|<ul class="utilichart"><li class="result"><span class="col pokemonnamecol" style="white-space: nowrap">Orbeetle-Variant<\/span> <span class="col typecol"><img src="https:\/\/dragonheaven.herokuapp.com\/sprites\/types\/Bug.png" alt="Bug" height="14" width="32"><img src="https:\/\/dragonheaven.herokuapp.com\/sprites\/types\/Electric.png" alt="Electric" height="14" width="32"><\/span> <span style="float: left ; min-height: 26px"><span class="col abilitycol">Swarm \/ Frisk \/ Cotton Down<\/span><span class="col abilitycol"><\/span><\/span><\/li><li style="clear: both"><\/li><\/ul>
|raw|<ul class="utilichart"><li class="result"><span style="float: left ; min-height: 26px"><span class="col statcol"><em>HP<\/em><br>60<\/span> <span class="col statcol"><em>Atk<\/em><br>45<\/span> <span class="col statcol"><em>Def<\/em><br>110<\/span> <span class="col statcol"><em>SpA<\/em><br>120<\/span> <span class="col statcol"><em>SpD<\/em><br>80<\/span> <span class="col statcol"><em>Spe<\/em><br>90<\/span> <\/span><\/li><li style="clear: both"><\/li><\/ul>
|-hint|Orbeetle-Variant was created by Magmajudis!
|-item|p1a: Carpenter|Heavy-Duty Boots|[from] ability: Frisk|[of] p2a: Froelichia|[identify]
|-start|p1a: Carpenter|typechange|Bug\/Dragon|[silent]
|raw|<ul class="utilichart"><li class="result"><span class="col pokemonnamecol" style="white-space: nowrap">Naganadel-Terrestrial<\/span> <span class="col typecol"><img src="https:\/\/dragonheaven.herokuapp.com\/sprites\/types\/Bug.png" alt="Bug" height="14" width="32"><img src="https:\/\/dragonheaven.herokuapp.com\/sprites\/types\/Dragon.png" alt="Dragon" height="14" width="32"><\/span> <span style="float: left ; min-height: 26px"><span class="col abilitycol">Regenerator \/ Beast Boost<\/span><span class="col abilitycol"><\/span><\/span><\/li><li style="clear: both"><\/li><\/ul>
|raw|<ul class="utilichart"><li class="result"><span style="float: left ; min-height: 26px"><span class="col statcol"><em>HP<\/em><br>73<\/span> <span class="col statcol"><em>Atk<\/em><br>127<\/span> <span class="col statcol"><em>Def<\/em><br>73<\/span> <span class="col statcol"><em>SpA<\/em><br>127<\/span> <span class="col statcol"><em>SpD<\/em><br>73<\/span> <span class="col statcol"><em>Spe<\/em><br>67<\/span> <\/span><\/li><li style="clear: both"><\/li><\/ul>
|-hint|Naganadel-Terrestrial was created by KeroseneZanchu!
|turn|1
|
|t:|1657691014
|move|p2a: Froelichia|Sticky Web|p1a: Carpenter
|-sidestart|p1: inkbug1|move: Sticky Web
|move|p1a: Carpenter|Leech Life|p2a: Froelichia
|-damage|p2a: Froelichia|57\/100
|
|upkeep
|turn|2
|
|t:|1657691025
|move|p2a: Froelichia|U-turn|p1a: Carpenter
|-damage|p1a: Carpenter|236\/287
|
|t:|1657691032
|switch|p2a: Zantedeschia|Resurrectric, M|100\/100|[from]move: U-turn
|-start|p2a: Zantedeschia|typechange|Ground\/Electric|[silent]
|raw|<ul class="utilichart"><li class="result"><span class="col pokemonnamecol" style="white-space: nowrap">Resurrectric<\/span> <span class="col typecol"><img src="https:\/\/dragonheaven.herokuapp.com\/sprites\/types\/Ground.png" alt="Ground" height="14" width="32"><img src="https:\/\/dragonheaven.herokuapp.com\/sprites\/types\/Electric.png" alt="Electric" height="14" width="32"><\/span> <span style="float: left ; min-height: 26px"><span class="col abilitycol">Inner Focus \/ Lightning Rod \/ Battle Armor<\/span><span class="col abilitycol"><\/span><\/span><\/li><li style="clear: both"><\/li><\/ul>
|raw|<ul class="utilichart"><li class="result"><span style="float: left ; min-height: 26px"><span class="col statcol"><em>HP<\/em><br>80<\/span> <span class="col statcol"><em>Atk<\/em><br>60<\/span> <span class="col statcol"><em>Def<\/em><br>130<\/span> <span class="col statcol"><em>SpA<\/em><br>125<\/span> <span class="col statcol"><em>SpD<\/em><br>80<\/span> <span class="col statcol"><em>Spe<\/em><br>45<\/span> <\/span><\/li><li style="clear: both"><\/li><\/ul>
|-hint|Resurrectric was created by Hematite!
|move|p1a: Carpenter|U-turn|p2a: Zantedeschia
|-damage|p2a: Zantedeschia|72\/100
|c|☆inkbug1|hmmm that probably wont be enough 
|c|☆inkbug1|mk
|
|t:|1657691081
|switch|p1a: Eloise|Tsareena, F|348\/348
|-activate|p1a: Eloise|move: Sticky Web
|-unboost|p1a: Eloise|spe|1
|
|upkeep
|turn|3
|
|t:|1657691089
|move|p2a: Zantedeschia|Ice Beam|p1a: Eloise
|-supereffective|p1a: Eloise
|-damage|p1a: Eloise|202\/348
|move|p1a: Eloise|Rapid Spin|p2a: Zantedeschia
|-damage|p2a: Zantedeschia|57\/100
|-boost|p1a: Eloise|spe|1
|-sideend|p1: inkbug1|Sticky Web|[from] move: Rapid Spin|[of] p1a: Eloise
|
|upkeep
|turn|4
|
|t:|1657691105
|switch|p2a: Froelichia|Orbeetle-Variant, M|57\/100
|-start|p2a: Froelichia|typechange|Bug\/Electric|[silent]
|-item|p1a: Eloise|Assault Vest|[from] ability: Frisk|[of] p2a: Froelichia|[identify]
|move|p1a: Eloise|Knock Off|p2a: Froelichia
|-damage|p2a: Froelichia|26\/100
|-enditem|p2a: Froelichia|Heavy-Duty Boots|[from] move: Knock Off|[of] p1a: Eloise
|
|upkeep
|turn|5
|
|t:|1657691122
|switch|p1a: Sable|Gigalith-Kalos, F|374\/374
|-start|p1a: Sable|typechange|Rock\/Electric|[silent]
|raw|<ul class="utilichart"><li class="result"><span class="col pokemonnamecol" style="white-space: nowrap">Gigalith-Kalos<\/span> <span class="col typecol"><img src="https:\/\/dragonheaven.herokuapp.com\/sprites\/types\/Rock.png" alt="Rock" height="14" width="32"><img src="https:\/\/dragonheaven.herokuapp.com\/sprites\/types\/Electric.png" alt="Electric" height="14" width="32"><\/span> <span style="float: left ; min-height: 26px"><span class="col abilitycol">Sturdy \/ Drought \/ Solar Power<\/span><span class="col abilitycol"><\/span><\/span><\/li><li style="clear: both"><\/li><\/ul>
|raw|<ul class="utilichart"><li class="result"><span style="float: left ; min-height: 26px"><span class="col statcol"><em>HP<\/em><br>85<\/span> <span class="col statcol"><em>Atk<\/em><br>60<\/span> <span class="col statcol"><em>Def<\/em><br>130<\/span> <span class="col statcol"><em>SpA<\/em><br>135<\/span> <span class="col statcol"><em>SpD<\/em><br>80<\/span> <span class="col statcol"><em>Spe<\/em><br>25<\/span> <\/span><\/li><li style="clear: both"><\/li><\/ul>
|-hint|Gigalith-Kalos was created by Violet!
|-weather|SunnyDay|[from] ability: Drought|[of] p1a: Sable
|move|p2a: Froelichia|Recover|p2a: Froelichia
|-heal|p2a: Froelichia|76\/100
|
|-weather|SunnyDay|[upkeep]
|upkeep
|turn|6
|
|t:|1657691143
|move|p2a: Froelichia|U-turn|p1a: Sable
|-damage|p1a: Sable|341\/374
|
|t:|1657691146
|switch|p2a: Mango|Noivern-Variant, M|100\/100|[from]move: U-turn
|-start|p2a: Mango|typechange|Fighting\/Dragon|[silent]
|raw|<ul class="utilichart"><li class="result"><span class="col pokemonnamecol" style="white-space: nowrap">Noivern-Variant<\/span> <span class="col typecol"><img src="https:\/\/dragonheaven.herokuapp.com\/sprites\/types\/Fighting.png" alt="Fighting" height="14" width="32"><img src="https:\/\/dragonheaven.herokuapp.com\/sprites\/types\/Dragon.png" alt="Dragon" height="14" width="32"><\/span> <span style="float: left ; min-height: 26px"><span class="col abilitycol">Levitate<\/span><span class="col abilitycol"><\/span><\/span><\/li><li style="clear: both"><\/li><\/ul>
|raw|<ul class="utilichart"><li class="result"><span style="float: left ; min-height: 26px"><span class="col statcol"><em>HP<\/em><br>95<\/span> <span class="col statcol"><em>Atk<\/em><br>70<\/span> <span class="col statcol"><em>Def<\/em><br>80<\/span> <span class="col statcol"><em>SpA<\/em><br>97<\/span> <span class="col statcol"><em>SpD<\/em><br>80<\/span> <span class="col statcol"><em>Spe<\/em><br>113<\/span> <\/span><\/li><li style="clear: both"><\/li><\/ul>
|-hint|Noivern-Variant was created by Hematite!
|move|p1a: Sable|Solar Beam||[still]
|-prepare|p1a: Sable|Solar Beam
|-anim|p1a: Sable|Solar Beam|p2a: Mango
|-resisted|p2a: Mango
|-damage|p2a: Mango|69\/100
|
|-weather|SunnyDay|[upkeep]
|upkeep
|turn|7
|
|t:|1657691162
|switch|p1a: Tomato|Drifblim-Variant, M|421\/421
|-start|p1a: Tomato|typechange|Fire\/Flying|[silent]
|raw|<ul class="utilichart"><li class="result"><span class="col pokemonnamecol" style="white-space: nowrap">Drifblim-Variant<\/span> <span class="col typecol"><img src="https:\/\/dragonheaven.herokuapp.com\/sprites\/types\/Fire.png" alt="Fire" height="14" width="32"><img src="https:\/\/dragonheaven.herokuapp.com\/sprites\/types\/Flying.png" alt="Flying" height="14" width="32"><\/span> <span style="float: left ; min-height: 26px"><span class="col abilitycol">Emergency Exit<\/span><span class="col abilitycol"><\/span><\/span><\/li><li style="clear: both"><\/li><\/ul>
|raw|<ul class="utilichart"><li class="result"><span style="float: left ; min-height: 26px"><span class="col statcol"><em>HP<\/em><br>140<\/span> <span class="col statcol"><em>Atk<\/em><br>70<\/span> <span class="col statcol"><em>Def<\/em><br>24<\/span> <span class="col statcol"><em>SpA<\/em><br>84<\/span> <span class="col statcol"><em>SpD<\/em><br>74<\/span> <span class="col statcol"><em>Spe<\/em><br>106<\/span> <\/span><\/li><li style="clear: both"><\/li><\/ul>
|-hint|Drifblim-Variant was created by inkbug!
|move|p2a: Mango|Draco Meteor|p1a: Tomato
|-damage|p1a: Tomato|109\/421
|-unboost|p2a: Mango|spa|2
|-activate|p1a: Tomato|ability: Emergency Exit
|-damage|p2a: Mango|60\/100|[from] item: Life Orb
|c|☆inkbug1|owie fair 
|
|t:|1657691183
|switch|p1a: Trace|Aleon, M|409\/409
|-start|p1a: Trace|typechange|Normal|[silent]
|raw|<ul class="utilichart"><li class="result"><span class="col pokemonnamecol" style="white-space: nowrap">Aleon<\/span> <span class="col typecol"><img src="https:\/\/dragonheaven.herokuapp.com\/sprites\/types\/Normal.png" alt="Normal" height="14" width="32"><\/span> <span style="float: left ; min-height: 26px"><span class="col abilitycol">Adaptability \/ Normalize \/ Beast Boost<\/span><span class="col abilitycol"><\/span><\/span><\/li><li style="clear: both"><\/li><\/ul>
|raw|<ul class="utilichart"><li class="result"><span style="float: left ; min-height: 26px"><span class="col statcol"><em>HP<\/em><br>103<\/span> <span class="col statcol"><em>Atk<\/em><br>79<\/span> <span class="col statcol"><em>Def<\/em><br>53<\/span> <span class="col statcol"><em>SpA<\/em><br>89<\/span> <span class="col statcol"><em>SpD<\/em><br>67<\/span> <span class="col statcol"><em>Spe<\/em><br>134<\/span> <\/span><\/li><li style="clear: both"><\/li><\/ul>
|-hint|Aleon was created by inkbug!
|
|-weather|SunnyDay|[upkeep]
|upkeep
|turn|8
|
|t:|1657691198
|switch|p2a: Rubia|Polteageist-Cold-Brew, F|100\/100
|-start|p2a: Rubia|typechange|Dark\/Ice|[silent]
|raw|<ul class="utilichart"><li class="result"><span class="col pokemonnamecol" style="white-space: nowrap">Polteageist-Cold-Brew<\/span> <span class="col typecol"><img src="https:\/\/dragonheaven.herokuapp.com\/sprites\/types\/Dark.png" alt="Dark" height="14" width="32"><img src="https:\/\/dragonheaven.herokuapp.com\/sprites\/types\/Ice.png" alt="Ice" height="14" width="32"><\/span> <span style="float: left ; min-height: 26px"><span class="col abilitycol">Bulletproof \/ Insomnia<\/span><span class="col abilitycol"><\/span><\/span><\/li><li style="clear: both"><\/li><\/ul>
|raw|<ul class="utilichart"><li class="result"><span style="float: left ; min-height: 26px"><span class="col statcol"><em>HP<\/em><br>80<\/span> <span class="col statcol"><em>Atk<\/em><br>65<\/span> <span class="col statcol"><em>Def<\/em><br>45<\/span> <span class="col statcol"><em>SpA<\/em><br>114<\/span> <span class="col statcol"><em>SpD<\/em><br>134<\/span> <span class="col statcol"><em>Spe<\/em><br>70<\/span> <\/span><\/li><li style="clear: both"><\/li><\/ul>
|-hint|Polteageist-Cold-Brew was created by Hematite!
|move|p1a: Trace|Solar Beam||[still]
|-prepare|p1a: Trace|Solar Beam
|-anim|p1a: Trace|Solar Beam|p2a: Rubia
|-damage|p2a: Rubia|67\/100
|
|-weather|SunnyDay|[upkeep]
|upkeep
|turn|9
|
|t:|1657691209
|move|p1a: Trace|Volt Switch|p2a: Rubia
|-damage|p2a: Rubia|48\/100
|
|t:|1657691214
|switch|p1a: Oreo|Tenoris, F|291\/291
|-start|p1a: Oreo|typechange|Ice\/Dragon|[silent]
|raw|<ul class="utilichart"><li class="result"><span class="col pokemonnamecol" style="white-space: nowrap">Tenoris<\/span> <span class="col typecol"><img src="https:\/\/dragonheaven.herokuapp.com\/sprites\/types\/Ice.png" alt="Ice" height="14" width="32"><img src="https:\/\/dragonheaven.herokuapp.com\/sprites\/types\/Dragon.png" alt="Dragon" height="14" width="32"><\/span> <span style="float: left ; min-height: 26px"><span class="col abilitycol">Volt Absorb \/ Slush Rush<\/span><span class="col abilitycol"><\/span><\/span><\/li><li style="clear: both"><\/li><\/ul>
|raw|<ul class="utilichart"><li class="result"><span style="float: left ; min-height: 26px"><span class="col statcol"><em>HP<\/em><br>75<\/span> <span class="col statcol"><em>Atk<\/em><br>110<\/span> <span class="col statcol"><em>Def<\/em><br>70<\/span> <span class="col statcol"><em>SpA<\/em><br>80<\/span> <span class="col statcol"><em>SpD<\/em><br>75<\/span> <span class="col statcol"><em>Spe<\/em><br>80<\/span> <\/span><\/li><li style="clear: both"><\/li><\/ul>
|-hint|Tenoris was created by Albatross!
|move|p2a: Rubia|Strength Sap|p1a: Oreo
|-unboost|p1a: Oreo|atk|1
|-heal|p2a: Rubia|100\/100
|
|-weather|SunnyDay|[upkeep]
|upkeep
|turn|10
|
|t:|1657691224
|move|p1a: Oreo|Heat Wave|p2a: Rubia
|-supereffective|p2a: Rubia
|-damage|p2a: Rubia|48\/100
|move|p2a: Rubia|Nasty Plot|p2a: Rubia
|-boost|p2a: Rubia|spa|2
|
|-weather|SunnyDay|[upkeep]
|upkeep
|turn|11
|c|☆H2OPulse|Ah hm
|
|t:|1657691261
|switch|p2a: Cattail|Vaporeon, F|100\/100
|move|p1a: Oreo|Psych Up|p2a: Cattail
|-copyboost|p1a: Oreo|p2a: Cattail|[from] move: Psych Up
|
|-weather|SunnyDay|[upkeep]
|upkeep
|turn|12
|c|☆inkbug1|*noooo i got gamed*
|c|☆H2OPulse|ADHFJGK
|c|☆H2OPulse|THAT WOULD HAVE BEEN SO FUNNY I'M SO SORRY
|c|☆inkbug1|jhgjkgkjg
|
|t:|1657691287
|switch|p1a: Carpenter|Naganadel-Terrestrial, M|287\/287
|-start|p1a: Carpenter|typechange|Bug\/Dragon|[silent]
|move|p2a: Cattail|Wish|p2a: Cattail
|
|-weather|none
|upkeep
|turn|13
|c|☆inkbug1|its extremely hilarious in combination with draco too
|c|☆H2OPulse|Truuue
|
|t:|1657691332
|switch|p2a: Froelichia|Orbeetle-Variant, M|76\/100
|-start|p2a: Froelichia|typechange|Bug\/Electric|[silent]
|-item|p1a: Carpenter|Heavy-Duty Boots|[from] ability: Frisk|[of] p2a: Froelichia|[identify]
|move|p1a: Carpenter|Spikes|p2a: Froelichia
|-sidestart|p2: H2OPulse|Spikes
|
|-heal|p2a: Froelichia|100\/100|[from] move: Wish|[wisher] Cattail
|upkeep
|turn|14
|
|t:|1657691347
|move|p2a: Froelichia|Sticky Web|p1a: Carpenter
|-sidestart|p1: inkbug1|move: Sticky Web
|move|p1a: Carpenter|Draco Meteor|p2a: Froelichia
|-damage|p2a: Froelichia|25\/100
|-unboost|p1a: Carpenter|spa|2
|
|upkeep
|turn|15
|
|t:|1657691353
|move|p2a: Froelichia|Recover|p2a: Froelichia
|-heal|p2a: Froelichia|75\/100
|move|p1a: Carpenter|Leech Life|p2a: Froelichia
|-damage|p2a: Froelichia|38\/100
|
|upkeep
|turn|16
|
|t:|1657691368
|move|p2a: Froelichia|Recover|p2a: Froelichia
|-heal|p2a: Froelichia|88\/100
|move|p1a: Carpenter|U-turn|p2a: Froelichia
|-damage|p2a: Froelichia|53\/100
|
|t:|1657691373
|switch|p1a: Tomato|Drifblim-Variant, M|109\/421
|-start|p1a: Tomato|typechange|Fire\/Flying|[silent]
|
|upkeep
|turn|17
|c|☆H2OPulse|Leech Life does almost exactly half as much as Draco that's kinda funny
|c|☆inkbug1|thts also uh
|c|☆inkbug1|252 neutral vs 0 neutral askdasd
|
|t:|1657691410
|switch|p2a: Cattail|Vaporeon, F|100\/100
|-damage|p2a: Cattail|88\/100|[from] Spikes
|move|p1a: Tomato|Strength Sap|p2a: Cattail
|-unboost|p2a: Cattail|atk|1
|-heal|p1a: Tomato|277\/421
|
|-heal|p2a: Cattail|94\/100|[from] item: Leftovers
|upkeep
|turn|18
|c|☆H2OPulse|Pff
|c|☆inkbug1|i will take it
|c|☆H2OPulse|Oh huh! Not what I expected I see--
|
|t:|1657691429
|move|p1a: Tomato|Strength Sap|p2a: Cattail
|-unboost|p2a: Cattail|atk|1
|-heal|p1a: Tomato|389\/421
|move|p2a: Cattail|Flip Turn|p1a: Tomato
|-supereffective|p1a: Tomato
|-damage|p1a: Tomato|245\/421
|
|t:|1657691441
|switch|p2a: Mango|Noivern-Variant, M|60\/100|[from]move: Flip Turn
|-start|p2a: Mango|typechange|Fighting\/Dragon|[silent]
|
|upkeep
|turn|19
|
|t:|1657691462
|move|p1a: Tomato|Strength Sap|p2a: Mango
|-unboost|p2a: Mango|atk|1
|-heal|p1a: Tomato|403\/421
|move|p2a: Mango|Defog|p1a: Tomato
|-unboost|p1a: Tomato|evasion|1
|-sideend|p1: inkbug1|Sticky Web|[from] move: Defog|[of] p2a: Mango
|-sideend|p2: H2OPulse|Spikes|[from] move: Defog|[of] p2a: Mango
|
|upkeep
|turn|20
|
|t:|1657691477
|switch|p1a: Eloise|Tsareena, F|202\/348
|move|p2a: Mango|Draco Meteor|p1a: Eloise
|-damage|p1a: Eloise|34\/348
|-unboost|p2a: Mango|spa|2
|-damage|p2a: Mango|50\/100|[from] item: Life Orb
|
|upkeep
|turn|21
|
|t:|1657691491
|switch|p1a: Sable|Gigalith-Kalos, F|341\/374
|-start|p1a: Sable|typechange|Rock\/Electric|[silent]
|-weather|SunnyDay|[from] ability: Drought|[of] p1a: Sable
|move|p2a: Mango|U-turn|p1a: Sable
|-damage|p1a: Sable|314\/374
|-damage|p2a: Mango|40\/100|[from] item: Life Orb
|
|t:|1657691534
|switch|p2a: Foxfire|Shiinotic-Kalos, F|100\/100|[from]move: U-turn
|-start|p2a: Foxfire|typechange|Poison\/Fairy|[silent]
|raw|<ul class="utilichart"><li class="result"><span class="col pokemonnamecol" style="white-space: nowrap">Shiinotic-Kalos<\/span> <span class="col typecol"><img src="https:\/\/dragonheaven.herokuapp.com\/sprites\/types\/Poison.png" alt="Poison" height="14" width="32"><img src="https:\/\/dragonheaven.herokuapp.com\/sprites\/types\/Fairy.png" alt="Fairy" height="14" width="32"><\/span> <span style="float: left ; min-height: 26px"><span class="col abilitycol">Illuminate \/ Effect Spore \/ Technician<\/span><span class="col abilitycol"><\/span><\/span><\/li><li style="clear: both"><\/li><\/ul>
|raw|<ul class="utilichart"><li class="result"><span style="float: left ; min-height: 26px"><span class="col statcol"><em>HP<\/em><br>60<\/span> <span class="col statcol"><em>Atk<\/em><br>45<\/span> <span class="col statcol"><em>Def<\/em><br>60<\/span> <span class="col statcol"><em>SpA<\/em><br>90<\/span> <span class="col statcol"><em>SpD<\/em><br>80<\/span> <span class="col statcol"><em>Spe<\/em><br>70<\/span> <\/span><\/li><li style="clear: both"><\/li><\/ul>
|-hint|Shiinotic-Kalos was created by Hematite!
|
|-weather|SunnyDay|[upkeep]
|upkeep
|turn|22
|c|☆inkbug1|hmmm
|
|t:|1657691608
|move|p2a: Foxfire|Spore|p1a: Sable
|-status|p1a: Sable|slp|[from] move: Spore
|cant|p1a: Sable|slp
|
|-weather|SunnyDay|[upkeep]
|upkeep
|turn|23
|
|t:|1657691630
|move|p2a: Foxfire|Acid Spray|p1a: Sable
|-resisted|p1a: Sable
|-damage|p1a: Sable|260\/374 slp
|-unboost|p1a: Sable|spd|2
|-curestatus|p1a: Sable|slp|[msg]
|move|p1a: Sable|Weather Ball|p2a: Foxfire
|-damage|p2a: Foxfire|16\/100
|
|-weather|SunnyDay|[upkeep]
|-heal|p2a: Foxfire|22\/100|[from] item: Black Sludge
|upkeep
|turn|24
|c|☆inkbug1|oh okay 
|
|t:|1657691691
|switch|p1a: Tomato|Drifblim-Variant, M|403\/421
|-start|p1a: Tomato|typechange|Fire\/Flying|[silent]
|move|p2a: Foxfire|Draining Kiss|p1a: Tomato
|-resisted|p1a: Tomato
|-damage|p1a: Tomato|336\/421
|-heal|p2a: Foxfire|41\/100|[from] drain|[of] p1a: Tomato
|
|-weather|SunnyDay|[upkeep]
|-heal|p2a: Foxfire|47\/100|[from] item: Black Sludge
|upkeep
|turn|25
|
|t:|1657691705
|switch|p2a: Cattail|Vaporeon, F|94\/100
|move|p1a: Tomato|Mind Blown|p2a: Cattail
|-resisted|p2a: Cattail
|-damage|p2a: Cattail|68\/100
|-damage|p1a: Tomato|125\/421|[from] mindblown
|-activate|p1a: Tomato|ability: Emergency Exit
|
|t:|1657691721
|switch|p1a: Eloise|Tsareena, F|34\/348
|
|-weather|SunnyDay|[upkeep]
|-heal|p2a: Cattail|74\/100|[from] item: Leftovers
|upkeep
|turn|26
|
|t:|1657691732
|move|p2a: Cattail|Protect|p2a: Cattail
|-singleturn|p2a: Cattail|Protect
|move|p1a: Eloise|Solar Blade||[still]
|-prepare|p1a: Eloise|Solar Blade
|-anim|p1a: Eloise|Solar Blade|p2a: Cattail
|-activate|p2a: Cattail|move: Protect
|
|-weather|SunnyDay|[upkeep]
|-heal|p2a: Cattail|80\/100|[from] item: Leftovers
|upkeep
|turn|27
|
|t:|1657691743
|switch|p2a: Froelichia|Orbeetle-Variant, M|53\/100
|-start|p2a: Froelichia|typechange|Bug\/Electric|[silent]
|-item|p1a: Eloise|Assault Vest|[from] ability: Frisk|[of] p2a: Froelichia|[identify]
|move|p1a: Eloise|Solar Blade||[still]
|-prepare|p1a: Eloise|Solar Blade
|-anim|p1a: Eloise|Solar Blade|p2a: Froelichia
|-resisted|p2a: Froelichia
|-damage|p2a: Froelichia|19\/100
|
|-weather|SunnyDay|[upkeep]
|upkeep
|turn|28
|
|t:|1657691752
|switch|p1a: Trace|Aleon, M|409\/409
|-start|p1a: Trace|typechange|Normal|[silent]
|move|p2a: Froelichia|Recover|p2a: Froelichia
|-heal|p2a: Froelichia|70\/100
|
|-weather|none
|upkeep
|turn|29
|
|t:|1657691763
|move|p1a: Trace|Wish|p1a: Trace
|move|p2a: Froelichia|Recover|p2a: Froelichia
|-heal|p2a: Froelichia|100\/100
|
|upkeep
|turn|30
|
|t:|1657691779
|move|p1a: Trace|Solar Beam||[still]
|-prepare|p1a: Trace|Solar Beam
|-enditem|p1a: Trace|Power Herb
|-anim|p1a: Trace|Solar Beam|p2a: Froelichia
|-crit|p2a: Froelichia
|-damage|p2a: Froelichia|14\/100
|move|p2a: Froelichia|U-turn|p1a: Trace
|-damage|p1a: Trace|339\/409
|c|☆inkbug1|TRACE 
|c|☆inkbug1|STOP IT
|c|☆H2OPulse|HAHAHA
|c|☆H2OPulse|OW--
|c|☆inkbug1|this guy i swear-
|
|t:|1657691808
|switch|p2a: Cattail|Vaporeon, F|80\/100|[from]move: U-turn
|
|-heal|p1a: Trace|409\/409|[from] move: Wish|[wisher] Trace
|-heal|p2a: Cattail|86\/100|[from] item: Leftovers
|upkeep
|turn|31
|
|t:|1657691815
|move|p1a: Trace|Wish|p1a: Trace
|move|p2a: Cattail|Wish|p2a: Cattail
|
|-heal|p2a: Cattail|93\/100|[from] item: Leftovers
|upkeep
|turn|32
|
|t:|1657691825
|switch|p1a: Eloise|Tsareena, F|34\/348
|move|p2a: Cattail|Flip Turn|p1a: Eloise
|-resisted|p1a: Eloise
|-damage|p1a: Eloise|8\/348
|c|☆inkbug1|phew 
|c|☆H2OPulse|Mmksjdjfkf
|c|☆inkbug1|i was not sure she would live that amhdfskjdfh
|
|t:|1657691844
|switch|p2a: Froelichia|Orbeetle-Variant, M|14\/100|[from]move: Flip Turn
|-start|p2a: Froelichia|typechange|Bug\/Electric|[silent]
|-item|p1a: Eloise|Assault Vest|[from] ability: Frisk|[of] p2a: Froelichia|[identify]
|
|-heal|p1a: Eloise|212\/348|[from] move: Wish|[wisher] Trace
|-heal|p2a: Froelichia|85\/100|[from] move: Wish|[wisher] Cattail
|upkeep
|turn|33
|
|t:|1657691867
|switch|p1a: Sable|Gigalith-Kalos, F|260\/374
|-start|p1a: Sable|typechange|Rock\/Electric|[silent]
|-weather|SunnyDay|[from] ability: Drought|[of] p1a: Sable
|move|p2a: Froelichia|U-turn|p1a: Sable
|-damage|p1a: Sable|224\/374
|
|t:|1657691885
|switch|p2a: Foxfire|Shiinotic-Kalos, F|47\/100|[from]move: U-turn
|-start|p2a: Foxfire|typechange|Poison\/Fairy|[silent]
|
|-weather|SunnyDay|[upkeep]
|-heal|p2a: Foxfire|53\/100|[from] item: Black Sludge
|upkeep
|turn|34
|
|t:|1657691924
|switch|p1a: Eloise|Tsareena, F|212\/348
|move|p2a: Foxfire|Hidden Power|p1a: Eloise
|-supereffective|p1a: Eloise
|-damage|p1a: Eloise|50\/348
|
|-weather|SunnyDay|[upkeep]
|-heal|p2a: Foxfire|59\/100|[from] item: Black Sludge
|upkeep
|turn|35
|c|☆inkbug1|i see fair play 
|c|☆H2OPulse|Jsfjf
|
|t:|1657691973
|switch|p2a: Froelichia|Orbeetle-Variant, M|85\/100
|-start|p2a: Froelichia|typechange|Bug\/Electric|[silent]
|-item|p1a: Eloise|Assault Vest|[from] ability: Frisk|[of] p2a: Froelichia|[identify]
|switch|p1a: Trace|Aleon, M|409\/409
|-start|p1a: Trace|typechange|Normal|[silent]
|
|-weather|SunnyDay|[upkeep]
|upkeep
|turn|36
|
|t:|1657691992
|move|p1a: Trace|Weather Ball|p2a: Froelichia
|-supereffective|p2a: Froelichia
|-damage|p2a: Froelichia|8\/100
|move|p2a: Froelichia|Recover|p2a: Froelichia
|-heal|p2a: Froelichia|58\/100
|
|-weather|SunnyDay|[upkeep]
|upkeep
|turn|37
|c|☆H2OPulse|RIght,,
|
|t:|1657692007
|switch|p2a: Rubia|Polteageist-Cold-Brew, F|48\/100
|-start|p2a: Rubia|typechange|Dark\/Ice|[silent]
|move|p1a: Trace|Wish|p1a: Trace
|
|-weather|SunnyDay|[upkeep]
|upkeep
|turn|38
|
|t:|1657692014
|switch|p1a: Tomato|Drifblim-Variant, M|125\/421
|-start|p1a: Tomato|typechange|Fire\/Flying|[silent]
|move|p2a: Rubia|Strength Sap|p1a: Tomato
|-unboost|p1a: Tomato|atk|1
|-heal|p2a: Rubia|84\/100
|
|-weather|SunnyDay|[upkeep]
|-heal|p1a: Tomato|329\/421|[from] move: Wish|[wisher] Trace
|upkeep
|turn|39
|
|t:|1657692059
|switch|p2a: Cattail|Vaporeon, F|93\/100
|move|p1a: Tomato|Trick|p2a: Cattail
|-activate|p1a: Tomato|move: Trick|[of] p2a: Cattail
|-item|p2a: Cattail|Choice Scarf|[from] move: Trick
|-item|p1a: Tomato|Leftovers|[from] move: Trick
|
|-weather|SunnyDay|[upkeep]
|-heal|p1a: Tomato|355\/421|[from] item: Leftovers
|upkeep
|turn|40
|c|☆H2OPulse|I SEE
|c|☆inkbug1|delicious
|c|☆H2OPulse|THAT'S BAD--
|
|t:|1657692081
|move|p1a: Tomato|Solar Beam||[still]
|-prepare|p1a: Tomato|Solar Beam
|-anim|p1a: Tomato|Solar Beam|p2a: Cattail
|-supereffective|p2a: Cattail
|-damage|p2a: Cattail|58\/100
|move|p2a: Cattail|Wish|p2a: Cattail
|
|-weather|none
|-heal|p1a: Tomato|381\/421|[from] item: Leftovers
|upkeep
|turn|41
|c|☆inkbug1|see this is like 
|c|☆inkbug1|if you trick them into a move tht then knocks u under half (which most moves do) 
|c|☆H2OPulse|RIGHT
|c|☆inkbug1|u can react immediately w\/o havign to take a turn
|c|☆H2OPulse|THAT'S SO FUN OH NAN
|c|☆H2OPulse|*MAN
|c|☆inkbug1|which is kind of insane ?? 
|c|☆H2OPulse|YEAH
|c|☆H2OPulse|Ohhhh that's brilliant okay
|c|☆inkbug1|and its also jsut stupid fast for pivoting 
|c|☆inkbug1|being locked into strength sap isnt like 
|c|☆inkbug1|terrible with eexit
|c|☆H2OPulse|I Mean
|c|☆H2OPulse|I genuinely didn't
|c|☆H2OPulse|notice that you were choice-locked so--
|c|☆H2OPulse|yeah :'D
|c|☆inkbug1|yeah i mean tht was a completely normal amount of times to click that but i thought it outspeeding noivern 
|c|☆inkbug1|would b a giveawy
|c|☆inkbug1|but also its speedy still so thts not suspicious
|c|☆H2OPulse|oh I didn't notice ashfjgk right--
|
|t:|1657692251
|switch|p1a: Sable|Gigalith-Kalos, F|224\/374
|-start|p1a: Sable|typechange|Rock\/Electric|[silent]
|-weather|SunnyDay|[from] ability: Drought|[of] p1a: Sable
|move|p2a: Cattail|Wish||[still]
|-fail|p2a: Cattail
|
|-weather|SunnyDay|[upkeep]
|-heal|p2a: Cattail|100\/100|[from] move: Wish|[wisher] Cattail
|upkeep
|turn|42
|c|☆H2OPulse|That was on purpose because I expected a Mind Blown but uhhhhhhhhh
|c|☆H2OPulse|now what do I do ashfjg
|
|t:|1657692321
|switch|p2a: Rubia|Polteageist-Cold-Brew, F|84\/100
|-start|p2a: Rubia|typechange|Dark\/Ice|[silent]
|move|p1a: Sable|Solar Beam||[still]
|-prepare|p1a: Sable|Solar Beam
|-anim|p1a: Sable|Solar Beam|p2a: Rubia
|-damage|p2a: Rubia|49\/100
|
|-weather|SunnyDay|[upkeep]
|upkeep
|turn|43
|c|☆inkbug1|oh i figured u were trying to pass a wish and i knew u couldnt flip turn to see what i switched to 
|c|☆inkbug1|i love how resurrectric pairs w marowaks existing option of lightning rod it becomes legit rlly horrifying its awesome
|c|☆H2OPulse|Yesssssss
|
|t:|1657692359
|move|p2a: Rubia|Dark Pulse|p1a: Sable
|-damage|p1a: Sable|85\/374
|move|p1a: Sable|Power Gem|p2a: Rubia
|-supereffective|p2a: Rubia
|-damage|p2a: Rubia|0 fnt
|faint|p2a: Rubia
|
|-weather|SunnyDay|[upkeep]
|upkeep
|
|t:|1657692369
|switch|p2a: Foxfire|Shiinotic-Kalos, F|59\/100
|-start|p2a: Foxfire|typechange|Poison\/Fairy|[silent]
|turn|44
|c|☆inkbug1|this is definitely going a bit different from our other matches recently that was first blood-
|
|t:|1657692397
|switch|p1a: Trace|Aleon, M|409\/409
|-start|p1a: Trace|typechange|Normal|[silent]
|move|p2a: Foxfire|Draining Kiss|p1a: Trace
|-damage|p1a: Trace|267\/409
|-heal|p2a: Foxfire|99\/100|[from] drain|[of] p1a: Trace
|
|-weather|SunnyDay|[upkeep]
|-heal|p2a: Foxfire|100\/100|[from] item: Black Sludge
|upkeep
|turn|45
|c|☆H2OPulse|Gshdjfk yeah--
|
|t:|1657692453
|move|p1a: Trace|Wish|p1a: Trace
|move|p2a: Foxfire|Spore|p1a: Trace
|-status|p1a: Trace|slp|[from] move: Spore
|
|-weather|SunnyDay|[upkeep]
|upkeep
|turn|46
|c|☆inkbug1|hmmmm
|
|t:|1657692511
|switch|p1a: Tomato|Drifblim-Variant, M|381\/421
|-start|p1a: Tomato|typechange|Fire\/Flying|[silent]
|move|p2a: Foxfire|Acid Spray|p1a: Tomato
|-damage|p1a: Tomato|281\/421
|-unboost|p1a: Tomato|spd|2
|
|-weather|SunnyDay|[upkeep]
|-heal|p1a: Tomato|421\/421|[from] move: Wish|[wisher] Trace
|upkeep
|turn|47
|
|t:|1657692538
|switch|p2a: Cattail|Vaporeon, F|100\/100
|move|p1a: Tomato|Mind Blown|p2a: Cattail
|-resisted|p2a: Cattail
|-damage|p2a: Cattail|75\/100
|-damage|p1a: Tomato|210\/421|[from] mindblown
|-activate|p1a: Tomato|ability: Emergency Exit
|c|☆inkbug1|tar shot would be so awesome on a pkmn with mind blown
|
|t:|1657692569
|switch|p1a: Trace|Aleon, M|267\/409 slp
|-start|p1a: Trace|typechange|Normal|[silent]
|
|-weather|SunnyDay|[upkeep]
|upkeep
|turn|48
|
|t:|1657692576
|cant|p1a: Trace|slp
|move|p2a: Cattail|Wish|p2a: Cattail
|
|-weather|none
|upkeep
|turn|49
|
|t:|1657692580
|switch|p2a: Mango|Noivern-Variant, M|40\/100
|-start|p2a: Mango|typechange|Fighting\/Dragon|[silent]
|cant|p1a: Trace|slp
|
|-heal|p2a: Mango|100\/100|[from] move: Wish|[wisher] Cattail
|upkeep
|turn|50
|c|☆inkbug1|hmm... hmhm
|
|t:|1657692655
|-curestatus|p1a: Trace|slp|[msg]
|move|p1a: Trace|Wish|p1a: Trace
|move|p2a: Mango|Draco Meteor|p1a: Trace
|-damage|p1a: Trace|0 fnt
|-unboost|p2a: Mango|spa|2
|-damage|p2a: Mango|91\/100|[from] item: Life Orb
|faint|p1a: Trace
|
|upkeep
|c|☆inkbug1|GOOD JOB 
|c|☆H2OPulse|OKAY--
|c|☆inkbug1|umm hm 
|
|t:|1657692786
|switch|p1a: Sable|Gigalith-Kalos, F|85\/374
|-start|p1a: Sable|typechange|Rock\/Electric|[silent]
|-weather|SunnyDay|[from] ability: Drought|[of] p1a: Sable
|turn|51
|
|t:|1657692793
|switch|p1a: Eloise|Tsareena, F|50\/348
|move|p2a: Mango|Vacuum Wave||[still]
|cant|p1a: Eloise|ability: Queenly Majesty|Vacuum Wave|[of] p2a: Mango
|
|-weather|SunnyDay|[upkeep]
|-heal|p1a: Eloise|254\/348|[from] move: Wish|[wisher] Trace
|upkeep
|turn|52
|c|☆inkbug1|OH 
|c|☆H2OPulse|__haha fair__
|c|☆inkbug1|i dont know why you clicked that but ill take it--
|
|t:|1657692825
|move|p2a: Mango|U-turn|p1a: Eloise
|-supereffective|p1a: Eloise
|-damage|p1a: Eloise|155\/348
|-damage|p2a: Mango|81\/100|[from] item: Life Orb
|c|☆H2OPulse|Accuracy mostly :'D
|c|☆inkbug1|fair ok
|
|t:|1657692843
|switch|p2a: Froelichia|Orbeetle-Variant, M|58\/100|[from]move: U-turn
|-start|p2a: Froelichia|typechange|Bug\/Electric|[silent]
|-item|p1a: Eloise|Assault Vest|[from] ability: Frisk|[of] p2a: Froelichia|[identify]
|move|p1a: Eloise|Rapid Spin|p2a: Froelichia
|-damage|p2a: Froelichia|39\/100
|-boost|p1a: Eloise|spe|1
|
|-weather|SunnyDay|[upkeep]
|upkeep
|turn|53
|
|t:|1657692867
|switch|p1a: Carpenter|Naganadel-Terrestrial, M|287\/287
|-start|p1a: Carpenter|typechange|Bug\/Dragon|[silent]
|move|p2a: Froelichia|Recover|p2a: Froelichia
|-heal|p2a: Froelichia|89\/100
|
|-weather|SunnyDay|[upkeep]
|upkeep
|turn|54
|
|t:|1657692884
|move|p2a: Froelichia|Sticky Web|p1a: Carpenter
|-sidestart|p1: inkbug1|move: Sticky Web
|move|p1a: Carpenter|Spikes|p2a: Froelichia
|-sidestart|p2: H2OPulse|Spikes
|
|-weather|SunnyDay|[upkeep]
|upkeep
|turn|55
|
|t:|1657692894
|move|p2a: Froelichia|U-turn|p1a: Carpenter
|-damage|p1a: Carpenter|236\/287
|
|t:|1657692900
|switch|p2a: Cattail|Vaporeon, F|75\/100|[from]move: U-turn
|-damage|p2a: Cattail|62\/100|[from] Spikes
|move|p1a: Carpenter|Spikes|p2a: Cattail
|-sidestart|p2: H2OPulse|Spikes
|
|-weather|SunnyDay|[upkeep]
|upkeep
|turn|56
|
|t:|1657692917
|switch|p1a: Eloise|Tsareena, F|155\/348
|-activate|p1a: Eloise|move: Sticky Web
|-unboost|p1a: Eloise|spe|1
|move|p2a: Cattail|Wish|p2a: Cattail
|
|-weather|SunnyDay|[upkeep]
|upkeep
|turn|57
|
|t:|1657692941
|switch|p2a: Zantedeschia|Resurrectric, M|57\/100
|-damage|p2a: Zantedeschia|41\/100|[from] Spikes
|-start|p2a: Zantedeschia|typechange|Ground\/Electric|[silent]
|move|p1a: Eloise|Rapid Spin|p2a: Zantedeschia
|-crit|p2a: Zantedeschia
|-damage|p2a: Zantedeschia|20\/100
|-boost|p1a: Eloise|spe|1
|-sideend|p1: inkbug1|Sticky Web|[from] move: Rapid Spin|[of] p1a: Eloise
|
|-weather|SunnyDay|[upkeep]
|-heal|p2a: Zantedeschia|84\/100|[from] move: Wish|[wisher] Cattail
|upkeep
|turn|58
|c|☆inkbug1|mmmm do i
|c|☆inkbug1|i think 
|
|t:|1657692962
|switch|p2a: Mango|Noivern-Variant, M|81\/100
|-start|p2a: Mango|typechange|Fighting\/Dragon|[silent]
|move|p1a: Eloise|Solar Blade||[still]
|-prepare|p1a: Eloise|Solar Blade
|-anim|p1a: Eloise|Solar Blade|p2a: Mango
|-resisted|p2a: Mango
|-damage|p2a: Mango|37\/100
|
|-weather|none
|upkeep
|turn|59
|
|t:|1657692977
|move|p2a: Mango|Defog|p1a: Eloise
|-unboost|p1a: Eloise|evasion|1
|-sideend|p2: H2OPulse|Spikes|[from] move: Defog|[of] p2a: Mango
|move|p1a: Eloise|Rapid Spin|p2a: Mango
|-damage|p2a: Mango|13\/100
|-boost|p1a: Eloise|spe|1
|
|upkeep
|turn|60
|
|t:|1657692986
|switch|p2a: Cattail|Vaporeon, F|62\/100
|move|p1a: Eloise|Rapid Spin|p2a: Cattail
|-damage|p2a: Cattail|42\/100
|-boost|p1a: Eloise|spe|1
|
|upkeep
|turn|61
|
|t:|1657693014
|switch|p2a: Foxfire|Shiinotic-Kalos, F|100\/100
|-start|p2a: Foxfire|typechange|Poison\/Fairy|[silent]
|move|p1a: Eloise|Rapid Spin|p2a: Foxfire
|-damage|p2a: Foxfire|65\/100
|-boost|p1a: Eloise|spe|1
|
|-heal|p2a: Foxfire|71\/100|[from] item: Black Sludge
|upkeep
|turn|62
|
|t:|1657693024
|move|p1a: Eloise|Knock Off|p2a: Foxfire
|-resisted|p2a: Foxfire
|-damage|p2a: Foxfire|39\/100
|-enditem|p2a: Foxfire|Black Sludge|[from] move: Knock Off|[of] p1a: Eloise
|move|p2a: Foxfire|Acid Spray|p1a: Eloise
|-supereffective|p1a: Eloise
|-damage|p1a: Eloise|35\/348
|-unboost|p1a: Eloise|spd|2
|
|upkeep
|turn|63
|
|t:|1657693042
|switch|p1a: Oreo|Tenoris, F|291\/291
|-start|p1a: Oreo|typechange|Ice\/Dragon|[silent]
|move|p2a: Foxfire|Spore|p1a: Oreo
|-status|p1a: Oreo|slp|[from] move: Spore
|
|upkeep
|turn|64
|c|☆inkbug1|rude
|
|t:|1657693051
|switch|p1a: Tomato|Drifblim-Variant, M|210\/421
|-start|p1a: Tomato|typechange|Fire\/Flying|[silent]
|move|p2a: Foxfire|Draining Kiss|p1a: Tomato
|-resisted|p1a: Tomato
|-damage|p1a: Tomato|144\/421
|-heal|p2a: Foxfire|58\/100|[from] drain|[of] p1a: Tomato
|
|-heal|p1a: Tomato|170\/421|[from] item: Leftovers
|upkeep
|turn|65
|
|t:|1657693072
|move|p1a: Tomato|Strength Sap|p2a: Foxfire
|-unboost|p2a: Foxfire|atk|1
|-heal|p1a: Tomato|255\/421
|move|p2a: Foxfire|Acid Spray|p1a: Tomato
|-damage|p1a: Tomato|144\/421
|-unboost|p1a: Tomato|spd|2
|-activate|p1a: Tomato|ability: Emergency Exit
|c|☆H2OPulse|Mmskdjf
|
|t:|1657693094
|switch|p1a: Sable|Gigalith-Kalos, F|85\/374
|-start|p1a: Sable|typechange|Rock\/Electric|[silent]
|-weather|SunnyDay|[from] ability: Drought|[of] p1a: Sable
|
|-weather|SunnyDay|[upkeep]
|upkeep
|turn|66
|
|t:|1657693100
|move|p2a: Foxfire|Draining Kiss|p1a: Sable
|-damage|p1a: Sable|0 fnt
|-heal|p2a: Foxfire|82\/100|[from] drain|[of] p1a: Sable
|faint|p1a: Sable
|
|-weather|SunnyDay|[upkeep]
|upkeep
|c|☆inkbug1|mk i was hoping tht would not be the case but alas
|c|☆H2OPulse|I think it does somewhere around 35ish
|c|☆inkbug1|right
|
|t:|1657693147
|switch|p1a: Tomato|Drifblim-Variant, M|144\/421
|-start|p1a: Tomato|typechange|Fire\/Flying|[silent]
|turn|67
|
|t:|1657693154
|switch|p2a: Froelichia|Orbeetle-Variant, M|89\/100
|-start|p2a: Froelichia|typechange|Bug\/Electric|[silent]
|-item|p1a: Tomato|Leftovers|[from] ability: Frisk|[of] p2a: Froelichia|[identify]
|move|p1a: Tomato|Strength Sap|p2a: Froelichia
|-unboost|p2a: Froelichia|atk|1
|-heal|p1a: Tomato|257\/421
|
|-weather|SunnyDay|[upkeep]
|-heal|p1a: Tomato|283\/421|[from] item: Leftovers
|upkeep
|turn|68
|
|t:|1657693170
|switch|p1a: Oreo|Tenoris, F|291\/291 slp
|-start|p1a: Oreo|typechange|Ice\/Dragon|[silent]
|switch|p2a: Cattail|Vaporeon, F|42\/100
|
|-weather|SunnyDay|[upkeep]
|upkeep
|turn|69
|
|t:|1657693180
|cant|p1a: Oreo|slp
|move|p2a: Cattail|Wish|p2a: Cattail
|
|-weather|SunnyDay|[upkeep]
|upkeep
|turn|70
|
|t:|1657693188
|switch|p2a: Mango|Noivern-Variant, M|13\/100
|-start|p2a: Mango|typechange|Fighting\/Dragon|[silent]
|cant|p1a: Oreo|slp
|
|-weather|SunnyDay|[upkeep]
|-heal|p2a: Mango|82\/100|[from] move: Wish|[wisher] Cattail
|upkeep
|turn|71
|
|t:|1657693203
|move|p2a: Mango|Draco Meteor|p1a: Oreo
|-supereffective|p1a: Oreo
|-enditem|p1a: Oreo|Focus Sash
|-damage|p1a: Oreo|1\/291 slp
|-unboost|p2a: Mango|spa|2
|-damage|p2a: Mango|72\/100|[from] item: Life Orb
|cant|p1a: Oreo|slp
|
|-weather|SunnyDay|[upkeep]
|upkeep
|turn|72
|c|☆inkbug1|BABE 
|c|☆inkbug1|tht was ur turn 
|c|☆H2OPulse|Oh oof I am so sorry,,
|
|t:|1657693229
|switch|p1a: Tomato|Drifblim-Variant, M|283\/421
|-start|p1a: Tomato|typechange|Fire\/Flying|[silent]
|move|p2a: Mango|U-turn|p1a: Tomato
|-resisted|p1a: Tomato
|-damage|p1a: Tomato|249\/421
|-damage|p2a: Mango|63\/100|[from] item: Life Orb
|
|t:|1657693277
|switch|p2a: Zantedeschia|Resurrectric, M|84\/100|[from]move: U-turn
|-start|p2a: Zantedeschia|typechange|Ground\/Electric|[silent]
|
|-weather|none
|-heal|p1a: Tomato|275\/421|[from] item: Leftovers
|upkeep
|turn|73
|
|t:|1657693293
|switch|p1a: Oreo|Tenoris, F|1\/291 slp
|-start|p1a: Oreo|typechange|Ice\/Dragon|[silent]
|move|p2a: Zantedeschia|Volt Switch|p1a: Oreo
|-heal|p1a: Oreo|73\/291 slp|[from] ability: Volt Absorb|[of] p2a: Zantedeschia
|
|upkeep
|turn|74
|c|☆inkbug1|WQHSKDUHS
|c|☆H2OPulse|oH
|c|☆inkbug1|THAT WASNT ON PURPOSE
|c|☆H2OPulse|I FORGOT YOU EVEN HAD THAT MMSJFK
|c|☆inkbug1|i also forgot i had that
|
|t:|1657693333
|-curestatus|p1a: Oreo|slp|[msg]
|move|p1a: Oreo|Ice Beam|p2a: Zantedeschia
|-supereffective|p2a: Zantedeschia
|-damage|p2a: Zantedeschia|29\/100
|move|p2a: Zantedeschia|Earth Power|p1a: Oreo
|-damage|p1a: Oreo|0 fnt
|faint|p1a: Oreo
|
|upkeep
|c|☆inkbug1|OHHH QUEEN 
|
|t:|1657693346
|switch|p1a: Carpenter|Naganadel-Terrestrial, M|287\/287
|-start|p1a: Carpenter|typechange|Bug\/Dragon|[silent]
|turn|75
|
|t:|1657693370
|switch|p2a: Foxfire|Shiinotic-Kalos, F|82\/100
|-start|p2a: Foxfire|typechange|Poison\/Fairy|[silent]
|move|p1a: Carpenter|Leech Life|p2a: Foxfire
|-resisted|p2a: Foxfire
|-damage|p2a: Foxfire|62\/100
|
|upkeep
|turn|76
|
|t:|1657693392
|move|p2a: Foxfire|Acid Spray|p1a: Carpenter
|-damage|p1a: Carpenter|163\/287
|-unboost|p1a: Carpenter|spd|2
|move|p1a: Carpenter|U-turn|p2a: Foxfire
|-resisted|p2a: Foxfire
|-damage|p2a: Foxfire|44\/100
|
|t:|1657693399
|switch|p1a: Tomato|Drifblim-Variant, M|275\/421
|-start|p1a: Tomato|typechange|Fire\/Flying|[silent]
|
|-heal|p1a: Tomato|301\/421|[from] item: Leftovers
|upkeep
|turn|77
|c|☆H2OPulse|Oof that was a bad read I forgot you could pivot--
|c|☆inkbug1|i forgot you were faster 
|
|t:|1657693429
|switch|p2a: Cattail|Vaporeon, F|42\/100
|move|p1a: Tomato|Mind Blown|p2a: Cattail
|-resisted|p2a: Cattail
|-damage|p2a: Cattail|26\/100
|-damage|p1a: Tomato|90\/421|[from] mindblown
|-activate|p1a: Tomato|ability: Emergency Exit
|
|t:|1657693436
|switch|p1a: Eloise|Tsareena, F|35\/348
|
|upkeep
|turn|78
|
|t:|1657693451
|move|p2a: Cattail|Toxic|p1a: Eloise
|-status|p1a: Eloise|tox
|move|p1a: Eloise|Rapid Spin|p2a: Cattail
|-damage|p2a: Cattail|7\/100
|-boost|p1a: Eloise|spe|1
|
|-damage|p1a: Eloise|14\/348 tox|[from] psn
|upkeep
|turn|79
|
|t:|1657693471
|switch|p2a: Froelichia|Orbeetle-Variant, M|89\/100
|-start|p2a: Froelichia|typechange|Bug\/Electric|[silent]
|-item|p1a: Eloise|Assault Vest|[from] ability: Frisk|[of] p2a: Froelichia|[identify]
|move|p1a: Eloise|U-turn|p2a: Froelichia
|-damage|p2a: Froelichia|67\/100
|
|t:|1657693479
|switch|p1a: Tomato|Drifblim-Variant, M|90\/421
|-start|p1a: Tomato|typechange|Fire\/Flying|[silent]
|
|-heal|p1a: Tomato|116\/421|[from] item: Leftovers
|upkeep
|turn|80
|
|t:|1657693489
|move|p1a: Tomato|Strength Sap|p2a: Froelichia
|-unboost|p2a: Froelichia|atk|1
|-heal|p1a: Tomato|229\/421
|move|p2a: Froelichia|Recover|p2a: Froelichia
|-heal|p2a: Froelichia|100\/100
|
|-heal|p1a: Tomato|255\/421|[from] item: Leftovers
|upkeep
|turn|81
|
|t:|1657693503
|move|p1a: Tomato|Strength Sap|p2a: Froelichia
|-unboost|p2a: Froelichia|atk|1
|-heal|p1a: Tomato|330\/421
|move|p2a: Froelichia|Electro Ball|p1a: Tomato
|-supereffective|p1a: Tomato
|-damage|p1a: Tomato|192\/421
|-activate|p1a: Tomato|ability: Emergency Exit
|
|t:|1657693511
|switch|p1a: Carpenter|Naganadel-Terrestrial, M|258\/287
|-start|p1a: Carpenter|typechange|Bug\/Dragon|[silent]
|
|upkeep
|turn|82
|
|t:|1657693530
|move|p2a: Froelichia|U-turn|p1a: Carpenter
|-damage|p1a: Carpenter|231\/287
|
|t:|1657693532
|switch|p2a: Foxfire|Shiinotic-Kalos, F|44\/100|[from]move: U-turn
|-start|p2a: Foxfire|typechange|Poison\/Fairy|[silent]
|move|p1a: Carpenter|Spikes|p2a: Foxfire
|-sidestart|p2: H2OPulse|Spikes
|
|upkeep
|turn|83
|
|t:|1657693546
|move|p2a: Foxfire|Spore|p1a: Carpenter
|-status|p1a: Carpenter|slp|[from] move: Spore
|cant|p1a: Carpenter|slp
|
|upkeep
|turn|84
|c|☆inkbug1|hm
|
|t:|1657693576
|move|p2a: Foxfire|Draining Kiss|p1a: Carpenter
|-supereffective|p1a: Carpenter
|-damage|p1a: Carpenter|0 fnt
|-heal|p2a: Foxfire|100\/100|[from] drain|[of] p1a: Carpenter
|faint|p1a: Carpenter
|
|upkeep
|c|☆inkbug1|ok yeah wrong click
|
|t:|1657693582
|switch|p1a: Tomato|Drifblim-Variant, M|192\/421
|-start|p1a: Tomato|typechange|Fire\/Flying|[silent]
|turn|85
|c|☆inkbug1|gg
|
|t:|1657693589
|move|p1a: Tomato|Mind Blown|p2a: Foxfire
|-damage|p2a: Foxfire|17\/100
|-damage|p1a: Tomato|0 fnt|[from] mindblown
|faint|p1a: Tomato
|move|p2a: Foxfire|Spore|p1: Tomato|[notarget]
|-fail|p2a: Foxfire
|
|upkeep
|
|t:|1657693595
|switch|p1a: Eloise|Tsareena, F|14\/348 tox
|turn|86
|c|☆H2OPulse|Ashdjfk
|c|☆H2OPulse|Good game!!
|c|☆inkbug1|i was anticipating a switch to get rid of spike since vaporeons so low
|
|t:|1657693619
|switch|p2a: Mango|Noivern-Variant, M|63\/100
|-start|p2a: Mango|typechange|Fighting\/Dragon|[silent]
|move|p1a: Eloise|Rapid Spin|p2a: Mango
|-damage|p2a: Mango|41\/100
|-boost|p1a: Eloise|spe|1
|
|-damage|p1a: Eloise|0 fnt|[from] psn
|faint|p1a: Eloise
|
|win|H2OPulse
|upkeep
|c|☆H2OPulse|Rig h t fair,,
|c|☆H2OPulse|Good game!!!
|c|☆inkbug1|gg!! asfhgdsghd</script>
</div>
<div class="battle-log battle-log-inline"><div class="inner"><div class="battle-options"><div style="padding-top: 3px; padding-right: 3px; text-align: right"><button class="icon button" name="openBattleOptions" title="Options">Battle Options</button></div></div><div class="inner message-log"><div class="chat"><small>☆inkbug1 and ☆H2OPulse joined</small></div><div class=""><small>Format:</small> <br><strong>[Gen 8] Evolution Project</strong></div><div class=""><small><em>HP Percentage Mod:</em> HP is shown in percentages</small></div><div class=""><small><em>Endless Battle Clause:</em> Forcing endless battles is banned</small></div><div class=""><small><em>OHKO Clause:</em> OHKO moves are banned</small></div><div class=""><small><em>Evasion Moves Clause:</em> Evasion moves are banned</small></div><div class=""><small><em>Species Clause:</em> Limit one of each Pokémon</small></div><div class=""><small><em>Dynamax Clause:</em> You cannot dynamax</small></div><div class=""><small><em>Sleep Clause Mod:</em> Limit one foe put to sleep</small></div><div class=""><small><em>Z-Move Clause:</em> Type-based Z-Moves are banned</small></div><div class="chat battle-history"><strong>inkbug1's team:</strong> <em style="color:#445566;display:block;">Aleon / Gigalith-Kalos / Tsareena / Naganadel-Terrestrial / Tenoris / Drifblim-Variant</em></div><div class="chat battle-history"><strong>H2OPulse's team:</strong> <em style="color:#445566;display:block;">Orbeetle-Variant / Shiinotic-Kalos / Polteageist-Cold-Brew / Vaporeon / Noivern-Variant / Resurrectric</em></div><div class="chat chatmessage-h2opulse"><strong style="color:#6e8c2b"><small>☆</small><span class="username" data-name="H2OPulse">H2OPulse</span>:</strong> <em>Ooo good luck and have fun O:</em></div><div class="chat chatmessage-inkbug1 mine"><strong style="color:#e46e0f"><small>☆</small><span class="username" data-name="inkbug1">inkbug1</span>:</strong> <em>okay, ive made this one SUBSTANTIALLY worse </em></div><div class="chat chatmessage-inkbug1 mine"><strong style="color:#e46e0f"><small>☆</small><span class="username" data-name="inkbug1">inkbug1</span>:</strong> <em>itll be ghreat</em></div><div class="chat chatmessage-inkbug1 mine"><strong style="color:#e46e0f"><small>☆</small><span class="username" data-name="inkbug1">inkbug1</span>:</strong> <em>glhf</em></div><div class="chat chatmessage-h2opulse"><strong style="color:#6e8c2b"><small>☆</small><span class="username" data-name="H2OPulse">H2OPulse</span>:</strong> <em>H y p e</em></div><div class="chat chatmessage-inkbug1 mine"><strong style="color:#e46e0f"><small>☆</small><span class="username" data-name="inkbug1">inkbug1</span>:</strong> <em>one of these might actually be a REALLY funny brain wave i didnt even fucking <i>realize</i> how funny that comvination is and <i>i made it exist in the first place-</i></em></div><div class="chat chatmessage-h2opulse"><strong style="color:#6e8c2b"><small>☆</small><span class="username" data-name="H2OPulse">H2OPulse</span>:</strong> <em>:eyes:</em></div><div class="spacer battle-history"><br></div><div class="battle-history">Battle started between inkbug1 and H2OPulse!<br></div><div class="spacer battle-history"><br></div><div class="battle-history">Go! Carpenter (<strong>Naganadel-Terrestrial</strong>)!<br></div><div class="spacer battle-history"><br></div><div class="battle-history">H2OPulse sent out Froelichia (<strong>Orbeetle-Variant</strong>)!<br></div><div class="chat"><ul class="utilichart"><li class="result"><span class="col pokemonnamecol" style="white-space: nowrap">Orbeetle-Variant</span> <span class="col typecol"><img src="https://dragonheaven.herokuapp.com/sprites/types/Bug.png" alt="Bug" height="14" width="32"><img src="https://dragonheaven.herokuapp.com/sprites/types/Electric.png" alt="Electric" height="14" width="32"></span> <span style="float: left ; min-height: 26px"><span class="col abilitycol">Swarm / Frisk / Cotton Down</span><span class="col abilitycol"></span></span></li><li style="clear: both"></li></ul></div><div class="chat"><ul class="utilichart"><li class="result"><span style="float: left ; min-height: 26px"><span class="col statcol"><em>HP</em><br>60</span> <span class="col statcol"><em>Atk</em><br>45</span> <span class="col statcol"><em>Def</em><br>110</span> <span class="col statcol"><em>SpA</em><br>120</span> <span class="col statcol"><em>SpD</em><br>80</span> <span class="col statcol"><em>Spe</em><br>90</span> </span></li><li style="clear: both"></li></ul></div><div class="battle-history"><small>(Orbeetle-Variant was created by Magmajudis!)</small><br></div><div class="battle-history">[The opposing Froelichia's Frisk]<br><small>The opposing Froelichia frisked Carpenter and found its Heavy-Duty Boots!</small><br></div><div class="chat"><ul class="utilichart"><li class="result"><span class="col pokemonnamecol" style="white-space: nowrap">Naganadel-Terrestrial</span> <span class="col typecol"><img src="https://dragonheaven.herokuapp.com/sprites/types/Bug.png" alt="Bug" height="14" width="32"><img src="https://dragonheaven.herokuapp.com/sprites/types/Dragon.png" alt="Dragon" height="14" width="32"></span> <span style="float: left ; min-height: 26px"><span class="col abilitycol">Regenerator / Beast Boost</span><span class="col abilitycol"></span></span></li><li style="clear: both"></li></ul></div><div class="chat"><ul class="utilichart"><li class="result"><span style="float: left ; min-height: 26px"><span class="col statcol"><em>HP</em><br>73</span> <span class="col statcol"><em>Atk</em><br>127</span> <span class="col statcol"><em>Def</em><br>73</span> <span class="col statcol"><em>SpA</em><br>127</span> <span class="col statcol"><em>SpD</em><br>73</span> <span class="col statcol"><em>Spe</em><br>67</span> </span></li><li style="clear: both"></li></ul></div><div class="battle-history"><small>(Naganadel-Terrestrial was created by KeroseneZanchu!)</small><br></div><div class="spacer battle-history"><br></div><h2 class="battle-history">Turn 1</h2><div class="spacer battle-history"><br></div><div class="battle-history">The opposing Froelichia used <strong>Sticky Web</strong>!<br></div><div class="battle-history"><small>A sticky web has been laid out on the ground around your team!</small><br></div><div class="spacer battle-history"><br></div><div class="battle-history">Carpenter used <strong>Leech Life</strong>!<br></div><div class="battle-history"><small>(The opposing Froelichia lost 43% of its health!)</small><br></div><div class="spacer battle-history"><br></div><h2 class="battle-history">Turn 2</h2><div class="spacer battle-history"><br></div><div class="battle-history">The opposing Froelichia used <strong>U-turn</strong>!<br></div><div class="battle-history"><small>(Carpenter lost <abbr title="−51/287">17.8%</abbr> of its health!)</small><br></div><div class="spacer battle-history"><br></div><div class="battle-history">The opposing Froelichia went back to H2OPulse!<br></div><div class="battle-history">H2OPulse sent out Zantedeschia (<strong>Resurrectric</strong>)!<br></div><div class="chat"><ul class="utilichart"><li class="result"><span class="col pokemonnamecol" style="white-space: nowrap">Resurrectric</span> <span class="col typecol"><img src="https://dragonheaven.herokuapp.com/sprites/types/Ground.png" alt="Ground" height="14" width="32"><img src="https://dragonheaven.herokuapp.com/sprites/types/Electric.png" alt="Electric" height="14" width="32"></span> <span style="float: left ; min-height: 26px"><span class="col abilitycol">Inner Focus / Lightning Rod / Battle Armor</span><span class="col abilitycol"></span></span></li><li style="clear: both"></li></ul></div><div class="chat"><ul class="utilichart"><li class="result"><span style="float: left ; min-height: 26px"><span class="col statcol"><em>HP</em><br>80</span> <span class="col statcol"><em>Atk</em><br>60</span> <span class="col statcol"><em>Def</em><br>130</span> <span class="col statcol"><em>SpA</em><br>125</span> <span class="col statcol"><em>SpD</em><br>80</span> <span class="col statcol"><em>Spe</em><br>45</span> </span></li><li style="clear: both"></li></ul></div><div class="battle-history"><small>(Resurrectric was created by Hematite!)</small><br></div><div class="spacer battle-history"><br></div><div class="battle-history">Carpenter used <strong>U-turn</strong>!<br></div><div class="battle-history"><small>(The opposing Zantedeschia lost 28% of its health!)</small><br></div><div class="chat chatmessage-inkbug1 mine"><strong style="color:#e46e0f"><small>☆</small><span class="username" data-name="inkbug1">inkbug1</span>:</strong> <em>hmmm that probably wont be enough </em></div><div class="chat chatmessage-inkbug1 mine"><strong style="color:#e46e0f"><small>☆</small><span class="username" data-name="inkbug1">inkbug1</span>:</strong> <em>mk</em></div><div class="spacer battle-history"><br></div><div class="battle-history">Carpenter went back to inkbug1!<br></div><div class="battle-history">Go! Eloise (<strong>Tsareena</strong>)!<br></div><div class="battle-history"><small>Eloise was caught in a sticky web!</small><br></div><div class="battle-history"><small>Eloise's Speed fell!</small><br></div><div class="spacer battle-history"><br></div><h2 class="battle-history">Turn 3</h2><div class="spacer battle-history"><br></div><div class="battle-history">The opposing Zantedeschia used <strong>Ice Beam</strong>!<br></div><div class="battle-history"><small>It's super effective!</small><br></div><div class="battle-history"><small>(Eloise lost <abbr title="−146/348">42.0%</abbr> of its health!)</small><br></div><div class="spacer battle-history"><br></div><div class="battle-history">Eloise used <strong>Rapid Spin</strong>!<br></div><div class="battle-history"><small>(The opposing Zantedeschia lost 15% of its health!)</small><br></div><div class="battle-history"><small>Eloise's Speed rose!</small><br></div><div class="battle-history"><small>The sticky web has disappeared from the ground around your team!</small><br></div><div class="spacer battle-history"><br></div><h2 class="battle-history">Turn 4</h2><div class="spacer battle-history"><br></div><div class="battle-history">H2OPulse withdrew Zantedeschia!<br></div><div class="battle-history">H2OPulse sent out Froelichia (<strong>Orbeetle-Variant</strong>)!<br></div><div class="battle-history">[The opposing Froelichia's Frisk]<br><small>The opposing Froelichia frisked Eloise and found its Assault Vest!</small><br></div><div class="spacer battle-history"><br></div><div class="battle-history">Eloise used <strong>Knock Off</strong>!<br></div><div class="battle-history"><small>(The opposing Froelichia lost 31% of its health!)</small><br></div><div class="battle-history"><small>Eloise knocked off the opposing Froelichia's Heavy-Duty Boots!</small><br></div><div class="spacer battle-history"><br></div><h2 class="battle-history">Turn 5</h2><div class="spacer battle-history"><br></div><div class="battle-history">Eloise, come back!<br></div><div class="battle-history">Go! Sable (<strong>Gigalith-Kalos</strong>)!<br></div><div class="chat"><ul class="utilichart"><li class="result"><span class="col pokemonnamecol" style="white-space: nowrap">Gigalith-Kalos</span> <span class="col typecol"><img src="https://dragonheaven.herokuapp.com/sprites/types/Rock.png" alt="Rock" height="14" width="32"><img src="https://dragonheaven.herokuapp.com/sprites/types/Electric.png" alt="Electric" height="14" width="32"></span> <span style="float: left ; min-height: 26px"><span class="col abilitycol">Sturdy / Drought / Solar Power</span><span class="col abilitycol"></span></span></li><li style="clear: both"></li></ul></div><div class="chat"><ul class="utilichart"><li class="result"><span style="float: left ; min-height: 26px"><span class="col statcol"><em>HP</em><br>85</span> <span class="col statcol"><em>Atk</em><br>60</span> <span class="col statcol"><em>Def</em><br>130</span> <span class="col statcol"><em>SpA</em><br>135</span> <span class="col statcol"><em>SpD</em><br>80</span> <span class="col statcol"><em>Spe</em><br>25</span> </span></li><li style="clear: both"></li></ul></div><div class="battle-history"><small>(Gigalith-Kalos was created by Violet!)</small><br></div><div class="battle-history">[Sable's Drought]<br><small>The sunlight turned harsh!</small><br></div><div class="spacer battle-history"><br></div><div class="battle-history">The opposing Froelichia used <strong>Recover</strong>!<br></div><div class="battle-history"><small>The opposing Froelichia had its HP restored.</small><br></div><div class="spacer battle-history"><br></div><div class="battle-history"><small>(The sunlight is strong.)</small><br></div><div class="spacer battle-history"><br></div><h2 class="battle-history">Turn 6</h2><div class="spacer battle-history"><br></div><div class="battle-history">The opposing Froelichia used <strong>U-turn</strong>!<br></div><div class="battle-history"><small>(Sable lost <abbr title="−33/374">8.8%</abbr> of its health!)</small><br></div><div class="spacer battle-history"><br></div><div class="battle-history">The opposing Froelichia went back to H2OPulse!<br></div><div class="battle-history">H2OPulse sent out Mango (<strong>Noivern-Variant</strong>)!<br></div><div class="chat"><ul class="utilichart"><li class="result"><span class="col pokemonnamecol" style="white-space: nowrap">Noivern-Variant</span> <span class="col typecol"><img src="https://dragonheaven.herokuapp.com/sprites/types/Fighting.png" alt="Fighting" height="14" width="32"><img src="https://dragonheaven.herokuapp.com/sprites/types/Dragon.png" alt="Dragon" height="14" width="32"></span> <span style="float: left ; min-height: 26px"><span class="col abilitycol">Levitate</span><span class="col abilitycol"></span></span></li><li style="clear: both"></li></ul></div><div class="chat"><ul class="utilichart"><li class="result"><span style="float: left ; min-height: 26px"><span class="col statcol"><em>HP</em><br>95</span> <span class="col statcol"><em>Atk</em><br>70</span> <span class="col statcol"><em>Def</em><br>80</span> <span class="col statcol"><em>SpA</em><br>97</span> <span class="col statcol"><em>SpD</em><br>80</span> <span class="col statcol"><em>Spe</em><br>113</span> </span></li><li style="clear: both"></li></ul></div><div class="battle-history"><small>(Noivern-Variant was created by Hematite!)</small><br></div><div class="spacer battle-history"><br></div><div class="battle-history">Sable used <strong>Solar Beam</strong>!<br></div><div class="battle-history"><small>Sable absorbed light!</small><br></div><div class="battle-history"><small>It's not very effective...</small><br></div><div class="battle-history"><small>(The opposing Mango lost 31% of its health!)</small><br></div><div class="spacer battle-history"><br></div><div class="battle-history"><small>(The sunlight is strong.)</small><br></div><div class="spacer battle-history"><br></div><h2 class="battle-history">Turn 7</h2><div class="spacer battle-history"><br></div><div class="battle-history">Sable, come back!<br></div><div class="battle-history">Go! Tomato (<strong>Drifblim-Variant</strong>)!<br></div><div class="chat"><ul class="utilichart"><li class="result"><span class="col pokemonnamecol" style="white-space: nowrap">Drifblim-Variant</span> <span class="col typecol"><img src="https://dragonheaven.herokuapp.com/sprites/types/Fire.png" alt="Fire" height="14" width="32"><img src="https://dragonheaven.herokuapp.com/sprites/types/Flying.png" alt="Flying" height="14" width="32"></span> <span style="float: left ; min-height: 26px"><span class="col abilitycol">Emergency Exit</span><span class="col abilitycol"></span></span></li><li style="clear: both"></li></ul></div><div class="chat"><ul class="utilichart"><li class="result"><span style="float: left ; min-height: 26px"><span class="col statcol"><em>HP</em><br>140</span> <span class="col statcol"><em>Atk</em><br>70</span> <span class="col statcol"><em>Def</em><br>24</span> <span class="col statcol"><em>SpA</em><br>84</span> <span class="col statcol"><em>SpD</em><br>74</span> <span class="col statcol"><em>Spe</em><br>106</span> </span></li><li style="clear: both"></li></ul></div><div class="battle-history"><small>(Drifblim-Variant was created by inkbug!)</small><br></div><div class="spacer battle-history"><br></div><div class="battle-history">The opposing Mango used <strong>Draco Meteor</strong>!<br></div><div class="battle-history"><small>(Tomato lost <abbr title="−312/421">74.1%</abbr> of its health!)</small><br></div><div class="battle-history"><small>The opposing Mango's Sp. Atk fell harshly!</small><br></div><div class="battle-history">[Tomato's Emergency Exit]<br></div><div class="battle-history"><small>The opposing Mango lost some of its HP!</small><br></div><div class="chat chatmessage-inkbug1 mine"><strong style="color:#e46e0f"><small>☆</small><span class="username" data-name="inkbug1">inkbug1</span>:</strong> <em>owie fair </em></div><div class="spacer battle-history"><br></div><div class="battle-history">Tomato, come back!<br></div><div class="battle-history">Go! Trace (<strong>Aleon</strong>)!<br></div><div class="chat"><ul class="utilichart"><li class="result"><span class="col pokemonnamecol" style="white-space: nowrap">Aleon</span> <span class="col typecol"><img src="https://dragonheaven.herokuapp.com/sprites/types/Normal.png" alt="Normal" height="14" width="32"></span> <span style="float: left ; min-height: 26px"><span class="col abilitycol">Adaptability / Normalize / Beast Boost</span><span class="col abilitycol"></span></span></li><li style="clear: both"></li></ul></div><div class="chat"><ul class="utilichart"><li class="result"><span style="float: left ; min-height: 26px"><span class="col statcol"><em>HP</em><br>103</span> <span class="col statcol"><em>Atk</em><br>79</span> <span class="col statcol"><em>Def</em><br>53</span> <span class="col statcol"><em>SpA</em><br>89</span> <span class="col statcol"><em>SpD</em><br>67</span> <span class="col statcol"><em>Spe</em><br>134</span> </span></li><li style="clear: both"></li></ul></div><div class="battle-history"><small>(Aleon was created by inkbug!)</small><br></div><div class="spacer battle-history"><br></div><div class="battle-history"><small>(The sunlight is strong.)</small><br></div><div class="spacer battle-history"><br></div><h2 class="battle-history">Turn 8</h2><div class="spacer battle-history"><br></div><div class="battle-history">H2OPulse withdrew Mango!<br></div><div class="battle-history">H2OPulse sent out Rubia (<strong>Polteageist-Cold-Brew</strong>)!<br></div><div class="chat"><ul class="utilichart"><li class="result"><span class="col pokemonnamecol" style="white-space: nowrap">Polteageist-Cold-Brew</span> <span class="col typecol"><img src="https://dragonheaven.herokuapp.com/sprites/types/Dark.png" alt="Dark" height="14" width="32"><img src="https://dragonheaven.herokuapp.com/sprites/types/Ice.png" alt="Ice" height="14" width="32"></span> <span style="float: left ; min-height: 26px"><span class="col abilitycol">Bulletproof / Insomnia</span><span class="col abilitycol"></span></span></li><li style="clear: both"></li></ul></div><div class="chat"><ul class="utilichart"><li class="result"><span style="float: left ; min-height: 26px"><span class="col statcol"><em>HP</em><br>80</span> <span class="col statcol"><em>Atk</em><br>65</span> <span class="col statcol"><em>Def</em><br>45</span> <span class="col statcol"><em>SpA</em><br>114</span> <span class="col statcol"><em>SpD</em><br>134</span> <span class="col statcol"><em>Spe</em><br>70</span> </span></li><li style="clear: both"></li></ul></div><div class="battle-history"><small>(Polteageist-Cold-Brew was created by Hematite!)</small><br></div><div class="spacer battle-history"><br></div><div class="battle-history">Trace used <strong>Solar Beam</strong>!<br></div><div class="battle-history"><small>Trace absorbed light!</small><br></div><div class="battle-history"><small>(The opposing Rubia lost 33% of its health!)</small><br></div><div class="spacer battle-history"><br></div><div class="battle-history"><small>(The sunlight is strong.)</small><br></div><div class="spacer battle-history"><br></div><h2 class="battle-history">Turn 9</h2><div class="spacer battle-history"><br></div><div class="battle-history">Trace used <strong>Volt Switch</strong>!<br></div><div class="battle-history"><small>(The opposing Rubia lost 19% of its health!)</small><br></div><div class="spacer battle-history"><br></div><div class="battle-history">Trace went back to inkbug1!<br></div><div class="battle-history">Go! Oreo (<strong>Tenoris</strong>)!<br></div><div class="chat"><ul class="utilichart"><li class="result"><span class="col pokemonnamecol" style="white-space: nowrap">Tenoris</span> <span class="col typecol"><img src="https://dragonheaven.herokuapp.com/sprites/types/Ice.png" alt="Ice" height="14" width="32"><img src="https://dragonheaven.herokuapp.com/sprites/types/Dragon.png" alt="Dragon" height="14" width="32"></span> <span style="float: left ; min-height: 26px"><span class="col abilitycol">Volt Absorb / Slush Rush</span><span class="col abilitycol"></span></span></li><li style="clear: both"></li></ul></div><div class="chat"><ul class="utilichart"><li class="result"><span style="float: left ; min-height: 26px"><span class="col statcol"><em>HP</em><br>75</span> <span class="col statcol"><em>Atk</em><br>110</span> <span class="col statcol"><em>Def</em><br>70</span> <span class="col statcol"><em>SpA</em><br>80</span> <span class="col statcol"><em>SpD</em><br>75</span> <span class="col statcol"><em>Spe</em><br>80</span> </span></li><li style="clear: both"></li></ul></div><div class="battle-history"><small>(Tenoris was created by Albatross!)</small><br></div><div class="spacer battle-history"><br></div><div class="battle-history">The opposing Rubia used <strong>Strength Sap</strong>!<br></div><div class="battle-history"><small>Oreo's Attack fell!</small><br></div><div class="battle-history"><small>The opposing Rubia had its HP restored.</small><br></div><div class="spacer battle-history"><br></div><div class="battle-history"><small>(The sunlight is strong.)</small><br></div><div class="spacer battle-history"><br></div><h2 class="battle-history">Turn 10</h2><div class="spacer battle-history"><br></div><div class="battle-history">Oreo used <strong>Heat Wave</strong>!<br></div><div class="battle-history"><small>It's super effective!</small><br></div><div class="battle-history"><small>(The opposing Rubia lost 52% of its health!)</small><br></div><div class="spacer battle-history"><br></div><div class="battle-history">The opposing Rubia used <strong>Nasty Plot</strong>!<br></div><div class="battle-history"><small>The opposing Rubia's Sp. Atk rose sharply!</small><br></div><div class="spacer battle-history"><br></div><div class="battle-history"><small>(The sunlight is strong.)</small><br></div><div class="spacer battle-history"><br></div><h2 class="battle-history">Turn 11</h2><div class="chat chatmessage-h2opulse"><strong style="color:#6e8c2b"><small>☆</small><span class="username" data-name="H2OPulse">H2OPulse</span>:</strong> <em>Ah hm</em></div><div class="spacer battle-history"><br></div><div class="battle-history">H2OPulse withdrew Rubia!<br></div><div class="battle-history">H2OPulse sent out Cattail (<strong>Vaporeon</strong>)!<br></div><div class="spacer battle-history"><br></div><div class="battle-history">Oreo used <strong>Psych Up</strong>!<br></div><div class="battle-history"><small>Oreo copied the opposing Cattail's stat changes!</small><br></div><div class="spacer battle-history"><br></div><div class="battle-history"><small>(The sunlight is strong.)</small><br></div><div class="spacer battle-history"><br></div><h2 class="battle-history">Turn 12</h2><div class="chat chatmessage-inkbug1 mine"><strong style="color:#e46e0f"><small>☆</small><span class="username" data-name="inkbug1">inkbug1</span>:</strong> <em>*noooo i got gamed*</em></div><div class="chat chatmessage-h2opulse"><strong style="color:#6e8c2b"><small>☆</small><span class="username" data-name="H2OPulse">H2OPulse</span>:</strong> <em>ADHFJGK</em></div><div class="chat chatmessage-h2opulse"><strong style="color:#6e8c2b"><small>☆</small><span class="username" data-name="H2OPulse">H2OPulse</span>:</strong> <em>THAT WOULD HAVE BEEN SO FUNNY I'M SO SORRY</em></div><div class="chat chatmessage-inkbug1 mine"><strong style="color:#e46e0f"><small>☆</small><span class="username" data-name="inkbug1">inkbug1</span>:</strong> <em>jhgjkgkjg</em></div><div class="spacer battle-history"><br></div><div class="battle-history">Oreo, come back!<br></div><div class="battle-history">Go! Carpenter (<strong>Naganadel-Terrestrial</strong>)!<br></div><div class="spacer battle-history"><br></div><div class="battle-history">The opposing Cattail used <strong>Wish</strong>!<br></div><div class="spacer battle-history"><br></div><div class="battle-history"><small>The harsh sunlight faded.</small><br></div><div class="spacer battle-history"><br></div><h2 class="battle-history">Turn 13</h2><div class="chat chatmessage-inkbug1 mine"><strong style="color:#e46e0f"><small>☆</small><span class="username" data-name="inkbug1">inkbug1</span>:</strong> <em>its extremely hilarious in combination with draco too</em></div><div class="chat chatmessage-h2opulse"><strong style="color:#6e8c2b"><small>☆</small><span class="username" data-name="H2OPulse">H2OPulse</span>:</strong> <em>Truuue</em></div><div class="spacer battle-history"><br></div><div class="battle-history">H2OPulse withdrew Cattail!<br></div><div class="battle-history">H2OPulse sent out Froelichia (<strong>Orbeetle-Variant</strong>)!<br></div><div class="battle-history">[The opposing Froelichia's Frisk]<br><small>The opposing Froelichia frisked Carpenter and found its Heavy-Duty Boots!</small><br></div><div class="spacer battle-history"><br></div><div class="battle-history">Carpenter used <strong>Spikes</strong>!<br></div><div class="battle-history"><small>Spikes were scattered on the ground all around the opposing team!</small><br></div><div class="spacer battle-history"><br></div><div class="battle-history"><small>Cattail's wish came true!</small><br></div><div class="spacer battle-history"><br></div><h2 class="battle-history">Turn 14</h2><div class="spacer battle-history"><br></div><div class="battle-history">The opposing Froelichia used <strong>Sticky Web</strong>!<br></div><div class="battle-history"><small>A sticky web has been laid out on the ground around your team!</small><br></div><div class="spacer battle-history"><br></div><div class="battle-history">Carpenter used <strong>Draco Meteor</strong>!<br></div><div class="battle-history"><small>(The opposing Froelichia lost 75% of its health!)</small><br></div><div class="battle-history"><small>Carpenter's Sp. Atk fell harshly!</small><br></div><div class="spacer battle-history"><br></div><h2 class="battle-history">Turn 15</h2><div class="spacer battle-history"><br></div><div class="battle-history">The opposing Froelichia used <strong>Recover</strong>!<br></div><div class="battle-history"><small>The opposing Froelichia had its HP restored.</small><br></div><div class="spacer battle-history"><br></div><div class="battle-history">Carpenter used <strong>Leech Life</strong>!<br></div><div class="battle-history"><small>(The opposing Froelichia lost 37% of its health!)</small><br></div><div class="spacer battle-history"><br></div><h2 class="battle-history">Turn 16</h2><div class="spacer battle-history"><br></div><div class="battle-history">The opposing Froelichia used <strong>Recover</strong>!<br></div><div class="battle-history"><small>The opposing Froelichia had its HP restored.</small><br></div><div class="spacer battle-history"><br></div><div class="battle-history">Carpenter used <strong>U-turn</strong>!<br></div><div class="battle-history"><small>(The opposing Froelichia lost 35% of its health!)</small><br></div><div class="spacer battle-history"><br></div><div class="battle-history">Carpenter went back to inkbug1!<br></div><div class="battle-history">Go! Tomato (<strong>Drifblim-Variant</strong>)!<br></div><div class="spacer battle-history"><br></div><h2 class="battle-history">Turn 17</h2><div class="chat chatmessage-h2opulse"><strong style="color:#6e8c2b"><small>☆</small><span class="username" data-name="H2OPulse">H2OPulse</span>:</strong> <em>Leech Life does almost exactly half as much as Draco that's kinda funny</em></div><div class="chat chatmessage-inkbug1 mine"><strong style="color:#e46e0f"><small>☆</small><span class="username" data-name="inkbug1">inkbug1</span>:</strong> <em>thts also uh</em></div><div class="chat chatmessage-inkbug1 mine"><strong style="color:#e46e0f"><small>☆</small><span class="username" data-name="inkbug1">inkbug1</span>:</strong> <em>252 neutral vs 0 neutral askdasd</em></div><div class="spacer battle-history"><br></div><div class="battle-history">H2OPulse withdrew Froelichia!<br></div><div class="battle-history">H2OPulse sent out Cattail (<strong>Vaporeon</strong>)!<br></div><div class="battle-history"><small>The opposing Cattail was hurt by the spikes!</small><br></div><div class="spacer battle-history"><br></div><div class="battle-history">Tomato used <strong>Strength Sap</strong>!<br></div><div class="battle-history"><small>The opposing Cattail's Attack fell!</small><br></div><div class="battle-history"><small>Tomato had its HP restored.</small><br></div><div class="spacer battle-history"><br></div><div class="battle-history"><small>The opposing Cattail restored a little HP using its Leftovers!</small><br></div><div class="spacer battle-history"><br></div><h2 class="battle-history">Turn 18</h2><div class="chat chatmessage-h2opulse"><strong style="color:#6e8c2b"><small>☆</small><span class="username" data-name="H2OPulse">H2OPulse</span>:</strong> <em>Pff</em></div><div class="chat chatmessage-inkbug1 mine"><strong style="color:#e46e0f"><small>☆</small><span class="username" data-name="inkbug1">inkbug1</span>:</strong> <em>i will take it</em></div><div class="chat chatmessage-h2opulse"><strong style="color:#6e8c2b"><small>☆</small><span class="username" data-name="H2OPulse">H2OPulse</span>:</strong> <em>Oh huh! Not what I expected I see--</em></div><div class="spacer battle-history"><br></div><div class="battle-history">Tomato used <strong>Strength Sap</strong>!<br></div><div class="battle-history"><small>The opposing Cattail's Attack fell!</small><br></div><div class="battle-history"><small>Tomato had its HP restored.</small><br></div><div class="spacer battle-history"><br></div><div class="battle-history">The opposing Cattail used <strong>Flip Turn</strong>!<br></div><div class="battle-history"><small>It's super effective!</small><br></div><div class="battle-history"><small>(Tomato lost <abbr title="−144/421">34.2%</abbr> of its health!)</small><br></div><div class="spacer battle-history"><br></div><div class="battle-history">H2OPulse withdrew Cattail!<br></div><div class="battle-history">H2OPulse sent out Mango (<strong>Noivern-Variant</strong>)!<br></div><div class="spacer battle-history"><br></div><h2 class="battle-history">Turn 19</h2><div class="spacer battle-history"><br></div><div class="battle-history">Tomato used <strong>Strength Sap</strong>!<br></div><div class="battle-history"><small>The opposing Mango's Attack fell!</small><br></div><div class="battle-history"><small>Tomato had its HP restored.</small><br></div><div class="spacer battle-history"><br></div><div class="battle-history">The opposing Mango used <strong>Defog</strong>!<br></div><div class="battle-history"><small>Tomato's evasiveness fell!</small><br></div><div class="battle-history"><small>The sticky web has disappeared from the ground around your team!</small><br></div><div class="battle-history"><small>The spikes disappeared from the ground around the opposing team!</small><br></div><div class="spacer battle-history"><br></div><h2 class="battle-history">Turn 20</h2><div class="spacer battle-history"><br></div><div class="battle-history">Tomato, come back!<br></div><div class="battle-history">Go! Eloise (<strong>Tsareena</strong>)!<br></div><div class="spacer battle-history"><br></div><div class="battle-history">The opposing Mango used <strong>Draco Meteor</strong>!<br></div><div class="battle-history"><small>(Eloise lost <abbr title="−168/348">48.3%</abbr> of its health!)</small><br></div><div class="battle-history"><small>The opposing Mango's Sp. Atk fell harshly!</small><br></div><div class="battle-history"><small>The opposing Mango lost some of its HP!</small><br></div><div class="spacer battle-history"><br></div><h2 class="battle-history">Turn 21</h2><div class="spacer battle-history"><br></div><div class="battle-history">Eloise, come back!<br></div><div class="battle-history">Go! Sable (<strong>Gigalith-Kalos</strong>)!<br></div><div class="battle-history">[Sable's Drought]<br><small>The sunlight turned harsh!</small><br></div><div class="spacer battle-history"><br></div><div class="battle-history">The opposing Mango used <strong>U-turn</strong>!<br></div><div class="battle-history"><small>(Sable lost <abbr title="−27/374">7.2%</abbr> of its health!)</small><br></div><div class="battle-history"><small>The opposing Mango lost some of its HP!</small><br></div><div class="spacer battle-history"><br></div><div class="battle-history">The opposing Mango went back to H2OPulse!<br></div><div class="battle-history">H2OPulse sent out Foxfire (<strong>Shiinotic-Kalos</strong>)!<br></div><div class="chat"><ul class="utilichart"><li class="result"><span class="col pokemonnamecol" style="white-space: nowrap">Shiinotic-Kalos</span> <span class="col typecol"><img src="https://dragonheaven.herokuapp.com/sprites/types/Poison.png" alt="Poison" height="14" width="32"><img src="https://dragonheaven.herokuapp.com/sprites/types/Fairy.png" alt="Fairy" height="14" width="32"></span> <span style="float: left ; min-height: 26px"><span class="col abilitycol">Illuminate / Effect Spore / Technician</span><span class="col abilitycol"></span></span></li><li style="clear: both"></li></ul></div><div class="chat"><ul class="utilichart"><li class="result"><span style="float: left ; min-height: 26px"><span class="col statcol"><em>HP</em><br>60</span> <span class="col statcol"><em>Atk</em><br>45</span> <span class="col statcol"><em>Def</em><br>60</span> <span class="col statcol"><em>SpA</em><br>90</span> <span class="col statcol"><em>SpD</em><br>80</span> <span class="col statcol"><em>Spe</em><br>70</span> </span></li><li style="clear: both"></li></ul></div><div class="battle-history"><small>(Shiinotic-Kalos was created by Hematite!)</small><br></div><div class="spacer battle-history"><br></div><div class="battle-history"><small>(The sunlight is strong.)</small><br></div><div class="spacer battle-history"><br></div><h2 class="battle-history">Turn 22</h2><div class="chat chatmessage-inkbug1 mine"><strong style="color:#e46e0f"><small>☆</small><span class="username" data-name="inkbug1">inkbug1</span>:</strong> <em>hmmm</em></div><div class="spacer battle-history"><br></div><div class="battle-history">The opposing Foxfire used <strong>Spore</strong>!<br></div><div class="battle-history"><small>Sable fell asleep!</small><br></div><div class="spacer battle-history"><br></div><div class="battle-history">Sable is fast asleep.<br></div><div class="spacer battle-history"><br></div><div class="battle-history"><small>(The sunlight is strong.)</small><br></div><div class="spacer battle-history"><br></div><h2 class="battle-history">Turn 23</h2><div class="spacer battle-history"><br></div><div class="battle-history">The opposing Foxfire used <strong>Acid Spray</strong>!<br></div><div class="battle-history"><small>It's not very effective...</small><br></div><div class="battle-history"><small>(Sable lost <abbr title="−54/374">14.4%</abbr> of its health!)</small><br></div><div class="battle-history"><small>Sable's Sp. Def fell harshly!</small><br></div><div class="battle-history"><small>Sable woke up!</small><br></div><div class="spacer battle-history"><br></div><div class="battle-history">Sable used <strong>Weather Ball</strong>!<br></div><div class="battle-history"><small>(The opposing Foxfire lost 84% of its health!)</small><br></div><div class="spacer battle-history"><br></div><div class="battle-history"><small>(The sunlight is strong.)</small><br></div><div class="battle-history"><small>The opposing Foxfire restored a little HP using its Black Sludge!</small><br></div><div class="spacer battle-history"><br></div><h2 class="battle-history">Turn 24</h2><div class="chat chatmessage-inkbug1 mine"><strong style="color:#e46e0f"><small>☆</small><span class="username" data-name="inkbug1">inkbug1</span>:</strong> <em>oh okay </em></div><div class="spacer battle-history"><br></div><div class="battle-history">Sable, come back!<br></div><div class="battle-history">Go! Tomato (<strong>Drifblim-Variant</strong>)!<br></div><div class="spacer battle-history"><br></div><div class="battle-history">The opposing Foxfire used <strong>Draining Kiss</strong>!<br></div><div class="battle-history"><small>It's not very effective...</small><br></div><div class="battle-history"><small>(Tomato lost <abbr title="−67/421">15.9%</abbr> of its health!)</small><br></div><div class="battle-history"><small>Tomato had its energy drained!</small><br></div><div class="spacer battle-history"><br></div><div class="battle-history"><small>(The sunlight is strong.)</small><br></div><div class="battle-history"><small>The opposing Foxfire restored a little HP using its Black Sludge!</small><br></div><div class="spacer battle-history"><br></div><h2 class="battle-history">Turn 25</h2><div class="spacer battle-history"><br></div><div class="battle-history">H2OPulse withdrew Foxfire!<br></div><div class="battle-history">H2OPulse sent out Cattail (<strong>Vaporeon</strong>)!<br></div><div class="spacer battle-history"><br></div><div class="battle-history">Tomato used <strong>Mind Blown</strong>!<br></div><div class="battle-history"><small>It's not very effective...</small><br></div><div class="battle-history"><small>(The opposing Cattail lost 26% of its health!)</small><br></div><div class="battle-history"><small>(Tomato cut its own HP to power up its move!)</small><br></div><div class="battle-history">[Tomato's Emergency Exit]<br></div><div class="spacer battle-history"><br></div><div class="battle-history">Tomato, come back!<br></div><div class="battle-history">Go! Eloise (<strong>Tsareena</strong>)!<br></div><div class="spacer battle-history"><br></div><div class="battle-history"><small>(The sunlight is strong.)</small><br></div><div class="battle-history"><small>The opposing Cattail restored a little HP using its Leftovers!</small><br></div><div class="spacer battle-history"><br></div><h2 class="battle-history">Turn 26</h2><div class="spacer battle-history"><br></div><div class="battle-history">The opposing Cattail used <strong>Protect</strong>!<br></div><div class="battle-history"><small>The opposing Cattail protected itself!</small><br></div><div class="spacer battle-history"><br></div><div class="battle-history">Eloise used <strong>Solar Blade</strong>!<br></div><div class="battle-history"><small>Eloise absorbed light!</small><br></div><div class="battle-history"><small>The opposing Cattail protected itself!</small><br></div><div class="spacer battle-history"><br></div><div class="battle-history"><small>(The sunlight is strong.)</small><br></div><div class="battle-history"><small>The opposing Cattail restored a little HP using its Leftovers!</small><br></div><div class="spacer battle-history"><br></div><h2 class="battle-history">Turn 27</h2><div class="spacer battle-history"><br></div><div class="battle-history">H2OPulse withdrew Cattail!<br></div><div class="battle-history">H2OPulse sent out Froelichia (<strong>Orbeetle-Variant</strong>)!<br></div><div class="battle-history">[The opposing Froelichia's Frisk]<br><small>The opposing Froelichia frisked Eloise and found its Assault Vest!</small><br></div><div class="spacer battle-history"><br></div><div class="battle-history">Eloise used <strong>Solar Blade</strong>!<br></div><div class="battle-history"><small>Eloise absorbed light!</small><br></div><div class="battle-history"><small>It's not very effective...</small><br></div><div class="battle-history"><small>(The opposing Froelichia lost 34% of its health!)</small><br></div><div class="spacer battle-history"><br></div><div class="battle-history"><small>(The sunlight is strong.)</small><br></div><div class="spacer battle-history"><br></div><h2 class="battle-history">Turn 28</h2><div class="spacer battle-history"><br></div><div class="battle-history">Eloise, come back!<br></div><div class="battle-history">Go! Trace (<strong>Aleon</strong>)!<br></div><div class="spacer battle-history"><br></div><div class="battle-history">The opposing Froelichia used <strong>Recover</strong>!<br></div><div class="battle-history"><small>The opposing Froelichia had its HP restored.</small><br></div><div class="spacer battle-history"><br></div><div class="battle-history"><small>The harsh sunlight faded.</small><br></div><div class="spacer battle-history"><br></div><h2 class="battle-history">Turn 29</h2><div class="spacer battle-history"><br></div><div class="battle-history">Trace used <strong>Wish</strong>!<br></div><div class="spacer battle-history"><br></div><div class="battle-history">The opposing Froelichia used <strong>Recover</strong>!<br></div><div class="battle-history"><small>The opposing Froelichia had its HP restored.</small><br></div><div class="spacer battle-history"><br></div><h2 class="battle-history">Turn 30</h2><div class="spacer battle-history"><br></div><div class="battle-history">Trace used <strong>Solar Beam</strong>!<br></div><div class="battle-history"><small>Trace absorbed light!</small><br></div><div class="battle-history"><small>Trace became fully charged due to its Power Herb!</small><br></div><div class="battle-history"><small>A critical hit!</small><br></div><div class="battle-history"><small>(The opposing Froelichia lost 86% of its health!)</small><br></div><div class="spacer battle-history"><br></div><div class="battle-history">The opposing Froelichia used <strong>U-turn</strong>!<br></div><div class="battle-history"><small>(Trace lost <abbr title="−70/409">17.1%</abbr> of its health!)</small><br></div><div class="chat chatmessage-inkbug1 mine"><strong style="color:#e46e0f"><small>☆</small><span class="username" data-name="inkbug1">inkbug1</span>:</strong> <em>TRACE </em></div><div class="chat chatmessage-inkbug1 mine"><strong style="color:#e46e0f"><small>☆</small><span class="username" data-name="inkbug1">inkbug1</span>:</strong> <em>STOP IT</em></div><div class="chat chatmessage-h2opulse"><strong style="color:#6e8c2b"><small>☆</small><span class="username" data-name="H2OPulse">H2OPulse</span>:</strong> <em>HAHAHA</em></div><div class="chat chatmessage-h2opulse"><strong style="color:#6e8c2b"><small>☆</small><span class="username" data-name="H2OPulse">H2OPulse</span>:</strong> <em>OW--</em></div><div class="chat chatmessage-inkbug1 mine"><strong style="color:#e46e0f"><small>☆</small><span class="username" data-name="inkbug1">inkbug1</span>:</strong> <em>this guy i swear-</em></div><div class="spacer battle-history"><br></div><div class="battle-history">The opposing Froelichia went back to H2OPulse!<br></div><div class="battle-history">H2OPulse sent out Cattail (<strong>Vaporeon</strong>)!<br></div><div class="spacer battle-history"><br></div><div class="battle-history"><small>Trace's wish came true!</small><br></div><div class="battle-history"><small>The opposing Cattail restored a little HP using its Leftovers!</small><br></div><div class="spacer battle-history"><br></div><h2 class="battle-history">Turn 31</h2><div class="spacer battle-history"><br></div><div class="battle-history">Trace used <strong>Wish</strong>!<br></div><div class="spacer battle-history"><br></div><div class="battle-history">The opposing Cattail used <strong>Wish</strong>!<br></div><div class="spacer battle-history"><br></div><div class="battle-history"><small>The opposing Cattail restored a little HP using its Leftovers!</small><br></div><div class="spacer battle-history"><br></div><h2 class="battle-history">Turn 32</h2><div class="spacer battle-history"><br></div><div class="battle-history">Trace, come back!<br></div><div class="battle-history">Go! Eloise (<strong>Tsareena</strong>)!<br></div><div class="spacer battle-history"><br></div><div class="battle-history">The opposing Cattail used <strong>Flip Turn</strong>!<br></div><div class="battle-history"><small>It's not very effective...</small><br></div><div class="battle-history"><small>(Eloise lost <abbr title="−26/348">7.5%</abbr> of its health!)</small><br></div><div class="chat chatmessage-inkbug1 mine"><strong style="color:#e46e0f"><small>☆</small><span class="username" data-name="inkbug1">inkbug1</span>:</strong> <em>phew </em></div><div class="chat chatmessage-h2opulse"><strong style="color:#6e8c2b"><small>☆</small><span class="username" data-name="H2OPulse">H2OPulse</span>:</strong> <em>Mmksjdjfkf</em></div><div class="chat chatmessage-inkbug1 mine"><strong style="color:#e46e0f"><small>☆</small><span class="username" data-name="inkbug1">inkbug1</span>:</strong> <em>i was not sure she would live that amhdfskjdfh</em></div><div class="spacer battle-history"><br></div><div class="battle-history">H2OPulse withdrew Cattail!<br></div><div class="battle-history">H2OPulse sent out Froelichia (<strong>Orbeetle-Variant</strong>)!<br></div><div class="battle-history">[The opposing Froelichia's Frisk]<br><small>The opposing Froelichia frisked Eloise and found its Assault Vest!</small><br></div><div class="spacer battle-history"><br></div><div class="battle-history"><small>Trace's wish came true!</small><br></div><div class="battle-history"><small>Cattail's wish came true!</small><br></div><div class="spacer battle-history"><br></div><h2 class="battle-history">Turn 33</h2><div class="spacer battle-history"><br></div><div class="battle-history">Eloise, come back!<br></div><div class="battle-history">Go! Sable (<strong>Gigalith-Kalos</strong>)!<br></div><div class="battle-history">[Sable's Drought]<br><small>The sunlight turned harsh!</small><br></div><div class="spacer battle-history"><br></div><div class="battle-history">The opposing Froelichia used <strong>U-turn</strong>!<br></div><div class="battle-history"><small>(Sable lost <abbr title="−36/374">9.6%</abbr> of its health!)</small><br></div><div class="spacer battle-history"><br></div><div class="battle-history">The opposing Froelichia went back to H2OPulse!<br></div><div class="battle-history">H2OPulse sent out Foxfire (<strong>Shiinotic-Kalos</strong>)!<br></div><div class="spacer battle-history"><br></div><div class="battle-history"><small>(The sunlight is strong.)</small><br></div><div class="battle-history"><small>The opposing Foxfire restored a little HP using its Black Sludge!</small><br></div><div class="spacer battle-history"><br></div><h2 class="battle-history">Turn 34</h2><div class="spacer battle-history"><br></div><div class="battle-history">Sable, come back!<br></div><div class="battle-history">Go! Eloise (<strong>Tsareena</strong>)!<br></div><div class="spacer battle-history"><br></div><div class="battle-history">The opposing Foxfire used <strong>Hidden Power</strong>!<br></div><div class="battle-history"><small>It's super effective!</small><br></div><div class="battle-history"><small>(Eloise lost <abbr title="−162/348">46.6%</abbr> of its health!)</small><br></div><div class="spacer battle-history"><br></div><div class="battle-history"><small>(The sunlight is strong.)</small><br></div><div class="battle-history"><small>The opposing Foxfire restored a little HP using its Black Sludge!</small><br></div><div class="spacer battle-history"><br></div><h2 class="battle-history">Turn 35</h2><div class="chat chatmessage-inkbug1 mine"><strong style="color:#e46e0f"><small>☆</small><span class="username" data-name="inkbug1">inkbug1</span>:</strong> <em>i see fair play </em></div><div class="chat chatmessage-h2opulse"><strong style="color:#6e8c2b"><small>☆</small><span class="username" data-name="H2OPulse">H2OPulse</span>:</strong> <em>Jsfjf</em></div><div class="spacer battle-history"><br></div><div class="battle-history">H2OPulse withdrew Foxfire!<br></div><div class="battle-history">H2OPulse sent out Froelichia (<strong>Orbeetle-Variant</strong>)!<br></div><div class="battle-history">[The opposing Froelichia's Frisk]<br><small>The opposing Froelichia frisked Eloise and found its Assault Vest!</small><br></div><div class="spacer battle-history"><br></div><div class="battle-history">Eloise, come back!<br></div><div class="battle-history">Go! Trace (<strong>Aleon</strong>)!<br></div><div class="spacer battle-history"><br></div><div class="battle-history"><small>(The sunlight is strong.)</small><br></div><div class="spacer battle-history"><br></div><h2 class="battle-history">Turn 36</h2><div class="spacer battle-history"><br></div><div class="battle-history">Trace used <strong>Weather Ball</strong>!<br></div><div class="battle-history"><small>It's super effective!</small><br></div><div class="battle-history"><small>(The opposing Froelichia lost 77% of its health!)</small><br></div><div class="spacer battle-history"><br></div><div class="battle-history">The opposing Froelichia used <strong>Recover</strong>!<br></div><div class="battle-history"><small>The opposing Froelichia had its HP restored.</small><br></div><div class="spacer battle-history"><br></div><div class="battle-history"><small>(The sunlight is strong.)</small><br></div><div class="spacer battle-history"><br></div><h2 class="battle-history">Turn 37</h2><div class="chat chatmessage-h2opulse"><strong style="color:#6e8c2b"><small>☆</small><span class="username" data-name="H2OPulse">H2OPulse</span>:</strong> <em>RIght,,</em></div><div class="spacer battle-history"><br></div><div class="battle-history">H2OPulse withdrew Froelichia!<br></div><div class="battle-history">H2OPulse sent out Rubia (<strong>Polteageist-Cold-Brew</strong>)!<br></div><div class="spacer battle-history"><br></div><div class="battle-history">Trace used <strong>Wish</strong>!<br></div><div class="spacer battle-history"><br></div><div class="battle-history"><small>(The sunlight is strong.)</small><br></div><div class="spacer battle-history"><br></div><h2 class="battle-history">Turn 38</h2><div class="spacer battle-history"><br></div><div class="battle-history">Trace, come back!<br></div><div class="battle-history">Go! Tomato (<strong>Drifblim-Variant</strong>)!<br></div><div class="spacer battle-history"><br></div><div class="battle-history">The opposing Rubia used <strong>Strength Sap</strong>!<br></div><div class="battle-history"><small>Tomato's Attack fell!</small><br></div><div class="battle-history"><small>The opposing Rubia had its HP restored.</small><br></div><div class="spacer battle-history"><br></div><div class="battle-history"><small>(The sunlight is strong.)</small><br></div><div class="battle-history"><small>Trace's wish came true!</small><br></div><div class="spacer battle-history"><br></div><h2 class="battle-history">Turn 39</h2><div class="spacer battle-history"><br></div><div class="battle-history">H2OPulse withdrew Rubia!<br></div><div class="battle-history">H2OPulse sent out Cattail (<strong>Vaporeon</strong>)!<br></div><div class="spacer battle-history"><br></div><div class="battle-history">Tomato used <strong>Trick</strong>!<br></div><div class="battle-history"><small>Tomato switched items with its target!</small><br></div><div class="battle-history"><small>The opposing Cattail obtained one Choice Scarf.</small><br></div><div class="battle-history"><small>Tomato obtained one Leftovers.</small><br></div><div class="spacer battle-history"><br></div><div class="battle-history"><small>(The sunlight is strong.)</small><br></div><div class="battle-history"><small>Tomato restored a little HP using its Leftovers!</small><br></div><div class="spacer battle-history"><br></div><h2 class="battle-history">Turn 40</h2><div class="chat chatmessage-h2opulse"><strong style="color:#6e8c2b"><small>☆</small><span class="username" data-name="H2OPulse">H2OPulse</span>:</strong> <em>I SEE</em></div><div class="chat chatmessage-inkbug1 mine"><strong style="color:#e46e0f"><small>☆</small><span class="username" data-name="inkbug1">inkbug1</span>:</strong> <em>delicious</em></div><div class="chat chatmessage-h2opulse"><strong style="color:#6e8c2b"><small>☆</small><span class="username" data-name="H2OPulse">H2OPulse</span>:</strong> <em>THAT'S BAD--</em></div><div class="spacer battle-history"><br></div><div class="battle-history">Tomato used <strong>Solar Beam</strong>!<br></div><div class="battle-history"><small>Tomato absorbed light!</small><br></div><div class="battle-history"><small>It's super effective!</small><br></div><div class="battle-history"><small>(The opposing Cattail lost 35% of its health!)</small><br></div><div class="spacer battle-history"><br></div><div class="battle-history">The opposing Cattail used <strong>Wish</strong>!<br></div><div class="spacer battle-history"><br></div><div class="battle-history"><small>The harsh sunlight faded.</small><br></div><div class="battle-history"><small>Tomato restored a little HP using its Leftovers!</small><br></div><div class="spacer battle-history"><br></div><h2 class="battle-history">Turn 41</h2><div class="chat chatmessage-inkbug1 mine"><strong style="color:#e46e0f"><small>☆</small><span class="username" data-name="inkbug1">inkbug1</span>:</strong> <em>see this is like </em></div><div class="chat chatmessage-inkbug1 mine"><strong style="color:#e46e0f"><small>☆</small><span class="username" data-name="inkbug1">inkbug1</span>:</strong> <em>if you trick them into a move tht then knocks u under half (which most moves do) </em></div><div class="chat chatmessage-h2opulse"><strong style="color:#6e8c2b"><small>☆</small><span class="username" data-name="H2OPulse">H2OPulse</span>:</strong> <em>RIGHT</em></div><div class="chat chatmessage-inkbug1 mine"><strong style="color:#e46e0f"><small>☆</small><span class="username" data-name="inkbug1">inkbug1</span>:</strong> <em>u can react immediately w/o havign to take a turn</em></div><div class="chat chatmessage-h2opulse"><strong style="color:#6e8c2b"><small>☆</small><span class="username" data-name="H2OPulse">H2OPulse</span>:</strong> <em>THAT'S SO FUN OH NAN</em></div><div class="chat chatmessage-h2opulse"><strong style="color:#6e8c2b"><small>☆</small><span class="username" data-name="H2OPulse">H2OPulse</span>:</strong> <em>*MAN</em></div><div class="chat chatmessage-inkbug1 mine"><strong style="color:#e46e0f"><small>☆</small><span class="username" data-name="inkbug1">inkbug1</span>:</strong> <em>which is kind of insane ?? </em></div><div class="chat chatmessage-h2opulse"><strong style="color:#6e8c2b"><small>☆</small><span class="username" data-name="H2OPulse">H2OPulse</span>:</strong> <em>YEAH</em></div><div class="chat chatmessage-h2opulse"><strong style="color:#6e8c2b"><small>☆</small><span class="username" data-name="H2OPulse">H2OPulse</span>:</strong> <em>Ohhhh that's brilliant okay</em></div><div class="chat chatmessage-inkbug1 mine"><strong style="color:#e46e0f"><small>☆</small><span class="username" data-name="inkbug1">inkbug1</span>:</strong> <em>and its also jsut stupid fast for pivoting </em></div><div class="chat chatmessage-inkbug1 mine"><strong style="color:#e46e0f"><small>☆</small><span class="username" data-name="inkbug1">inkbug1</span>:</strong> <em>being locked into strength sap isnt like </em></div><div class="chat chatmessage-inkbug1 mine"><strong style="color:#e46e0f"><small>☆</small><span class="username" data-name="inkbug1">inkbug1</span>:</strong> <em>terrible with eexit</em></div><div class="chat chatmessage-h2opulse"><strong style="color:#6e8c2b"><small>☆</small><span class="username" data-name="H2OPulse">H2OPulse</span>:</strong> <em>I Mean</em></div><div class="chat chatmessage-h2opulse"><strong style="color:#6e8c2b"><small>☆</small><span class="username" data-name="H2OPulse">H2OPulse</span>:</strong> <em>I genuinely didn't</em></div><div class="chat chatmessage-h2opulse"><strong style="color:#6e8c2b"><small>☆</small><span class="username" data-name="H2OPulse">H2OPulse</span>:</strong> <em>notice that you were choice-locked so--</em></div><div class="chat chatmessage-h2opulse"><strong style="color:#6e8c2b"><small>☆</small><span class="username" data-name="H2OPulse">H2OPulse</span>:</strong> <em>yeah :'D</em></div><div class="chat chatmessage-inkbug1 mine"><strong style="color:#e46e0f"><small>☆</small><span class="username" data-name="inkbug1">inkbug1</span>:</strong> <em>yeah i mean tht was a completely normal amount of times to click that but i thought it outspeeding noivern </em></div><div class="chat chatmessage-inkbug1 mine"><strong style="color:#e46e0f"><small>☆</small><span class="username" data-name="inkbug1">inkbug1</span>:</strong> <em>would b a giveawy</em></div><div class="chat chatmessage-inkbug1 mine"><strong style="color:#e46e0f"><small>☆</small><span class="username" data-name="inkbug1">inkbug1</span>:</strong> <em>but also its speedy still so thts not suspicious</em></div><div class="chat chatmessage-h2opulse"><strong style="color:#6e8c2b"><small>☆</small><span class="username" data-name="H2OPulse">H2OPulse</span>:</strong> <em>oh I didn't notice ashfjgk right--</em></div><div class="spacer battle-history"><br></div><div class="battle-history">Tomato, come back!<br></div><div class="battle-history">Go! Sable (<strong>Gigalith-Kalos</strong>)!<br></div><div class="battle-history">[Sable's Drought]<br><small>The sunlight turned harsh!</small><br></div><div class="spacer battle-history"><br></div><div class="battle-history">The opposing Cattail used <strong>Wish</strong>!<br></div><div class="battle-history"><small>But it failed!</small><br></div><div class="spacer battle-history"><br></div><div class="battle-history"><small>(The sunlight is strong.)</small><br></div><div class="battle-history"><small>Cattail's wish came true!</small><br></div><div class="spacer battle-history"><br></div><h2 class="battle-history">Turn 42</h2><div class="chat chatmessage-h2opulse"><strong style="color:#6e8c2b"><small>☆</small><span class="username" data-name="H2OPulse">H2OPulse</span>:</strong> <em>That was on purpose because I expected a Mind Blown but uhhhhhhhhh</em></div><div class="chat chatmessage-h2opulse"><strong style="color:#6e8c2b"><small>☆</small><span class="username" data-name="H2OPulse">H2OPulse</span>:</strong> <em>now what do I do ashfjg</em></div><div class="spacer battle-history"><br></div><div class="battle-history">H2OPulse withdrew Cattail!<br></div><div class="battle-history">H2OPulse sent out Rubia (<strong>Polteageist-Cold-Brew</strong>)!<br></div><div class="spacer battle-history"><br></div><div class="battle-history">Sable used <strong>Solar Beam</strong>!<br></div><div class="battle-history"><small>Sable absorbed light!</small><br></div><div class="battle-history"><small>(The opposing Rubia lost 35% of its health!)</small><br></div><div class="spacer battle-history"><br></div><div class="battle-history"><small>(The sunlight is strong.)</small><br></div><div class="spacer battle-history"><br></div><h2 class="battle-history">Turn 43</h2><div class="chat chatmessage-inkbug1 mine"><strong style="color:#e46e0f"><small>☆</small><span class="username" data-name="inkbug1">inkbug1</span>:</strong> <em>oh i figured u were trying to pass a wish and i knew u couldnt flip turn to see what i switched to </em></div><div class="chat chatmessage-inkbug1 mine"><strong style="color:#e46e0f"><small>☆</small><span class="username" data-name="inkbug1">inkbug1</span>:</strong> <em>i love how resurrectric pairs w marowaks existing option of lightning rod it becomes legit rlly horrifying its awesome</em></div><div class="chat chatmessage-h2opulse"><strong style="color:#6e8c2b"><small>☆</small><span class="username" data-name="H2OPulse">H2OPulse</span>:</strong> <em>Yesssssss</em></div><div class="spacer battle-history"><br></div><div class="battle-history">The opposing Rubia used <strong>Dark Pulse</strong>!<br></div><div class="battle-history"><small>(Sable lost <abbr title="−139/374">37.2%</abbr> of its health!)</small><br></div><div class="spacer battle-history"><br></div><div class="battle-history">Sable used <strong>Power Gem</strong>!<br></div><div class="battle-history"><small>It's super effective!</small><br></div><div class="battle-history"><small>(The opposing Rubia lost 49% of its health!)</small><br></div><div class="spacer battle-history"><br></div><div class="battle-history">The opposing Rubia fainted!<br></div><div class="spacer battle-history"><br></div><div class="battle-history"><small>(The sunlight is strong.)</small><br></div><div class="spacer battle-history"><br></div><div class="battle-history">H2OPulse sent out Foxfire (<strong>Shiinotic-Kalos</strong>)!<br></div><div class="spacer battle-history"><br></div><h2 class="battle-history">Turn 44</h2><div class="chat chatmessage-inkbug1 mine"><strong style="color:#e46e0f"><small>☆</small><span class="username" data-name="inkbug1">inkbug1</span>:</strong> <em>this is definitely going a bit different from our other matches recently that was first blood-</em></div><div class="spacer battle-history"><br></div><div class="battle-history">Sable, come back!<br></div><div class="battle-history">Go! Trace (<strong>Aleon</strong>)!<br></div><div class="spacer battle-history"><br></div><div class="battle-history">The opposing Foxfire used <strong>Draining Kiss</strong>!<br></div><div class="battle-history"><small>(Trace lost <abbr title="−142/409">34.7%</abbr> of its health!)</small><br></div><div class="battle-history"><small>Trace had its energy drained!</small><br></div><div class="spacer battle-history"><br></div><div class="battle-history"><small>(The sunlight is strong.)</small><br></div><div class="battle-history"><small>The opposing Foxfire restored a little HP using its Black Sludge!</small><br></div><div class="spacer battle-history"><br></div><h2 class="battle-history">Turn 45</h2><div class="chat chatmessage-h2opulse"><strong style="color:#6e8c2b"><small>☆</small><span class="username" data-name="H2OPulse">H2OPulse</span>:</strong> <em>Gshdjfk yeah--</em></div><div class="spacer battle-history"><br></div><div class="battle-history">Trace used <strong>Wish</strong>!<br></div><div class="spacer battle-history"><br></div><div class="battle-history">The opposing Foxfire used <strong>Spore</strong>!<br></div><div class="battle-history"><small>Trace fell asleep!</small><br></div><div class="spacer battle-history"><br></div><div class="battle-history"><small>(The sunlight is strong.)</small><br></div><div class="spacer battle-history"><br></div><h2 class="battle-history">Turn 46</h2><div class="chat chatmessage-inkbug1 mine"><strong style="color:#e46e0f"><small>☆</small><span class="username" data-name="inkbug1">inkbug1</span>:</strong> <em>hmmmm</em></div><div class="spacer battle-history"><br></div><div class="battle-history">Trace, come back!<br></div><div class="battle-history">Go! Tomato (<strong>Drifblim-Variant</strong>)!<br></div><div class="spacer battle-history"><br></div><div class="battle-history">The opposing Foxfire used <strong>Acid Spray</strong>!<br></div><div class="battle-history"><small>(Tomato lost <abbr title="−100/421">23.8%</abbr> of its health!)</small><br></div><div class="battle-history"><small>Tomato's Sp. Def fell harshly!</small><br></div><div class="spacer battle-history"><br></div><div class="battle-history"><small>(The sunlight is strong.)</small><br></div><div class="battle-history"><small>Trace's wish came true!</small><br></div><div class="spacer battle-history"><br></div><h2 class="battle-history">Turn 47</h2><div class="spacer battle-history"><br></div><div class="battle-history">H2OPulse withdrew Foxfire!<br></div><div class="battle-history">H2OPulse sent out Cattail (<strong>Vaporeon</strong>)!<br></div><div class="spacer battle-history"><br></div><div class="battle-history">Tomato used <strong>Mind Blown</strong>!<br></div><div class="battle-history"><small>It's not very effective...</small><br></div><div class="battle-history"><small>(The opposing Cattail lost 25% of its health!)</small><br></div><div class="battle-history"><small>(Tomato cut its own HP to power up its move!)</small><br></div><div class="battle-history">[Tomato's Emergency Exit]<br></div><div class="chat chatmessage-inkbug1 mine"><strong style="color:#e46e0f"><small>☆</small><span class="username" data-name="inkbug1">inkbug1</span>:</strong> <em>tar shot would be so awesome on a pkmn with mind blown</em></div><div class="spacer battle-history"><br></div><div class="battle-history">Tomato, come back!<br></div><div class="battle-history">Go! Trace (<strong>Aleon</strong>)!<br></div><div class="spacer battle-history"><br></div><div class="battle-history"><small>(The sunlight is strong.)</small><br></div><div class="spacer battle-history"><br></div><h2 class="battle-history">Turn 48</h2><div class="spacer battle-history"><br></div><div class="battle-history">Trace is fast asleep.<br></div><div class="spacer battle-history"><br></div><div class="battle-history">The opposing Cattail used <strong>Wish</strong>!<br></div><div class="spacer battle-history"><br></div><div class="battle-history"><small>The harsh sunlight faded.</small><br></div><div class="spacer battle-history"><br></div><h2 class="battle-history">Turn 49</h2><div class="spacer battle-history"><br></div><div class="battle-history">H2OPulse withdrew Cattail!<br></div><div class="battle-history">H2OPulse sent out Mango (<strong>Noivern-Variant</strong>)!<br></div><div class="spacer battle-history"><br></div><div class="battle-history">Trace is fast asleep.<br></div><div class="spacer battle-history"><br></div><div class="battle-history"><small>Cattail's wish came true!</small><br></div><div class="spacer battle-history"><br></div><h2 class="battle-history">Turn 50</h2><div class="chat chatmessage-inkbug1 mine"><strong style="color:#e46e0f"><small>☆</small><span class="username" data-name="inkbug1">inkbug1</span>:</strong> <em>hmm... hmhm</em></div><div class="spacer battle-history"><br></div><div class="battle-history"><small>Trace woke up!</small><br></div><div class="spacer battle-history"><br></div><div class="battle-history">Trace used <strong>Wish</strong>!<br></div><div class="spacer battle-history"><br></div><div class="battle-history">The opposing Mango used <strong>Draco Meteor</strong>!<br></div><div class="battle-history"><small>(Trace lost <abbr title="−267/409">65.3%</abbr> of its health!)</small><br></div><div class="battle-history"><small>The opposing Mango's Sp. Atk fell harshly!</small><br></div><div class="battle-history"><small>The opposing Mango lost some of its HP!</small><br></div><div class="spacer battle-history"><br></div><div class="battle-history">Trace fainted!<br></div><div class="chat chatmessage-inkbug1 mine"><strong style="color:#e46e0f"><small>☆</small><span class="username" data-name="inkbug1">inkbug1</span>:</strong> <em>GOOD JOB </em></div><div class="chat chatmessage-h2opulse"><strong style="color:#6e8c2b"><small>☆</small><span class="username" data-name="H2OPulse">H2OPulse</span>:</strong> <em>OKAY--</em></div><div class="chat chatmessage-inkbug1 mine"><strong style="color:#e46e0f"><small>☆</small><span class="username" data-name="inkbug1">inkbug1</span>:</strong> <em>umm hm </em></div><div class="spacer battle-history"><br></div><div class="battle-history">Go! Sable (<strong>Gigalith-Kalos</strong>)!<br></div><div class="battle-history">[Sable's Drought]<br><small>The sunlight turned harsh!</small><br></div><div class="spacer battle-history"><br></div><h2 class="battle-history">Turn 51</h2><div class="spacer battle-history"><br></div><div class="battle-history">Sable, come back!<br></div><div class="battle-history">Go! Eloise (<strong>Tsareena</strong>)!<br></div><div class="spacer battle-history"><br></div><div class="battle-history">The opposing Mango used <strong>Vacuum Wave</strong>!<br></div><div class="battle-history">[Eloise's Queenly Majesty]<br><small>The opposing Mango cannot use Vacuum Wave!</small><br></div><div class="spacer battle-history"><br></div><div class="battle-history"><small>(The sunlight is strong.)</small><br></div><div class="battle-history"><small>Trace's wish came true!</small><br></div><div class="spacer battle-history"><br></div><h2 class="battle-history">Turn 52</h2><div class="chat chatmessage-inkbug1 mine"><strong style="color:#e46e0f"><small>☆</small><span class="username" data-name="inkbug1">inkbug1</span>:</strong> <em>OH </em></div><div class="chat chatmessage-h2opulse"><strong style="color:#6e8c2b"><small>☆</small><span class="username" data-name="H2OPulse">H2OPulse</span>:</strong> <em><i>haha fair</i></em></div><div class="chat chatmessage-inkbug1 mine"><strong style="color:#e46e0f"><small>☆</small><span class="username" data-name="inkbug1">inkbug1</span>:</strong> <em>i dont know why you clicked that but ill take it--</em></div><div class="spacer battle-history"><br></div><div class="battle-history">The opposing Mango used <strong>U-turn</strong>!<br></div><div class="battle-history"><small>It's super effective!</small><br></div><div class="battle-history"><small>(Eloise lost <abbr title="−99/348">28.4%</abbr> of its health!)</small><br></div><div class="battle-history"><small>The opposing Mango lost some of its HP!</small><br></div><div class="chat chatmessage-h2opulse"><strong style="color:#6e8c2b"><small>☆</small><span class="username" data-name="H2OPulse">H2OPulse</span>:</strong> <em>Accuracy mostly :'D</em></div><div class="chat chatmessage-inkbug1 mine"><strong style="color:#e46e0f"><small>☆</small><span class="username" data-name="inkbug1">inkbug1</span>:</strong> <em>fair ok</em></div><div class="spacer battle-history"><br></div><div class="battle-history">The opposing Mango went back to H2OPulse!<br></div><div class="battle-history">H2OPulse sent out Froelichia (<strong>Orbeetle-Variant</strong>)!<br></div><div class="battle-history">[The opposing Froelichia's Frisk]<br><small>The opposing Froelichia frisked Eloise and found its Assault Vest!</small><br></div><div class="spacer battle-history"><br></div><div class="battle-history">Eloise used <strong>Rapid Spin</strong>!<br></div><div class="battle-history"><small>(The opposing Froelichia lost 19% of its health!)</small><br></div><div class="battle-history"><small>Eloise's Speed rose!</small><br></div><div class="spacer battle-history"><br></div><div class="battle-history"><small>(The sunlight is strong.)</small><br></div><div class="spacer battle-history"><br></div><h2 class="battle-history">Turn 53</h2><div class="spacer battle-history"><br></div><div class="battle-history">Eloise, come back!<br></div><div class="battle-history">Go! Carpenter (<strong>Naganadel-Terrestrial</strong>)!<br></div><div class="spacer battle-history"><br></div><div class="battle-history">The opposing Froelichia used <strong>Recover</strong>!<br></div><div class="battle-history"><small>The opposing Froelichia had its HP restored.</small><br></div><div class="spacer battle-history"><br></div><div class="battle-history"><small>(The sunlight is strong.)</small><br></div><div class="spacer battle-history"><br></div><h2 class="battle-history">Turn 54</h2><div class="spacer battle-history"><br></div><div class="battle-history">The opposing Froelichia used <strong>Sticky Web</strong>!<br></div><div class="battle-history"><small>A sticky web has been laid out on the ground around your team!</small><br></div><div class="spacer battle-history"><br></div><div class="battle-history">Carpenter used <strong>Spikes</strong>!<br></div><div class="battle-history"><small>Spikes were scattered on the ground all around the opposing team!</small><br></div><div class="spacer battle-history"><br></div><div class="battle-history"><small>(The sunlight is strong.)</small><br></div><div class="spacer battle-history"><br></div><h2 class="battle-history">Turn 55</h2><div class="spacer battle-history"><br></div><div class="battle-history">The opposing Froelichia used <strong>U-turn</strong>!<br></div><div class="battle-history"><small>(Carpenter lost <abbr title="−51/287">17.8%</abbr> of its health!)</small><br></div><div class="spacer battle-history"><br></div><div class="battle-history">The opposing Froelichia went back to H2OPulse!<br></div><div class="battle-history">H2OPulse sent out Cattail (<strong>Vaporeon</strong>)!<br></div><div class="battle-history"><small>The opposing Cattail was hurt by the spikes!</small><br></div><div class="spacer battle-history"><br></div><div class="battle-history">Carpenter used <strong>Spikes</strong>!<br></div><div class="battle-history"><small>Spikes were scattered on the ground all around the opposing team!</small><br></div><div class="spacer battle-history"><br></div><div class="battle-history"><small>(The sunlight is strong.)</small><br></div><div class="spacer battle-history"><br></div><h2 class="battle-history">Turn 56</h2><div class="spacer battle-history"><br></div><div class="battle-history">Carpenter, come back!<br></div><div class="battle-history">Go! Eloise (<strong>Tsareena</strong>)!<br></div><div class="battle-history"><small>Eloise was caught in a sticky web!</small><br></div><div class="battle-history"><small>Eloise's Speed fell!</small><br></div><div class="spacer battle-history"><br></div><div class="battle-history">The opposing Cattail used <strong>Wish</strong>!<br></div><div class="spacer battle-history"><br></div><div class="battle-history"><small>(The sunlight is strong.)</small><br></div><div class="spacer battle-history"><br></div><h2 class="battle-history">Turn 57</h2><div class="spacer battle-history"><br></div><div class="battle-history">H2OPulse withdrew Cattail!<br></div><div class="battle-history">H2OPulse sent out Zantedeschia (<strong>Resurrectric</strong>)!<br></div><div class="battle-history"><small>The opposing Zantedeschia was hurt by the spikes!</small><br></div><div class="spacer battle-history"><br></div><div class="battle-history">Eloise used <strong>Rapid Spin</strong>!<br></div><div class="battle-history"><small>A critical hit!</small><br></div><div class="battle-history"><small>(The opposing Zantedeschia lost 21% of its health!)</small><br></div><div class="battle-history"><small>Eloise's Speed rose!</small><br></div><div class="battle-history"><small>The sticky web has disappeared from the ground around your team!</small><br></div><div class="spacer battle-history"><br></div><div class="battle-history"><small>(The sunlight is strong.)</small><br></div><div class="battle-history"><small>Cattail's wish came true!</small><br></div><div class="spacer battle-history"><br></div><h2 class="battle-history">Turn 58</h2><div class="chat chatmessage-inkbug1 mine"><strong style="color:#e46e0f"><small>☆</small><span class="username" data-name="inkbug1">inkbug1</span>:</strong> <em>mmmm do i</em></div><div class="chat chatmessage-inkbug1 mine"><strong style="color:#e46e0f"><small>☆</small><span class="username" data-name="inkbug1">inkbug1</span>:</strong> <em>i think </em></div><div class="spacer battle-history"><br></div><div class="battle-history">H2OPulse withdrew Zantedeschia!<br></div><div class="battle-history">H2OPulse sent out Mango (<strong>Noivern-Variant</strong>)!<br></div><div class="spacer battle-history"><br></div><div class="battle-history">Eloise used <strong>Solar Blade</strong>!<br></div><div class="battle-history"><small>Eloise absorbed light!</small><br></div><div class="battle-history"><small>It's not very effective...</small><br></div><div class="battle-history"><small>(The opposing Mango lost 44% of its health!)</small><br></div><div class="spacer battle-history"><br></div><div class="battle-history"><small>The harsh sunlight faded.</small><br></div><div class="spacer battle-history"><br></div><h2 class="battle-history">Turn 59</h2><div class="spacer battle-history"><br></div><div class="battle-history">The opposing Mango used <strong>Defog</strong>!<br></div><div class="battle-history"><small>Eloise's evasiveness fell!</small><br></div><div class="battle-history"><small>The spikes disappeared from the ground around the opposing team!</small><br></div><div class="spacer battle-history"><br></div><div class="battle-history">Eloise used <strong>Rapid Spin</strong>!<br></div><div class="battle-history"><small>(The opposing Mango lost 24% of its health!)</small><br></div><div class="battle-history"><small>Eloise's Speed rose!</small><br></div><div class="spacer battle-history"><br></div><h2 class="battle-history">Turn 60</h2><div class="spacer battle-history"><br></div><div class="battle-history">H2OPulse withdrew Mango!<br></div><div class="battle-history">H2OPulse sent out Cattail (<strong>Vaporeon</strong>)!<br></div><div class="spacer battle-history"><br></div><div class="battle-history">Eloise used <strong>Rapid Spin</strong>!<br></div><div class="battle-history"><small>(The opposing Cattail lost 20% of its health!)</small><br></div><div class="battle-history"><small>Eloise's Speed rose!</small><br></div><div class="spacer battle-history"><br></div><h2 class="battle-history">Turn 61</h2><div class="spacer battle-history"><br></div><div class="battle-history">H2OPulse withdrew Cattail!<br></div><div class="battle-history">H2OPulse sent out Foxfire (<strong>Shiinotic-Kalos</strong>)!<br></div><div class="spacer battle-history"><br></div><div class="battle-history">Eloise used <strong>Rapid Spin</strong>!<br></div><div class="battle-history"><small>(The opposing Foxfire lost 35% of its health!)</small><br></div><div class="battle-history"><small>Eloise's Speed rose!</small><br></div><div class="spacer battle-history"><br></div><div class="battle-history"><small>The opposing Foxfire restored a little HP using its Black Sludge!</small><br></div><div class="spacer battle-history"><br></div><h2 class="battle-history">Turn 62</h2><div class="spacer battle-history"><br></div><div class="battle-history">Eloise used <strong>Knock Off</strong>!<br></div><div class="battle-history"><small>It's not very effective...</small><br></div><div class="battle-history"><small>(The opposing Foxfire lost 32% of its health!)</small><br></div><div class="battle-history"><small>Eloise knocked off the opposing Foxfire's Black Sludge!</small><br></div><div class="spacer battle-history"><br></div><div class="battle-history">The opposing Foxfire used <strong>Acid Spray</strong>!<br></div><div class="battle-history"><small>It's super effective!</small><br></div><div class="battle-history"><small>(Eloise lost <abbr title="−120/348">34.5%</abbr> of its health!)</small><br></div><div class="battle-history"><small>Eloise's Sp. Def fell harshly!</small><br></div><div class="spacer battle-history"><br></div><h2 class="battle-history">Turn 63</h2><div class="spacer battle-history"><br></div><div class="battle-history">Eloise, come back!<br></div><div class="battle-history">Go! Oreo (<strong>Tenoris</strong>)!<br></div><div class="spacer battle-history"><br></div><div class="battle-history">The opposing Foxfire used <strong>Spore</strong>!<br></div><div class="battle-history"><small>Oreo fell asleep!</small><br></div><div class="spacer battle-history"><br></div><h2 class="battle-history">Turn 64</h2><div class="chat chatmessage-inkbug1 mine"><strong style="color:#e46e0f"><small>☆</small><span class="username" data-name="inkbug1">inkbug1</span>:</strong> <em>rude</em></div><div class="spacer battle-history"><br></div><div class="battle-history">Oreo, come back!<br></div><div class="battle-history">Go! Tomato (<strong>Drifblim-Variant</strong>)!<br></div><div class="spacer battle-history"><br></div><div class="battle-history">The opposing Foxfire used <strong>Draining Kiss</strong>!<br></div><div class="battle-history"><small>It's not very effective...</small><br></div><div class="battle-history"><small>(Tomato lost <abbr title="−66/421">15.7%</abbr> of its health!)</small><br></div><div class="battle-history"><small>Tomato had its energy drained!</small><br></div><div class="spacer battle-history"><br></div><div class="battle-history"><small>Tomato restored a little HP using its Leftovers!</small><br></div><div class="spacer battle-history"><br></div><h2 class="battle-history">Turn 65</h2><div class="spacer battle-history"><br></div><div class="battle-history">Tomato used <strong>Strength Sap</strong>!<br></div><div class="battle-history"><small>The opposing Foxfire's Attack fell!</small><br></div><div class="battle-history"><small>Tomato had its HP restored.</small><br></div><div class="spacer battle-history"><br></div><div class="battle-history">The opposing Foxfire used <strong>Acid Spray</strong>!<br></div><div class="battle-history"><small>(Tomato lost <abbr title="−111/421">26.4%</abbr> of its health!)</small><br></div><div class="battle-history"><small>Tomato's Sp. Def fell harshly!</small><br></div><div class="battle-history">[Tomato's Emergency Exit]<br></div><div class="chat chatmessage-h2opulse"><strong style="color:#6e8c2b"><small>☆</small><span class="username" data-name="H2OPulse">H2OPulse</span>:</strong> <em>Mmskdjf</em></div><div class="spacer battle-history"><br></div><div class="battle-history">Tomato, come back!<br></div><div class="battle-history">Go! Sable (<strong>Gigalith-Kalos</strong>)!<br></div><div class="battle-history">[Sable's Drought]<br><small>The sunlight turned harsh!</small><br></div><div class="spacer battle-history"><br></div><div class="battle-history"><small>(The sunlight is strong.)</small><br></div><div class="spacer battle-history"><br></div><h2 class="battle-history">Turn 66</h2><div class="spacer battle-history"><br></div><div class="battle-history">The opposing Foxfire used <strong>Draining Kiss</strong>!<br></div><div class="battle-history"><small>(Sable lost <abbr title="−85/374">22.7%</abbr> of its health!)</small><br></div><div class="battle-history"><small>Sable had its energy drained!</small><br></div><div class="spacer battle-history"><br></div><div class="battle-history">Sable fainted!<br></div><div class="spacer battle-history"><br></div><div class="battle-history"><small>(The sunlight is strong.)</small><br></div><div class="chat chatmessage-inkbug1 mine"><strong style="color:#e46e0f"><small>☆</small><span class="username" data-name="inkbug1">inkbug1</span>:</strong> <em>mk i was hoping tht would not be the case but alas</em></div><div class="chat chatmessage-h2opulse"><strong style="color:#6e8c2b"><small>☆</small><span class="username" data-name="H2OPulse">H2OPulse</span>:</strong> <em>I think it does somewhere around 35ish</em></div><div class="chat chatmessage-inkbug1 mine"><strong style="color:#e46e0f"><small>☆</small><span class="username" data-name="inkbug1">inkbug1</span>:</strong> <em>right</em></div><div class="spacer battle-history"><br></div><div class="battle-history">Go! Tomato (<strong>Drifblim-Variant</strong>)!<br></div><div class="spacer battle-history"><br></div><h2 class="battle-history">Turn 67</h2><div class="spacer battle-history"><br></div><div class="battle-history">H2OPulse withdrew Foxfire!<br></div><div class="battle-history">H2OPulse sent out Froelichia (<strong>Orbeetle-Variant</strong>)!<br></div><div class="battle-history">[The opposing Froelichia's Frisk]<br><small>The opposing Froelichia frisked Tomato and found its Leftovers!</small><br></div><div class="spacer battle-history"><br></div><div class="battle-history">Tomato used <strong>Strength Sap</strong>!<br></div><div class="battle-history"><small>The opposing Froelichia's Attack fell!</small><br></div><div class="battle-history"><small>Tomato had its HP restored.</small><br></div><div class="spacer battle-history"><br></div><div class="battle-history"><small>(The sunlight is strong.)</small><br></div><div class="battle-history"><small>Tomato restored a little HP using its Leftovers!</small><br></div><div class="spacer battle-history"><br></div><h2 class="battle-history">Turn 68</h2><div class="spacer battle-history"><br></div><div class="battle-history">Tomato, come back!<br></div><div class="battle-history">Go! Oreo (<strong>Tenoris</strong>)!<br></div><div class="spacer battle-history"><br></div><div class="battle-history">H2OPulse withdrew Froelichia!<br></div><div class="battle-history">H2OPulse sent out Cattail (<strong>Vaporeon</strong>)!<br></div><div class="spacer battle-history"><br></div><div class="battle-history"><small>(The sunlight is strong.)</small><br></div><div class="spacer battle-history"><br></div><h2 class="battle-history">Turn 69</h2><div class="spacer battle-history"><br></div><div class="battle-history">Oreo is fast asleep.<br></div><div class="spacer battle-history"><br></div><div class="battle-history">The opposing Cattail used <strong>Wish</strong>!<br></div><div class="spacer battle-history"><br></div><div class="battle-history"><small>(The sunlight is strong.)</small><br></div><div class="spacer battle-history"><br></div><h2 class="battle-history">Turn 70</h2><div class="spacer battle-history"><br></div><div class="battle-history">H2OPulse withdrew Cattail!<br></div><div class="battle-history">H2OPulse sent out Mango (<strong>Noivern-Variant</strong>)!<br></div><div class="spacer battle-history"><br></div><div class="battle-history">Oreo is fast asleep.<br></div><div class="spacer battle-history"><br></div><div class="battle-history"><small>(The sunlight is strong.)</small><br></div><div class="battle-history"><small>Cattail's wish came true!</small><br></div><div class="spacer battle-history"><br></div><h2 class="battle-history">Turn 71</h2><div class="spacer battle-history"><br></div><div class="battle-history">The opposing Mango used <strong>Draco Meteor</strong>!<br></div><div class="battle-history"><small>It's super effective!</small><br></div><div class="battle-history"><small>Oreo hung on using its Focus Sash!</small><br></div><div class="battle-history"><small>(Oreo lost <abbr title="−290/291">99.7%</abbr> of its health!)</small><br></div><div class="battle-history"><small>The opposing Mango's Sp. Atk fell harshly!</small><br></div><div class="battle-history"><small>The opposing Mango lost some of its HP!</small><br></div><div class="spacer battle-history"><br></div><div class="battle-history">Oreo is fast asleep.<br></div><div class="spacer battle-history"><br></div><div class="battle-history"><small>(The sunlight is strong.)</small><br></div><div class="spacer battle-history"><br></div><h2 class="battle-history">Turn 72</h2><div class="chat chatmessage-inkbug1 mine"><strong style="color:#e46e0f"><small>☆</small><span class="username" data-name="inkbug1">inkbug1</span>:</strong> <em>BABE </em></div><div class="chat chatmessage-inkbug1 mine"><strong style="color:#e46e0f"><small>☆</small><span class="username" data-name="inkbug1">inkbug1</span>:</strong> <em>tht was ur turn </em></div><div class="chat chatmessage-h2opulse"><strong style="color:#6e8c2b"><small>☆</small><span class="username" data-name="H2OPulse">H2OPulse</span>:</strong> <em>Oh oof I am so sorry,,</em></div><div class="spacer battle-history"><br></div><div class="battle-history">Oreo, come back!<br></div><div class="battle-history">Go! Tomato (<strong>Drifblim-Variant</strong>)!<br></div><div class="spacer battle-history"><br></div><div class="battle-history">The opposing Mango used <strong>U-turn</strong>!<br></div><div class="battle-history"><small>It's not very effective...</small><br></div><div class="battle-history"><small>(Tomato lost <abbr title="−34/421">8.1%</abbr> of its health!)</small><br></div><div class="battle-history"><small>The opposing Mango lost some of its HP!</small><br></div><div class="spacer battle-history"><br></div><div class="battle-history">The opposing Mango went back to H2OPulse!<br></div><div class="battle-history">H2OPulse sent out Zantedeschia (<strong>Resurrectric</strong>)!<br></div><div class="spacer battle-history"><br></div><div class="battle-history"><small>The harsh sunlight faded.</small><br></div><div class="battle-history"><small>Tomato restored a little HP using its Leftovers!</small><br></div><div class="spacer battle-history"><br></div><h2 class="battle-history">Turn 73</h2><div class="spacer battle-history"><br></div><div class="battle-history">Tomato, come back!<br></div><div class="battle-history">Go! Oreo (<strong>Tenoris</strong>)!<br></div><div class="spacer battle-history"><br></div><div class="battle-history">The opposing Zantedeschia used <strong>Volt Switch</strong>!<br></div><div class="battle-history">[Oreo's Volt Absorb]<br><small>Oreo had its HP restored.</small><br></div><div class="spacer battle-history"><br></div><h2 class="battle-history">Turn 74</h2><div class="chat chatmessage-inkbug1 mine"><strong style="color:#e46e0f"><small>☆</small><span class="username" data-name="inkbug1">inkbug1</span>:</strong> <em>WQHSKDUHS</em></div><div class="chat chatmessage-h2opulse"><strong style="color:#6e8c2b"><small>☆</small><span class="username" data-name="H2OPulse">H2OPulse</span>:</strong> <em>oH</em></div><div class="chat chatmessage-inkbug1 mine"><strong style="color:#e46e0f"><small>☆</small><span class="username" data-name="inkbug1">inkbug1</span>:</strong> <em>THAT WASNT ON PURPOSE</em></div><div class="chat chatmessage-h2opulse"><strong style="color:#6e8c2b"><small>☆</small><span class="username" data-name="H2OPulse">H2OPulse</span>:</strong> <em>I FORGOT YOU EVEN HAD THAT MMSJFK</em></div><div class="chat chatmessage-inkbug1 mine"><strong style="color:#e46e0f"><small>☆</small><span class="username" data-name="inkbug1">inkbug1</span>:</strong> <em>i also forgot i had that</em></div><div class="spacer battle-history"><br></div><div class="battle-history"><small>Oreo woke up!</small><br></div><div class="spacer battle-history"><br></div><div class="battle-history">Oreo used <strong>Ice Beam</strong>!<br></div><div class="battle-history"><small>It's super effective!</small><br></div><div class="battle-history"><small>(The opposing Zantedeschia lost 55% of its health!)</small><br></div><div class="spacer battle-history"><br></div><div class="battle-history">The opposing Zantedeschia used <strong>Earth Power</strong>!<br></div><div class="battle-history"><small>(Oreo lost <abbr title="−73/291">25.1%</abbr> of its health!)</small><br></div><div class="spacer battle-history"><br></div><div class="battle-history">Oreo fainted!<br></div><div class="chat chatmessage-inkbug1 mine"><strong style="color:#e46e0f"><small>☆</small><span class="username" data-name="inkbug1">inkbug1</span>:</strong> <em>OHHH QUEEN </em></div><div class="spacer battle-history"><br></div><div class="battle-history">Go! Carpenter (<strong>Naganadel-Terrestrial</strong>)!<br></div><div class="spacer battle-history"><br></div><h2 class="battle-history">Turn 75</h2><div class="spacer battle-history"><br></div><div class="battle-history">H2OPulse withdrew Zantedeschia!<br></div><div class="battle-history">H2OPulse sent out Foxfire (<strong>Shiinotic-Kalos</strong>)!<br></div><div class="spacer battle-history"><br></div><div class="battle-history">Carpenter used <strong>Leech Life</strong>!<br></div><div class="battle-history"><small>It's not very effective...</small><br></div><div class="battle-history"><small>(The opposing Foxfire lost 20% of its health!)</small><br></div><div class="spacer battle-history"><br></div><h2 class="battle-history">Turn 76</h2><div class="spacer battle-history"><br></div><div class="battle-history">The opposing Foxfire used <strong>Acid Spray</strong>!<br></div><div class="battle-history"><small>(Carpenter lost <abbr title="−124/287">43.2%</abbr> of its health!)</small><br></div><div class="battle-history"><small>Carpenter's Sp. Def fell harshly!</small><br></div><div class="spacer battle-history"><br></div><div class="battle-history">Carpenter used <strong>U-turn</strong>!<br></div><div class="battle-history"><small>It's not very effective...</small><br></div><div class="battle-history"><small>(The opposing Foxfire lost 18% of its health!)</small><br></div><div class="spacer battle-history"><br></div><div class="battle-history">Carpenter went back to inkbug1!<br></div><div class="battle-history">Go! Tomato (<strong>Drifblim-Variant</strong>)!<br></div><div class="spacer battle-history"><br></div><div class="battle-history"><small>Tomato restored a little HP using its Leftovers!</small><br></div><div class="spacer battle-history"><br></div><h2 class="battle-history">Turn 77</h2><div class="chat chatmessage-h2opulse"><strong style="color:#6e8c2b"><small>☆</small><span class="username" data-name="H2OPulse">H2OPulse</span>:</strong> <em>Oof that was a bad read I forgot you could pivot--</em></div><div class="chat chatmessage-inkbug1 mine"><strong style="color:#e46e0f"><small>☆</small><span class="username" data-name="inkbug1">inkbug1</span>:</strong> <em>i forgot you were faster </em></div><div class="spacer battle-history"><br></div><div class="battle-history">H2OPulse withdrew Foxfire!<br></div><div class="battle-history">H2OPulse sent out Cattail (<strong>Vaporeon</strong>)!<br></div><div class="spacer battle-history"><br></div><div class="battle-history">Tomato used <strong>Mind Blown</strong>!<br></div><div class="battle-history"><small>It's not very effective...</small><br></div><div class="battle-history"><small>(The opposing Cattail lost 16% of its health!)</small><br></div><div class="battle-history"><small>(Tomato cut its own HP to power up its move!)</small><br></div><div class="battle-history">[Tomato's Emergency Exit]<br></div><div class="spacer battle-history"><br></div><div class="battle-history">Tomato, come back!<br></div><div class="battle-history">Go! Eloise (<strong>Tsareena</strong>)!<br></div><div class="spacer battle-history"><br></div><h2 class="battle-history">Turn 78</h2><div class="spacer battle-history"><br></div><div class="battle-history">The opposing Cattail used <strong>Toxic</strong>!<br></div><div class="battle-history"><small>Eloise was badly poisoned!</small><br></div><div class="spacer battle-history"><br></div><div class="battle-history">Eloise used <strong>Rapid Spin</strong>!<br></div><div class="battle-history"><small>(The opposing Cattail lost 19% of its health!)</small><br></div><div class="battle-history"><small>Eloise's Speed rose!</small><br></div><div class="spacer battle-history"><br></div><div class="battle-history"><small>Eloise was hurt by poison!</small><br></div><div class="spacer battle-history"><br></div><h2 class="battle-history">Turn 79</h2><div class="spacer battle-history"><br></div><div class="battle-history">H2OPulse withdrew Cattail!<br></div><div class="battle-history">H2OPulse sent out Froelichia (<strong>Orbeetle-Variant</strong>)!<br></div><div class="battle-history">[The opposing Froelichia's Frisk]<br><small>The opposing Froelichia frisked Eloise and found its Assault Vest!</small><br></div><div class="spacer battle-history"><br></div><div class="battle-history">Eloise used <strong>U-turn</strong>!<br></div><div class="battle-history"><small>(The opposing Froelichia lost 22% of its health!)</small><br></div><div class="spacer battle-history"><br></div><div class="battle-history">Eloise went back to inkbug1!<br></div><div class="battle-history">Go! Tomato (<strong>Drifblim-Variant</strong>)!<br></div><div class="spacer battle-history"><br></div><div class="battle-history"><small>Tomato restored a little HP using its Leftovers!</small><br></div><div class="spacer battle-history"><br></div><h2 class="battle-history">Turn 80</h2><div class="spacer battle-history"><br></div><div class="battle-history">Tomato used <strong>Strength Sap</strong>!<br></div><div class="battle-history"><small>The opposing Froelichia's Attack fell!</small><br></div><div class="battle-history"><small>Tomato had its HP restored.</small><br></div><div class="spacer battle-history"><br></div><div class="battle-history">The opposing Froelichia used <strong>Recover</strong>!<br></div><div class="battle-history"><small>The opposing Froelichia had its HP restored.</small><br></div><div class="spacer battle-history"><br></div><div class="battle-history"><small>Tomato restored a little HP using its Leftovers!</small><br></div><div class="spacer battle-history"><br></div><h2 class="battle-history">Turn 81</h2><div class="spacer battle-history"><br></div><div class="battle-history">Tomato used <strong>Strength Sap</strong>!<br></div><div class="battle-history"><small>The opposing Froelichia's Attack fell!</small><br></div><div class="battle-history"><small>Tomato had its HP restored.</small><br></div><div class="spacer battle-history"><br></div><div class="battle-history">The opposing Froelichia used <strong>Electro Ball</strong>!<br></div><div class="battle-history"><small>It's super effective!</small><br></div><div class="battle-history"><small>(Tomato lost <abbr title="−138/421">32.8%</abbr> of its health!)</small><br></div><div class="battle-history">[Tomato's Emergency Exit]<br></div><div class="spacer battle-history"><br></div><div class="battle-history">Tomato, come back!<br></div><div class="battle-history">Go! Carpenter (<strong>Naganadel-Terrestrial</strong>)!<br></div><div class="spacer battle-history"><br></div><h2 class="battle-history">Turn 82</h2><div class="spacer battle-history"><br></div><div class="battle-history">The opposing Froelichia used <strong>U-turn</strong>!<br></div><div class="battle-history"><small>(Carpenter lost <abbr title="−27/287">9.4%</abbr> of its health!)</small><br></div><div class="spacer battle-history"><br></div><div class="battle-history">The opposing Froelichia went back to H2OPulse!<br></div><div class="battle-history">H2OPulse sent out Foxfire (<strong>Shiinotic-Kalos</strong>)!<br></div><div class="spacer battle-history"><br></div><div class="battle-history">Carpenter used <strong>Spikes</strong>!<br></div><div class="battle-history"><small>Spikes were scattered on the ground all around the opposing team!</small><br></div><div class="spacer battle-history"><br></div><h2 class="battle-history">Turn 83</h2><div class="spacer battle-history"><br></div><div class="battle-history">The opposing Foxfire used <strong>Spore</strong>!<br></div><div class="battle-history"><small>Carpenter fell asleep!</small><br></div><div class="spacer battle-history"><br></div><div class="battle-history">Carpenter is fast asleep.<br></div><div class="spacer battle-history"><br></div><h2 class="battle-history">Turn 84</h2><div class="chat chatmessage-inkbug1 mine"><strong style="color:#e46e0f"><small>☆</small><span class="username" data-name="inkbug1">inkbug1</span>:</strong> <em>hm</em></div><div class="spacer battle-history"><br></div><div class="battle-history">The opposing Foxfire used <strong>Draining Kiss</strong>!<br></div><div class="battle-history"><small>It's super effective!</small><br></div><div class="battle-history"><small>(Carpenter lost <abbr title="−231/287">80.5%</abbr> of its health!)</small><br></div><div class="battle-history"><small>Carpenter had its energy drained!</small><br></div><div class="spacer battle-history"><br></div><div class="battle-history">Carpenter fainted!<br></div><div class="chat chatmessage-inkbug1 mine"><strong style="color:#e46e0f"><small>☆</small><span class="username" data-name="inkbug1">inkbug1</span>:</strong> <em>ok yeah wrong click</em></div><div class="spacer battle-history"><br></div><div class="battle-history">Go! Tomato (<strong>Drifblim-Variant</strong>)!<br></div><div class="spacer battle-history"><br></div><h2 class="battle-history">Turn 85</h2><div class="chat chatmessage-inkbug1 mine"><strong style="color:#e46e0f"><small>☆</small><span class="username" data-name="inkbug1">inkbug1</span>:</strong> <em>gg</em></div><div class="spacer battle-history"><br></div><div class="battle-history">Tomato used <strong>Mind Blown</strong>!<br></div><div class="battle-history"><small>(The opposing Foxfire lost 83% of its health!)</small><br></div><div class="battle-history"><small>(Tomato cut its own HP to power up its move!)</small><br></div><div class="spacer battle-history"><br></div><div class="battle-history">Tomato fainted!<br></div><div class="battle-history">The opposing Foxfire used <strong>Spore</strong>!<br></div><div class="battle-history"><small>But it failed!</small><br></div><div class="spacer battle-history"><br></div><div class="battle-history">Go! Eloise (<strong>Tsareena</strong>)!<br></div><div class="spacer battle-history"><br></div><h2 class="battle-history">Turn 86</h2><div class="chat chatmessage-h2opulse"><strong style="color:#6e8c2b"><small>☆</small><span class="username" data-name="H2OPulse">H2OPulse</span>:</strong> <em>Ashdjfk</em></div><div class="chat chatmessage-h2opulse"><strong style="color:#6e8c2b"><small>☆</small><span class="username" data-name="H2OPulse">H2OPulse</span>:</strong> <em>Good game!!</em></div><div class="chat chatmessage-inkbug1 mine"><strong style="color:#e46e0f"><small>☆</small><span class="username" data-name="inkbug1">inkbug1</span>:</strong> <em>i was anticipating a switch to get rid of spike since vaporeons so low</em></div><div class="spacer battle-history"><br></div><div class="battle-history">H2OPulse withdrew Foxfire!<br></div><div class="battle-history">H2OPulse sent out Mango (<strong>Noivern-Variant</strong>)!<br></div><div class="spacer battle-history"><br></div><div class="battle-history">Eloise used <strong>Rapid Spin</strong>!<br></div><div class="battle-history"><small>(The opposing Mango lost 22% of its health!)</small><br></div><div class="battle-history"><small>Eloise's Speed rose!</small><br></div><div class="spacer battle-history"><br></div><div class="battle-history"><small>Eloise was hurt by poison!</small><br></div><div class="spacer battle-history"><br></div><div class="battle-history">Eloise fainted!<br></div><div class="spacer battle-history"><br></div><div class="battle-history"><strong>H2OPulse</strong> won the battle!<br></div><div class="chat chatmessage-h2opulse"><strong style="color:#6e8c2b"><small>☆</small><span class="username" data-name="H2OPulse">H2OPulse</span>:</strong> <em>Rig h t fair,,</em></div><div class="chat chatmessage-h2opulse"><strong style="color:#6e8c2b"><small>☆</small><span class="username" data-name="H2OPulse">H2OPulse</span>:</strong> <em>Good game!!!</em></div><div class="chat chatmessage-inkbug1 mine"><strong style="color:#e46e0f"><small>☆</small><span class="username" data-name="inkbug1">inkbug1</span>:</strong> <em>gg!! asfhgdsghd</em></div></div><div class="inner-preempt message-log"></div></div></div>
</div>
<script>
let daily = Math.floor(Date.now()/1000/60/60/24);document.write('<script src="https://dragonheaven.herokuapp.com/js/replay-embed.js?version'+daily+'"></'+'script>');
</script>
