<!DOCTYPE html>
<meta charset="utf-8" />
<!-- version 1 -->
<title>[Gen 8] Evolution Project replay: H2OPulse vs. inkbug1</title>
<style>
html,body {font-family:Verdana, sans-serif;font-size:10pt;margin:0;padding:0;}body{padding:12px 0;} .battle-log {font-family:Verdana, sans-serif;font-size:10pt;} .battle-log-inline {border:1px solid #AAAAAA;background:#EEF2F5;color:black;max-width:640px;margin:0 auto 80px;padding-bottom:5px;} .battle-log .inner {padding:4px 8px 0px 8px;} .battle-log .inner-preempt {padding:0 8px 4px 8px;} .battle-log .inner-after {margin-top:0.5em;} .battle-log h2 {margin:0.5em -8px;padding:4px 8px;border:1px solid #AAAAAA;background:#E0E7EA;border-left:0;border-right:0;font-family:Verdana, sans-serif;font-size:13pt;} .battle-log .chat {vertical-align:middle;padding:3px 0 3px 0;font-size:8pt;} .battle-log .chat strong {color:#40576A;} .battle-log .chat em {padding:1px 4px 1px 3px;color:#000000;font-style:normal;} .chat.mine {background:rgba(0,0,0,0.05);margin-left:-8px;margin-right:-8px;padding-left:8px;padding-right:8px;} .spoiler {color:#BBBBBB;background:#BBBBBB;padding:0px 3px;} .spoiler:hover, .spoiler:active, .spoiler-shown {color:#000000;background:#E2E2E2;padding:0px 3px;} .spoiler a {color:#BBBBBB;} .spoiler:hover a, .spoiler:active a, .spoiler-shown a {color:#2288CC;} .chat code, .chat .spoiler:hover code, .chat .spoiler:active code, .chat .spoiler-shown code {border:1px solid #C0C0C0;background:#EEEEEE;color:black;padding:0 2px;} .chat .spoiler code {border:1px solid #CCCCCC;background:#CCCCCC;color:#CCCCCC;} .battle-log .rated {padding:3px 4px;} .battle-log .rated strong {color:white;background:#89A;padding:1px 4px;border-radius:4px;} .spacer {margin-top:0.5em;} .message-announce {background:#6688AA;color:white;padding:1px 4px 2px;} .message-announce a, .broadcast-green a, .broadcast-blue a, .broadcast-red a {color:#DDEEFF;} .broadcast-green {background-color:#559955;color:white;padding:2px 4px;} .broadcast-blue {background-color:#6688AA;color:white;padding:2px 4px;} .infobox {border:1px solid #6688AA;padding:2px 4px;} .infobox-limited {max-height:200px;overflow:auto;overflow-x:hidden;} .broadcast-red {background-color:#AA5544;color:white;padding:2px 4px;} .message-learn-canlearn {font-weight:bold;color:#228822;text-decoration:underline;} .message-learn-cannotlearn {font-weight:bold;color:#CC2222;text-decoration:underline;} .message-effect-weak {font-weight:bold;color:#CC2222;} .message-effect-resist {font-weight:bold;color:#6688AA;} .message-effect-immune {font-weight:bold;color:#666666;} .message-learn-list {margin-top:0;margin-bottom:0;} .message-throttle-notice, .message-error {color:#992222;} .message-overflow, .chat small.message-overflow {font-size:0pt;} .message-overflow::before {font-size:9pt;content:'...';} .subtle {color:#3A4A66;}
</style>
<div class="wrapper replay-wrapper" style="max-width:1180px;margin:0 auto">
<input type="hidden" name="replayid" value="dragonheaven-gen8evolutionproject-45" />
<div class="battle"></div><div class="battle-log"></div><div class="replay-controls"></div><div class="replay-controls-2"></div>
<h1 style="font-weight:normal;text-align:center"><strong>[Gen 8] Evolution Project</strong><br /><a href="http://pokemonshowdown.com/users/h2opulse" class="subtle" target="_blank">H2OPulse</a> vs. <a href="http://pokemonshowdown.com/users/inkbug1" class="subtle" target="_blank">inkbug1</a></h1>
<script type="text/plain" class="battle-log-data">|j|☆H2OPulse
|j|☆inkbug1

|t:|1652253653
|player|p1|H2OPulse|aetherfoundation|
|player|p2|inkbug1|emmet|
|teamsize|p1|6
|teamsize|p2|6
|gametype|singles
|gen|8
|tier|[Gen 8] Evolution Project
|clearpoke
|poke|p1|Rotom-Heat|
|poke|p1|Shiinotic-Kalos, F|
|poke|p1|Gourmant, F|
|poke|p1|Noivern-Variant, M|
|poke|p1|Milotic, M|
|poke|p1|Bronzong|
|poke|p2|Lediluck, M|
|poke|p2|Carnelion, M|
|poke|p2|Magcargo, F|
|poke|p2|Pollugonal, F|
|poke|p2|Scrafiti, M|
|poke|p2|Gardevoir, M|
|rule|HP Percentage Mod: HP is shown in percentages
|rule|Endless Battle Clause: Forcing endless battles is banned
|rule|OHKO Clause: OHKO moves are banned
|rule|Evasion Moves Clause: Evasion moves are banned
|rule|Species Clause: Limit one of each Pokémon
|rule|Dynamax Clause: You cannot dynamax
|rule|Sleep Clause Mod: Limit one foe put to sleep
|rule|Z-Move Clause: Type-based Z-Moves are banned
|teampreview
|j|+god of joe
|c|☆inkbug1|gl hf ! 
|c|☆H2OPulse|Good luck and have fun!!!
|
|t:|1652253671
|start
|switch|p1a: Flavonoid|Bronzong|100\/100
|switch|p2a: Risotto|Carnelion, M|311\/311
|-start|p2a: Risotto|typechange|Normal\/Rock|[silent]
|raw|<ul class="utilichart"><li class="result"><span class="col pokemonnamecol" style="white-space: nowrap">Carnelion<\/span> <span class="col typecol"><img src="https:\/\/dragonheaven.herokuapp.com\/sprites\/types\/Normal.png" alt="Normal" height="14" width="32"><img src="https:\/\/dragonheaven.herokuapp.com\/sprites\/types\/Rock.png" alt="Rock" height="14" width="32"><\/span> <span style="float: left ; min-height: 26px"><span class="col abilitycol">Limber \/ Technician \/ Unnerve<\/span><span class="col abilitycol"><\/span><\/span><\/li><li style="clear: both"><\/li><\/ul>
|raw|<ul class="utilichart"><li class="result"><span style="float: left ; min-height: 26px"><span class="col statcol"><em>HP<\/em><br>85<\/span> <span class="col statcol"><em>Atk<\/em><br>105<\/span> <span class="col statcol"><em>Def<\/em><br>70<\/span> <span class="col statcol"><em>SpA<\/em><br>95<\/span> <span class="col statcol"><em>SpD<\/em><br>70<\/span> <span class="col statcol"><em>Spe<\/em><br>120<\/span> <\/span><\/li><li style="clear: both"><\/li><\/ul>
|-hint|Carnelion was created by abismal!
|turn|1
|
|t:|1652253680
|move|p2a: Risotto|U-turn|p1a: Flavonoid
|-damage|p1a: Flavonoid|81\/100
|
|t:|1652253686
|switch|p2a: Spyke|Scrafiti, M|343\/343
|-start|p2a: Spyke|typechange|Dark\/Fighting|[silent]
|raw|<ul class="utilichart"><li class="result"><span class="col pokemonnamecol" style="white-space: nowrap">Scrafiti<\/span> <span class="col typecol"><img src="https:\/\/dragonheaven.herokuapp.com\/sprites\/types\/Dark.png" alt="Dark" height="14" width="32"><img src="https:\/\/dragonheaven.herokuapp.com\/sprites\/types\/Fighting.png" alt="Fighting" height="14" width="32"><\/span> <span style="float: left ; min-height: 26px"><span class="col abilitycol">Shed Skin \/ Moxie \/ Prankster<\/span><span class="col abilitycol"><\/span><\/span><\/li><li style="clear: both"><\/li><\/ul>
|raw|<ul class="utilichart"><li class="result"><span style="float: left ; min-height: 26px"><span class="col statcol"><em>HP<\/em><br>70<\/span> <span class="col statcol"><em>Atk<\/em><br>105<\/span> <span class="col statcol"><em>Def<\/em><br>120<\/span> <span class="col statcol"><em>SpA<\/em><br>60<\/span> <span class="col statcol"><em>SpD<\/em><br>120<\/span> <span class="col statcol"><em>Spe<\/em><br>48<\/span> <\/span><\/li><li style="clear: both"><\/li><\/ul>
|-hint|Scrafiti was created by Magmajudis!
|move|p1a: Flavonoid|Trick Room|p1a: Flavonoid
|-fieldstart|move: Trick Room|[of] p1a: Flavonoid
|
|upkeep
|turn|2
|
|t:|1652253694
|move|p1a: Flavonoid|Reflect|p1a: Flavonoid
|-sidestart|p1: H2OPulse|Reflect
|move|p2a: Spyke|Drain Punch|p1a: Flavonoid
|-crit|p1a: Flavonoid
|-damage|p1a: Flavonoid|32\/100
|
|upkeep
|turn|3
|c|☆inkbug1|gnhksjdfmnfghkjd
|c|☆H2OPulse|F a i r --
|
|t:|1652253721
|switch|p1a: Senecio|Milotic, M|100\/100
|move|p2a: Spyke|Copycat|p2a: Spyke
|move|p2a: Spyke|Drain Punch|p1a: Senecio|[from]move: Copycat
|-damage|p1a: Senecio|87\/100
|
|-heal|p1a: Senecio|93\/100|[from] item: Leftovers
|upkeep
|turn|4
|
|t:|1652253732
|move|p2a: Spyke|Knock Off|p1a: Senecio
|-damage|p1a: Senecio|76\/100
|-enditem|p1a: Senecio|Leftovers|[from] move: Knock Off|[of] p2a: Spyke
|move|p1a: Senecio|Scald|p2a: Spyke
|-damage|p2a: Spyke|258\/343
|-status|p2a: Spyke|brn
|
|-heal|p2a: Spyke|279\/343 brn|[from] item: Leftovers
|-damage|p2a: Spyke|258\/343 brn|[from] brn
|upkeep
|turn|5
|
|t:|1652253761
|switch|p2a: Prism|Pollugonal, F|383\/383
|-start|p2a: Prism|typechange|Ice\/Poison|[silent]
|raw|<ul class="utilichart"><li class="result"><span class="col pokemonnamecol" style="white-space: nowrap">Pollugonal<\/span> <span class="col typecol"><img src="https:\/\/dragonheaven.herokuapp.com\/sprites\/types\/Ice.png" alt="Ice" height="14" width="32"><img src="https:\/\/dragonheaven.herokuapp.com\/sprites\/types\/Poison.png" alt="Poison" height="14" width="32"><\/span> <span style="float: left ; min-height: 26px"><span class="col abilitycol">Levitate<\/span><span class="col abilitycol"><\/span><\/span><\/li><li style="clear: both"><\/li><\/ul>
|raw|<ul class="utilichart"><li class="result"><span style="float: left ; min-height: 26px"><span class="col statcol"><em>HP<\/em><br>90<\/span> <span class="col statcol"><em>Atk<\/em><br>50<\/span> <span class="col statcol"><em>Def<\/em><br>50<\/span> <span class="col statcol"><em>SpA<\/em><br>95<\/span> <span class="col statcol"><em>SpD<\/em><br>140<\/span> <span class="col statcol"><em>Spe<\/em><br>105<\/span> <\/span><\/li><li style="clear: both"><\/li><\/ul>
|-hint|Pollugonal was created by Magmajudis!
|switch|p1a: Yeast|Gourmant, F|100\/100
|-start|p1a: Yeast|typechange|Fire\/Dark|[silent]
|raw|<ul class="utilichart"><li class="result"><span class="col pokemonnamecol" style="white-space: nowrap">Gourmant<\/span> <span class="col typecol"><img src="https:\/\/dragonheaven.herokuapp.com\/sprites\/types\/Fire.png" alt="Fire" height="14" width="32"><img src="https:\/\/dragonheaven.herokuapp.com\/sprites\/types\/Dark.png" alt="Dark" height="14" width="32"><\/span> <span style="float: left ; min-height: 26px"><span class="col abilitycol">Gluttony \/ Flash Fire \/ White Smoke<\/span><span class="col abilitycol"><\/span><\/span><\/li><li style="clear: both"><\/li><\/ul>
|raw|<ul class="utilichart"><li class="result"><span style="float: left ; min-height: 26px"><span class="col statcol"><em>HP<\/em><br>85<\/span> <span class="col statcol"><em>Atk<\/em><br>137<\/span> <span class="col statcol"><em>Def<\/em><br>66<\/span> <span class="col statcol"><em>SpA<\/em><br>105<\/span> <span class="col statcol"><em>SpD<\/em><br>66<\/span> <span class="col statcol"><em>Spe<\/em><br>75<\/span> <\/span><\/li><li style="clear: both"><\/li><\/ul>
|-hint|Gourmant was created by quagsi!
|
|-fieldend|move: Trick Room
|upkeep
|turn|6
|c|☆inkbug1|mhm
|
|t:|1652253770
|switch|p2a: Slushie|Magcargo, F|323\/323
|move|p1a: Yeast|Knock Off|p2a: Slushie
|-damage|p2a: Slushie|179\/323
|-damage|p1a: Yeast|84\/100|[from] item: Rocky Helmet|[of] p2a: Slushie
|-enditem|p2a: Slushie|Rocky Helmet|[from] move: Knock Off|[of] p1a: Yeast
|
|upkeep
|turn|7
|
|t:|1652253782
|move|p1a: Yeast|Toxic|p2a: Slushie
|-status|p2a: Slushie|tox
|move|p2a: Slushie|Recover|p2a: Slushie
|-heal|p2a: Slushie|323\/323 tox
|
|-damage|p2a: Slushie|303\/323 tox|[from] psn
|upkeep
|turn|8
|
|t:|1652253806
|switch|p1a: Senecio|Milotic, M|76\/100
|move|p2a: Slushie|Stone Edge|p1a: Senecio
|-damage|p1a: Senecio|68\/100
|
|-damage|p2a: Slushie|263\/323 tox|[from] psn
|upkeep
|turn|9
|
|t:|1652253821
|switch|p1a: Yeast|Gourmant, F|84\/100
|-start|p1a: Yeast|typechange|Fire\/Dark|[silent]
|switch|p2a: Prism|Pollugonal, F|383\/383
|-start|p2a: Prism|typechange|Ice\/Poison|[silent]
|
|-sideend|p1: H2OPulse|Reflect
|upkeep
|turn|10
|
|t:|1652253830
|switch|p2a: Spyke|Scrafiti, M|258\/343 brn
|-start|p2a: Spyke|typechange|Dark\/Fighting|[silent]
|move|p1a: Yeast|Fire Lash|p2a: Spyke
|-crit|p2a: Spyke
|-damage|p2a: Spyke|92\/343 brn
|-unboost|p2a: Spyke|def|1
|
|-heal|p2a: Spyke|113\/343 brn|[from] item: Leftovers
|-damage|p2a: Spyke|92\/343 brn|[from] brn
|upkeep
|turn|11
|c|☆inkbug1|mhm
|
|t:|1652253847
|switch|p2a: Risotto|Carnelion, M|311\/311
|-start|p2a: Risotto|typechange|Normal\/Rock|[silent]
|move|p1a: Yeast|Fire Lash|p2a: Risotto
|-resisted|p2a: Risotto
|-damage|p2a: Risotto|218\/311
|-unboost|p2a: Risotto|def|1
|
|upkeep
|turn|12
|c|☆H2OPulse|OH that was a crit sorry
|
|t:|1652253856
|switch|p1a: Mango|Noivern-Variant, M|100\/100
|-start|p1a: Mango|typechange|Fighting\/Dragon|[silent]
|raw|<ul class="utilichart"><li class="result"><span class="col pokemonnamecol" style="white-space: nowrap">Noivern-Variant<\/span> <span class="col typecol"><img src="https:\/\/dragonheaven.herokuapp.com\/sprites\/types\/Fighting.png" alt="Fighting" height="14" width="32"><img src="https:\/\/dragonheaven.herokuapp.com\/sprites\/types\/Dragon.png" alt="Dragon" height="14" width="32"><\/span> <span style="float: left ; min-height: 26px"><span class="col abilitycol">Levitate<\/span><span class="col abilitycol"><\/span><\/span><\/li><li style="clear: both"><\/li><\/ul>
|raw|<ul class="utilichart"><li class="result"><span style="float: left ; min-height: 26px"><span class="col statcol"><em>HP<\/em><br>95<\/span> <span class="col statcol"><em>Atk<\/em><br>70<\/span> <span class="col statcol"><em>Def<\/em><br>80<\/span> <span class="col statcol"><em>SpA<\/em><br>97<\/span> <span class="col statcol"><em>SpD<\/em><br>80<\/span> <span class="col statcol"><em>Spe<\/em><br>113<\/span> <\/span><\/li><li style="clear: both"><\/li><\/ul>
|-hint|Noivern-Variant was created by Hematite!
|move|p2a: Risotto|Rock Tomb|p1a: Mango
|-resisted|p1a: Mango
|-damage|p1a: Mango|76\/100
|-unboost|p1a: Mango|spe|1
|
|upkeep
|turn|13
|
|t:|1652253876
|switch|p2a: Cedric|Lediluck, M|334\/334
|-start|p2a: Cedric|typechange|Bug\/Flying|[silent]
|raw|<ul class="utilichart"><li class="result"><span class="col pokemonnamecol" style="white-space: nowrap">Lediluck<\/span> <span class="col typecol"><img src="https:\/\/dragonheaven.herokuapp.com\/sprites\/types\/Bug.png" alt="Bug" height="14" width="32"><img src="https:\/\/dragonheaven.herokuapp.com\/sprites\/types\/Flying.png" alt="Flying" height="14" width="32"><\/span> <span style="float: left ; min-height: 26px"><span class="col abilitycol">Swarm \/ Super Luck \/ Iron Fist<\/span><span class="col abilitycol"><\/span><\/span><\/li><li style="clear: both"><\/li><\/ul>
|raw|<ul class="utilichart"><li class="result"><span style="float: left ; min-height: 26px"><span class="col statcol"><em>HP<\/em><br>65<\/span> <span class="col statcol"><em>Atk<\/em><br>85<\/span> <span class="col statcol"><em>Def<\/em><br>60<\/span> <span class="col statcol"><em>SpA<\/em><br>65<\/span> <span class="col statcol"><em>SpD<\/em><br>120<\/span> <span class="col statcol"><em>Spe<\/em><br>105<\/span> <\/span><\/li><li style="clear: both"><\/li><\/ul>
|-hint|Lediluck was created by inkbug!
|move|p1a: Mango|U-turn|p2a: Cedric
|-resisted|p2a: Cedric
|-damage|p2a: Cedric|304\/334
|
|t:|1652253887
|switch|p1a: Foxfire|Shiinotic-Kalos, F|100\/100|[from]move: U-turn
|-start|p1a: Foxfire|typechange|Poison\/Fairy|[silent]
|raw|<ul class="utilichart"><li class="result"><span class="col pokemonnamecol" style="white-space: nowrap">Shiinotic-Kalos<\/span> <span class="col typecol"><img src="https:\/\/dragonheaven.herokuapp.com\/sprites\/types\/Poison.png" alt="Poison" height="14" width="32"><img src="https:\/\/dragonheaven.herokuapp.com\/sprites\/types\/Fairy.png" alt="Fairy" height="14" width="32"><\/span> <span style="float: left ; min-height: 26px"><span class="col abilitycol">Illuminate \/ Effect Spore \/ Technician<\/span><span class="col abilitycol"><\/span><\/span><\/li><li style="clear: both"><\/li><\/ul>
|raw|<ul class="utilichart"><li class="result"><span style="float: left ; min-height: 26px"><span class="col statcol"><em>HP<\/em><br>60<\/span> <span class="col statcol"><em>Atk<\/em><br>45<\/span> <span class="col statcol"><em>Def<\/em><br>60<\/span> <span class="col statcol"><em>SpA<\/em><br>90<\/span> <span class="col statcol"><em>SpD<\/em><br>80<\/span> <span class="col statcol"><em>Spe<\/em><br>70<\/span> <\/span><\/li><li style="clear: both"><\/li><\/ul>
|-hint|Shiinotic-Kalos was created by Hematite!
|
|upkeep
|turn|14
|
|t:|1652253897
|move|p2a: Cedric|Light Screen|p2a: Cedric
|-sidestart|p2: inkbug1|move: Light Screen
|move|p1a: Foxfire|Spore|p2a: Cedric
|-status|p2a: Cedric|slp|[from] move: Spore
|
|upkeep
|turn|15
|
|t:|1652253909
|switch|p2a: Gamma|Gardevoir, M|278\/278
|-ability|p2a: Gamma|Technician|[from] ability: Trace|[of] p1a: Foxfire
|move|p1a: Foxfire|Acid Spray|p2a: Gamma
|-supereffective|p2a: Gamma
|-damage|p2a: Gamma|209\/278
|-unboost|p2a: Gamma|spd|2
|
|upkeep
|turn|16
|
|t:|1652253927
|switch|p1a: Yeast|Gourmant, F|84\/100
|-start|p1a: Yeast|typechange|Fire\/Dark|[silent]
|move|p2a: Gamma|Psyshock|p1a: Yeast
|-immune|p1a: Yeast
|
|upkeep
|turn|17
|
|t:|1652253936
|move|p2a: Gamma|Draining Kiss|p1a: Yeast
|-damage|p1a: Yeast|33\/100
|-heal|p2a: Gamma|278\/278|[from] drain|[of] p1a: Yeast
|move|p1a: Yeast|Knock Off|p2a: Gamma
|-enditem|p2a: Gamma|Focus Sash
|-damage|p2a: Gamma|1\/278
|
|upkeep
|turn|18
|
|t:|1652253946
|move|p1a: Yeast|Sucker Punch||[still]
|-fail|p1a: Yeast
|move|p2a: Gamma|Healing Wish|p2a: Gamma
|faint|p2a: Gamma
|
|-sideend|p2: inkbug1|move: Light Screen
|upkeep
|
|t:|1652253951
|switch|p2a: Spyke|Scrafiti, M|92\/343 brn
|-heal|p2a: Spyke|343\/343|[from] move: Healing Wish
|-start|p2a: Spyke|typechange|Dark\/Fighting|[silent]
|turn|19
|c|☆H2OPulse|A h
|c|☆inkbug1|finally reveal fourth move-
|c|☆H2OPulse|ajsdjfjgkgkg
|
|t:|1652253970
|move|p1a: Yeast|Toxic|p2a: Spyke
|-status|p2a: Spyke|tox
|move|p2a: Spyke|Drain Punch|p1a: Yeast
|-supereffective|p1a: Yeast
|-damage|p1a: Yeast|0 fnt
|faint|p1a: Yeast
|
|-damage|p2a: Spyke|322\/343 tox|[from] psn
|upkeep
|
|t:|1652253983
|switch|p1a: Mango|Noivern-Variant, M|76\/100
|-start|p1a: Mango|typechange|Fighting\/Dragon|[silent]
|turn|20
|
|t:|1652253994
|switch|p2a: Prism|Pollugonal, F|383\/383
|-start|p2a: Prism|typechange|Ice\/Poison|[silent]
|move|p1a: Mango|Switcheroo|p2a: Prism
|-activate|p1a: Mango|move: Trick|[of] p2a: Prism
|-item|p2a: Prism|Choice Specs|[from] move: Switcheroo
|-item|p1a: Mango|Heavy-Duty Boots|[from] move: Switcheroo
|
|upkeep
|turn|21
|c|☆H2OPulse|:eyes:
|c|☆inkbug1|alllllrighty 
|c|☆inkbug1|have fun switching into this for the rest of the game then
|
|t:|1652254023
|move|p1a: Mango|U-turn|p2a: Prism
|-resisted|p2a: Prism
|-damage|p2a: Prism|353\/383
|
|t:|1652254028
|switch|p1a: Wheat|Rotom-Heat|100\/100|[from]move: U-turn
|move|p2a: Prism|Freeze-Dry|p1a: Wheat
|-resisted|p1a: Wheat
|-damage|p1a: Wheat|79\/100
|
|upkeep
|turn|22
|c|☆H2OPulse|That works
|
|t:|1652254049
|switch|p2a: Risotto|Carnelion, M|218\/311
|-start|p2a: Risotto|typechange|Normal\/Rock|[silent]
|move|p1a: Wheat|Overheat|p2a: Risotto
|-resisted|p2a: Risotto
|-damage|p2a: Risotto|113\/311
|-unboost|p1a: Wheat|spa|2
|
|upkeep
|turn|23
|
|t:|1652254059
|switch|p1a: Mango|Noivern-Variant, M|76\/100
|-start|p1a: Mango|typechange|Fighting\/Dragon|[silent]
|move|p2a: Risotto|Fake Out|p1a: Mango
|-enditem|p2a: Risotto|Normal Gem|[from] gem
|-damage|p1a: Mango|35\/100
|
|upkeep
|turn|24
|
|t:|1652254067
|switch|p2a: Prism|Pollugonal, F|353\/383
|-start|p2a: Prism|typechange|Ice\/Poison|[silent]
|move|p1a: Mango|Vacuum Wave|p2a: Prism
|-damage|p2a: Prism|308\/383
|
|upkeep
|turn|25
|
|t:|1652254083
|move|p1a: Mango|U-turn|p2a: Prism
|-resisted|p2a: Prism
|-damage|p2a: Prism|278\/383
|
|t:|1652254086
|switch|p1a: Wheat|Rotom-Heat|79\/100|[from]move: U-turn
|move|p2a: Prism|Spikes|p1a: Wheat
|-sidestart|p1: H2OPulse|Spikes
|
|upkeep
|turn|26
|
|t:|1652254093
|switch|p2a: Slushie|Magcargo, F|263\/323 tox
|move|p1a: Wheat|Volt Switch|p2a: Slushie
|-damage|p2a: Slushie|152\/323 tox
|c|☆inkbug1|ow
|
|t:|1652254108
|switch|p1a: Senecio|Milotic, M|68\/100|[from]move: Volt Switch
|-damage|p1a: Senecio|56\/100|[from] Spikes
|
|-damage|p2a: Slushie|132\/323 tox|[from] psn
|upkeep
|turn|27
|c|☆inkbug1|i am not in a super good position im not gonna lie
|
|t:|1652254117
|switch|p2a: Prism|Pollugonal, F|278\/383
|-start|p2a: Prism|typechange|Ice\/Poison|[silent]
|move|p1a: Senecio|Recover|p1a: Senecio
|-heal|p1a: Senecio|100\/100
|
|upkeep
|turn|28
|
|t:|1652254131
|switch|p2a: Risotto|Carnelion, M|113\/311
|-start|p2a: Risotto|typechange|Normal\/Rock|[silent]
|move|p1a: Senecio|Mirror Coat||[still]
|-fail|p1a: Senecio
|
|upkeep
|turn|29
|
|t:|1652254135
|move|p2a: Risotto|Fake Out|p1a: Senecio
|-damage|p1a: Senecio|81\/100
|cant|p1a: Senecio|flinch
|
|upkeep
|turn|30
|
|t:|1652254141
|move|p2a: Risotto|Covet|p1a: Senecio
|-damage|p1a: Senecio|52\/100
|move|p1a: Senecio|Scald|p2a: Risotto
|-supereffective|p2a: Risotto
|-damage|p2a: Risotto|0 fnt
|faint|p2a: Risotto
|
|upkeep
|
|t:|1652254148
|switch|p2a: Prism|Pollugonal, F|278\/383
|-start|p2a: Prism|typechange|Ice\/Poison|[silent]
|turn|31
|
|t:|1652254155
|switch|p1a: Wheat|Rotom-Heat|79\/100
|move|p2a: Prism|Freeze-Dry|p1a: Wheat
|-resisted|p1a: Wheat
|-damage|p1a: Wheat|57\/100
|
|upkeep
|turn|32
|
|t:|1652254166
|switch|p2a: Spyke|Scrafiti, M|322\/343 tox
|-start|p2a: Spyke|typechange|Dark\/Fighting|[silent]
|move|p1a: Wheat|Overheat|p2a: Spyke
|-damage|p2a: Spyke|190\/343 tox
|-unboost|p1a: Wheat|spa|2
|
|-heal|p2a: Spyke|211\/343 tox|[from] item: Leftovers
|-damage|p2a: Spyke|190\/343 tox|[from] psn
|upkeep
|turn|33
|c|☆H2OPulse|you did have a point when you said it was gonna be hard to keep switching into that though.
|c|☆inkbug1|askjdfhasd
|
|t:|1652254190
|move|p1a: Wheat|Volt Switch|p2a: Spyke
|-damage|p2a: Spyke|156\/343 tox
|
|t:|1652254206
|switch|p1a: Mango|Noivern-Variant, M|35\/100|[from]move: Volt Switch
|-start|p1a: Mango|typechange|Fighting\/Dragon|[silent]
|move|p2a: Spyke|Drain Punch|p1a: Mango
|-damage|p1a: Mango|0 fnt
|-heal|p2a: Spyke|213\/343 tox|[from] drain|[of] p1a: Mango
|faint|p1a: Mango
|
|-heal|p2a: Spyke|234\/343 tox|[from] item: Leftovers
|-damage|p2a: Spyke|192\/343 tox|[from] psn
|upkeep
|c|☆H2OPulse|Fair,
|
|t:|1652254217
|switch|p1a: Foxfire|Shiinotic-Kalos, F|100\/100
|-start|p1a: Foxfire|typechange|Poison\/Fairy|[silent]
|-damage|p1a: Foxfire|88\/100|[from] Spikes
|turn|34
|c|☆inkbug1|oh gkjsdhfgksjdfh
|
|t:|1652254228
|switch|p2a: Prism|Pollugonal, F|278\/383
|-start|p2a: Prism|typechange|Ice\/Poison|[silent]
|move|p1a: Foxfire|Draining Kiss|p2a: Prism
|-resisted|p2a: Prism
|-damage|p2a: Prism|236\/383
|-heal|p1a: Foxfire|100\/100|[from] drain|[of] p2a: Prism
|
|upkeep
|turn|35
|
|t:|1652254242
|move|p2a: Prism|Freeze-Dry|p1a: Foxfire
|-damage|p1a: Foxfire|39\/100
|move|p1a: Foxfire|Hidden Power|p2a: Prism
|-supereffective|p2a: Prism
|-damage|p2a: Prism|118\/383
|
|-heal|p1a: Foxfire|45\/100|[from] item: Black Sludge
|upkeep
|turn|36
|c|☆H2OPulse|Okay,
|c|☆inkbug1|wait wh
|c|☆inkbug1|squints
|c|☆H2OPulse|I keep changing the type sorry
|c|☆inkbug1|ok fair--
|
|t:|1652254277
|switch|p1a: Wheat|Rotom-Heat|57\/100
|move|p2a: Prism|Freeze-Dry|p1a: Wheat
|-resisted|p1a: Wheat
|-damage|p1a: Wheat|35\/100
|
|upkeep
|turn|37
|
|t:|1652254290
|switch|p2a: Slushie|Magcargo, F|132\/323 tox
|move|p1a: Wheat|Volt Switch|p2a: Slushie
|-damage|p2a: Slushie|24\/323 tox
|
|t:|1652254296
|switch|p1a: Senecio|Milotic, M|52\/100|[from]move: Volt Switch
|-damage|p1a: Senecio|40\/100|[from] Spikes
|
|-damage|p2a: Slushie|4\/323 tox|[from] psn
|upkeep
|turn|38
|
|t:|1652254303
|move|p1a: Senecio|Recover|p1a: Senecio
|-heal|p1a: Senecio|90\/100
|move|p2a: Slushie|Stone Edge|p1a: Senecio|[miss]
|-miss|p2a: Slushie|p1a: Senecio
|
|-damage|p2a: Slushie|0 fnt|[from] psn
|faint|p2a: Slushie
|upkeep
|c|☆inkbug1|sluslie babey
|c|☆H2OPulse|skdjfkf
|
|t:|1652254327
|switch|p2a: Spyke|Scrafiti, M|192\/343 tox
|-start|p2a: Spyke|typechange|Dark\/Fighting|[silent]
|turn|39
|
|t:|1652254338
|move|p1a: Senecio|Scald|p2a: Spyke
|-crit|p2a: Spyke
|-damage|p2a: Spyke|81\/343 tox
|move|p2a: Spyke|Drain Punch|p1a: Senecio
|-damage|p1a: Senecio|64\/100
|-heal|p2a: Spyke|132\/343 tox|[from] drain|[of] p1a: Senecio
|
|-heal|p2a: Spyke|153\/343 tox|[from] item: Leftovers
|-damage|p2a: Spyke|132\/343 tox|[from] psn
|upkeep
|turn|40
|
|t:|1652254348
|move|p2a: Spyke|Copycat|p2a: Spyke
|move|p2a: Spyke|Drain Punch|p1a: Senecio|[from]move: Copycat
|-damage|p1a: Senecio|36\/100
|-heal|p2a: Spyke|187\/343 tox|[from] drain|[of] p1a: Senecio
|move|p1a: Senecio|Scald|p2a: Spyke
|-damage|p2a: Spyke|103\/343 tox
|
|-heal|p2a: Spyke|124\/343 tox|[from] item: Leftovers
|-damage|p2a: Spyke|82\/343 tox|[from] psn
|upkeep
|turn|41
|
|t:|1652254362
|switch|p2a: Prism|Pollugonal, F|118\/383
|-start|p2a: Prism|typechange|Ice\/Poison|[silent]
|move|p1a: Senecio|Recover|p1a: Senecio
|-heal|p1a: Senecio|86\/100
|
|upkeep
|turn|42
|
|t:|1652254368
|move|p2a: Prism|Recover|p2a: Prism
|-heal|p2a: Prism|310\/383
|move|p1a: Senecio|Mirror Coat||[still]
|-fail|p1a: Senecio
|
|upkeep
|turn|43
|
|t:|1652254376
|switch|p2a: Spyke|Scrafiti, M|82\/343 tox
|-start|p2a: Spyke|typechange|Dark\/Fighting|[silent]
|switch|p1a: Flavonoid|Bronzong|32\/100
|
|-heal|p2a: Spyke|103\/343 tox|[from] item: Leftovers
|-damage|p2a: Spyke|82\/343 tox|[from] psn
|upkeep
|turn|44
|
|t:|1652254384
|move|p2a: Spyke|Drain Punch|p1a: Flavonoid
|-crit|p1a: Flavonoid
|-damage|p1a: Flavonoid|0 fnt
|-heal|p2a: Spyke|136\/343 tox|[from] drain|[of] p1a: Flavonoid
|faint|p1a: Flavonoid
|
|-heal|p2a: Spyke|157\/343 tox|[from] item: Leftovers
|-damage|p2a: Spyke|115\/343 tox|[from] psn
|upkeep
|
|t:|1652254390
|switch|p1a: Foxfire|Shiinotic-Kalos, F|45\/100
|-start|p1a: Foxfire|typechange|Poison\/Fairy|[silent]
|-damage|p1a: Foxfire|33\/100|[from] Spikes
|turn|45
|
|t:|1652254403
|switch|p2a: Cedric|Lediluck, M|304\/334 slp
|-start|p2a: Cedric|typechange|Bug\/Flying|[silent]
|move|p1a: Foxfire|Draining Kiss|p2a: Cedric
|-damage|p2a: Cedric|220\/334 slp
|-heal|p1a: Foxfire|57\/100|[from] drain|[of] p2a: Cedric
|
|-heal|p1a: Foxfire|63\/100|[from] item: Black Sludge
|upkeep
|turn|46
|c|☆inkbug1|why did i do tht
|c|☆inkbug1|squints
|
|t:|1652254427
|cant|p2a: Cedric|slp
|move|p1a: Foxfire|Hidden Power|p2a: Cedric
|-supereffective|p2a: Cedric
|-damage|p2a: Cedric|72\/334 slp
|
|-heal|p1a: Foxfire|69\/100|[from] item: Black Sludge
|upkeep
|turn|47
|
|t:|1652254440
|-curestatus|p2a: Cedric|slp|[msg]
|move|p2a: Cedric|Roost|p2a: Cedric
|-heal|p2a: Cedric|239\/334
|-singleturn|p2a: Cedric|move: Roost
|move|p1a: Foxfire|Draining Kiss|p2a: Cedric
|-damage|p2a: Cedric|148\/334
|-heal|p1a: Foxfire|95\/100|[from] drain|[of] p2a: Cedric
|
|-heal|p1a: Foxfire|100\/100|[from] item: Black Sludge
|upkeep
|turn|48
|
|t:|1652254451
|move|p2a: Cedric|Roost|p2a: Cedric
|-heal|p2a: Cedric|315\/334
|-singleturn|p2a: Cedric|move: Roost
|move|p1a: Foxfire|Acid Spray|p2a: Cedric
|-damage|p2a: Cedric|249\/334
|-unboost|p2a: Cedric|spd|2
|
|upkeep
|turn|49
|
|t:|1652254459
|move|p2a: Cedric|U-turn|p1a: Foxfire
|-resisted|p1a: Foxfire
|-crit|p1a: Foxfire
|-damage|p1a: Foxfire|85\/100
|
|t:|1652254464
|switch|p2a: Prism|Pollugonal, F|310\/383
|-start|p2a: Prism|typechange|Ice\/Poison|[silent]
|move|p1a: Foxfire|Acid Spray|p2a: Prism
|-resisted|p2a: Prism
|-damage|p2a: Prism|279\/383
|-unboost|p2a: Prism|spd|2
|
|-heal|p1a: Foxfire|91\/100|[from] item: Black Sludge
|upkeep
|turn|50
|c|☆inkbug1|iiiii am not sure how i want to handle this situation actually it probably would have been smarter to leave cedric asleep
|c|☆H2OPulse|Fai r
|
|t:|1652254511
|move|p2a: Prism|Freeze-Dry|p1a: Foxfire
|-damage|p1a: Foxfire|29\/100
|move|p1a: Foxfire|Spore|p2a: Prism
|-status|p2a: Prism|slp|[from] move: Spore
|
|-heal|p1a: Foxfire|35\/100|[from] item: Black Sludge
|upkeep
|turn|51
|
|t:|1652254525
|cant|p2a: Prism|slp
|move|p1a: Foxfire|Draining Kiss|p2a: Prism
|-resisted|p2a: Prism
|-damage|p2a: Prism|199\/383 slp
|-heal|p1a: Foxfire|58\/100|[from] drain|[of] p2a: Prism
|
|-heal|p1a: Foxfire|64\/100|[from] item: Black Sludge
|upkeep
|turn|52
|
|t:|1652254533
|cant|p2a: Prism|slp
|move|p1a: Foxfire|Hidden Power|p2a: Prism
|-supereffective|p2a: Prism
|-damage|p2a: Prism|0 fnt
|faint|p2a: Prism
|
|-heal|p1a: Foxfire|70\/100|[from] item: Black Sludge
|upkeep
|c|☆inkbug1|fuck 
|c|☆inkbug1|hold on tht was 
|c|☆H2OPulse|Sorry,,
|c|☆inkbug1|oh oka uy im stupid
|c|☆inkbug1|i was 
|c|☆inkbug1|confused bc i 
|c|☆inkbug1|nevermnd 
|c|☆inkbug1|doesnt matter
|
|t:|1652254581
|switch|p2a: Cedric|Lediluck, M|249\/334
|-start|p2a: Cedric|typechange|Bug\/Flying|[silent]
|turn|53
|
|t:|1652254592
|move|p2a: Cedric|Light Screen|p2a: Cedric
|-sidestart|p2: inkbug1|move: Light Screen
|move|p1a: Foxfire|Spore|p2a: Cedric
|-status|p2a: Cedric|slp|[from] move: Spore
|
|-heal|p1a: Foxfire|76\/100|[from] item: Black Sludge
|upkeep
|turn|54
|
|t:|1652254602
|cant|p2a: Cedric|slp
|move|p1a: Foxfire|Acid Spray|p2a: Cedric
|-damage|p2a: Cedric|214\/334 slp
|-unboost|p2a: Cedric|spd|2
|
|-heal|p1a: Foxfire|83\/100|[from] item: Black Sludge
|upkeep
|turn|55
|
|t:|1652254610
|cant|p2a: Cedric|slp
|move|p1a: Foxfire|Draining Kiss|p2a: Cedric
|-damage|p2a: Cedric|120\/334 slp
|-heal|p1a: Foxfire|100\/100|[from] drain|[of] p2a: Cedric
|
|upkeep
|turn|56
|
|t:|1652254617
|cant|p2a: Cedric|slp
|move|p1a: Foxfire|Hidden Power|p2a: Cedric
|-supereffective|p2a: Cedric
|-damage|p2a: Cedric|0 fnt
|faint|p2a: Cedric
|
|upkeep
|
|t:|1652254623
|switch|p2a: Spyke|Scrafiti, M|115\/343 tox
|-start|p2a: Spyke|typechange|Dark\/Fighting|[silent]
|turn|57
|
|t:|1652254627
|move|p1a: Foxfire|Draining Kiss|p2a: Spyke
|-supereffective|p2a: Spyke
|-damage|p2a: Spyke|0 fnt
|faint|p2a: Spyke
|
|win|H2OPulse
|c|☆inkbug1|=___=
|c|☆H2OPulse|Good game :'D
|c|☆inkbug1|i spent that whole time being confused trying to figure out what type it was bc i thought it was neutral on pollu but se on ledi
|c|☆H2OPulse|Ohh,,
|c|☆inkbug1|but it turns out
|c|☆inkbug1|i just cant read
|c|☆H2OPulse|ashgdhfjh
|c|☆inkbug1|i was confused that it hit pollu *at all* thts what threw me off
|c|☆inkbug1|i did not note the effectiveness
|c|☆H2OPulse|I MEAN I had Charge Beam earlier so HP Electric wouldn't even be that weird :'D
|c|☆H2OPulse|~~also to be fair is it really super effective if it does like 30%~~
|c|☆inkbug1|thats a lot on a pollu tht cant click recover
|c|☆H2OPulse|Yeah,</script>
</div>
<div class="battle-log battle-log-inline"><div class="inner"><div class="battle-options"><div style="padding-top: 3px; padding-right: 3px; text-align: right"><button class="icon button" name="openBattleOptions" title="Options">Battle Options</button></div></div><div class="inner message-log"><div class="chat"><small>☆H2OPulse and ☆inkbug1 joined</small></div><div class=""><small>Format:</small> <br><strong>[Gen 8] Evolution Project</strong></div><div class=""><small><em>HP Percentage Mod:</em> HP is shown in percentages</small></div><div class=""><small><em>Endless Battle Clause:</em> Forcing endless battles is banned</small></div><div class=""><small><em>OHKO Clause:</em> OHKO moves are banned</small></div><div class=""><small><em>Evasion Moves Clause:</em> Evasion moves are banned</small></div><div class=""><small><em>Species Clause:</em> Limit one of each Pokémon</small></div><div class=""><small><em>Dynamax Clause:</em> You cannot dynamax</small></div><div class=""><small><em>Sleep Clause Mod:</em> Limit one foe put to sleep</small></div><div class=""><small><em>Z-Move Clause:</em> Type-based Z-Moves are banned</small></div><div class="chat battle-history"><strong>H2OPulse's team:</strong> <em style="color:#445566;display:block;">Rotom-Heat / Shiinotic-Kalos / Gourmant / Noivern-Variant / Milotic / Bronzong</em></div><div class="chat battle-history"><strong>inkbug1's team:</strong> <em style="color:#445566;display:block;">Lediluck / Carnelion / Magcargo / Pollugonal / Scrafiti / Gardevoir</em></div><div class="chat"><small>+god of joe joined</small></div><div class="chat chatmessage-inkbug1 mine"><strong style="color:#e46e0f"><small>☆</small><span class="username" data-name="inkbug1">inkbug1</span>:</strong> <em>gl hf ! </em></div><div class="chat chatmessage-h2opulse"><strong style="color:#6e8c2b"><small>☆</small><span class="username" data-name="H2OPulse">H2OPulse</span>:</strong> <em>Good luck and have fun!!!</em></div><div class="spacer battle-history"><br></div><div class="battle-history">Battle started between H2OPulse and inkbug1!<br></div><div class="spacer battle-history"><br></div><div class="battle-history">H2OPulse sent out Flavonoid (<strong>Bronzong</strong>)!<br></div><div class="spacer battle-history"><br></div><div class="battle-history">Go! Risotto (<strong>Carnelion</strong>)!<br></div><div class="chat"><ul class="utilichart"><li class="result"><span class="col pokemonnamecol" style="white-space: nowrap">Carnelion</span> <span class="col typecol"><img src="https://dragonheaven.herokuapp.com/sprites/types/Normal.png" alt="Normal" height="14" width="32"><img src="https://dragonheaven.herokuapp.com/sprites/types/Rock.png" alt="Rock" height="14" width="32"></span> <span style="float: left ; min-height: 26px"><span class="col abilitycol">Limber / Technician / Unnerve</span><span class="col abilitycol"></span></span></li><li style="clear: both"></li></ul></div><div class="chat"><ul class="utilichart"><li class="result"><span style="float: left ; min-height: 26px"><span class="col statcol"><em>HP</em><br>85</span> <span class="col statcol"><em>Atk</em><br>105</span> <span class="col statcol"><em>Def</em><br>70</span> <span class="col statcol"><em>SpA</em><br>95</span> <span class="col statcol"><em>SpD</em><br>70</span> <span class="col statcol"><em>Spe</em><br>120</span> </span></li><li style="clear: both"></li></ul></div><div class="battle-history"><small>(Carnelion was created by abismal!)</small><br></div><div class="spacer battle-history"><br></div><h2 class="battle-history">Turn 1</h2><div class="spacer battle-history"><br></div><div class="battle-history">Risotto used <strong>U-turn</strong>!<br></div><div class="battle-history"><small>(The opposing Flavonoid lost 19% of its health!)</small><br></div><div class="spacer battle-history"><br></div><div class="battle-history">Risotto went back to inkbug1!<br></div><div class="battle-history">Go! Spyke (<strong>Scrafiti</strong>)!<br></div><div class="chat"><ul class="utilichart"><li class="result"><span class="col pokemonnamecol" style="white-space: nowrap">Scrafiti</span> <span class="col typecol"><img src="https://dragonheaven.herokuapp.com/sprites/types/Dark.png" alt="Dark" height="14" width="32"><img src="https://dragonheaven.herokuapp.com/sprites/types/Fighting.png" alt="Fighting" height="14" width="32"></span> <span style="float: left ; min-height: 26px"><span class="col abilitycol">Shed Skin / Moxie / Prankster</span><span class="col abilitycol"></span></span></li><li style="clear: both"></li></ul></div><div class="chat"><ul class="utilichart"><li class="result"><span style="float: left ; min-height: 26px"><span class="col statcol"><em>HP</em><br>70</span> <span class="col statcol"><em>Atk</em><br>105</span> <span class="col statcol"><em>Def</em><br>120</span> <span class="col statcol"><em>SpA</em><br>60</span> <span class="col statcol"><em>SpD</em><br>120</span> <span class="col statcol"><em>Spe</em><br>48</span> </span></li><li style="clear: both"></li></ul></div><div class="battle-history"><small>(Scrafiti was created by Magmajudis!)</small><br></div><div class="spacer battle-history"><br></div><div class="battle-history">The opposing Flavonoid used <strong>Trick Room</strong>!<br></div><div class="battle-history"><small>The opposing Flavonoid twisted the dimensions!</small><br></div><div class="spacer battle-history"><br></div><h2 class="battle-history">Turn 2</h2><div class="spacer battle-history"><br></div><div class="battle-history">The opposing Flavonoid used <strong>Reflect</strong>!<br></div><div class="battle-history"><small>Reflect made the opposing team stronger against physical moves!</small><br></div><div class="spacer battle-history"><br></div><div class="battle-history">Spyke used <strong>Drain Punch</strong>!<br></div><div class="battle-history"><small>A critical hit!</small><br></div><div class="battle-history"><small>(The opposing Flavonoid lost 49% of its health!)</small><br></div><div class="spacer battle-history"><br></div><h2 class="battle-history">Turn 3</h2><div class="chat chatmessage-inkbug1 mine"><strong style="color:#e46e0f"><small>☆</small><span class="username" data-name="inkbug1">inkbug1</span>:</strong> <em>gnhksjdfmnfghkjd</em></div><div class="chat chatmessage-h2opulse"><strong style="color:#6e8c2b"><small>☆</small><span class="username" data-name="H2OPulse">H2OPulse</span>:</strong> <em>F a i r --</em></div><div class="spacer battle-history"><br></div><div class="battle-history">H2OPulse withdrew Flavonoid!<br></div><div class="battle-history">H2OPulse sent out Senecio (<strong>Milotic</strong>)!<br></div><div class="spacer battle-history"><br></div><div class="battle-history">Spyke used <strong>Copycat</strong>!<br></div><div class="spacer battle-history"><br></div><div class="battle-history">Spyke used <strong>Drain Punch</strong>!<br></div><div class="battle-history"><small>(The opposing Senecio lost 13% of its health!)</small><br></div><div class="spacer battle-history"><br></div><div class="battle-history"><small>The opposing Senecio restored a little HP using its Leftovers!</small><br></div><div class="spacer battle-history"><br></div><h2 class="battle-history">Turn 4</h2><div class="spacer battle-history"><br></div><div class="battle-history">Spyke used <strong>Knock Off</strong>!<br></div><div class="battle-history"><small>(The opposing Senecio lost 17% of its health!)</small><br></div><div class="battle-history"><small>Spyke knocked off the opposing Senecio's Leftovers!</small><br></div><div class="spacer battle-history"><br></div><div class="battle-history">The opposing Senecio used <strong>Scald</strong>!<br></div><div class="battle-history"><small>(Spyke lost <abbr title="−85/343">24.8%</abbr> of its health!)</small><br></div><div class="battle-history"><small>Spyke was burned!</small><br></div><div class="spacer battle-history"><br></div><div class="battle-history"><small>Spyke restored a little HP using its Leftovers!</small><br></div><div class="battle-history"><small>Spyke was hurt by its burn!</small><br></div><div class="spacer battle-history"><br></div><h2 class="battle-history">Turn 5</h2><div class="spacer battle-history"><br></div><div class="battle-history">Spyke, come back!<br></div><div class="battle-history">Go! Prism (<strong>Pollugonal</strong>)!<br></div><div class="chat"><ul class="utilichart"><li class="result"><span class="col pokemonnamecol" style="white-space: nowrap">Pollugonal</span> <span class="col typecol"><img src="https://dragonheaven.herokuapp.com/sprites/types/Ice.png" alt="Ice" height="14" width="32"><img src="https://dragonheaven.herokuapp.com/sprites/types/Poison.png" alt="Poison" height="14" width="32"></span> <span style="float: left ; min-height: 26px"><span class="col abilitycol">Levitate</span><span class="col abilitycol"></span></span></li><li style="clear: both"></li></ul></div><div class="chat"><ul class="utilichart"><li class="result"><span style="float: left ; min-height: 26px"><span class="col statcol"><em>HP</em><br>90</span> <span class="col statcol"><em>Atk</em><br>50</span> <span class="col statcol"><em>Def</em><br>50</span> <span class="col statcol"><em>SpA</em><br>95</span> <span class="col statcol"><em>SpD</em><br>140</span> <span class="col statcol"><em>Spe</em><br>105</span> </span></li><li style="clear: both"></li></ul></div><div class="battle-history"><small>(Pollugonal was created by Magmajudis!)</small><br></div><div class="spacer battle-history"><br></div><div class="battle-history">H2OPulse withdrew Senecio!<br></div><div class="battle-history">H2OPulse sent out Yeast (<strong>Gourmant</strong>)!<br></div><div class="chat"><ul class="utilichart"><li class="result"><span class="col pokemonnamecol" style="white-space: nowrap">Gourmant</span> <span class="col typecol"><img src="https://dragonheaven.herokuapp.com/sprites/types/Fire.png" alt="Fire" height="14" width="32"><img src="https://dragonheaven.herokuapp.com/sprites/types/Dark.png" alt="Dark" height="14" width="32"></span> <span style="float: left ; min-height: 26px"><span class="col abilitycol">Gluttony / Flash Fire / White Smoke</span><span class="col abilitycol"></span></span></li><li style="clear: both"></li></ul></div><div class="chat"><ul class="utilichart"><li class="result"><span style="float: left ; min-height: 26px"><span class="col statcol"><em>HP</em><br>85</span> <span class="col statcol"><em>Atk</em><br>137</span> <span class="col statcol"><em>Def</em><br>66</span> <span class="col statcol"><em>SpA</em><br>105</span> <span class="col statcol"><em>SpD</em><br>66</span> <span class="col statcol"><em>Spe</em><br>75</span> </span></li><li style="clear: both"></li></ul></div><div class="battle-history"><small>(Gourmant was created by quagsi!)</small><br></div><div class="spacer battle-history"><br></div><div class="battle-history"><small>The twisted dimensions returned to normal!</small><br></div><div class="spacer battle-history"><br></div><h2 class="battle-history">Turn 6</h2><div class="chat chatmessage-inkbug1 mine"><strong style="color:#e46e0f"><small>☆</small><span class="username" data-name="inkbug1">inkbug1</span>:</strong> <em>mhm</em></div><div class="spacer battle-history"><br></div><div class="battle-history">Prism, come back!<br></div><div class="battle-history">Go! Slushie (<strong>Magcargo</strong>)!<br></div><div class="spacer battle-history"><br></div><div class="battle-history">The opposing Yeast used <strong>Knock Off</strong>!<br></div><div class="battle-history"><small>(Slushie lost <abbr title="−144/323">44.6%</abbr> of its health!)</small><br></div><div class="battle-history"><small>The opposing Yeast was hurt by the Rocky Helmet!</small><br></div><div class="battle-history"><small>The opposing Yeast knocked off Slushie's Rocky Helmet!</small><br></div><div class="spacer battle-history"><br></div><h2 class="battle-history">Turn 7</h2><div class="spacer battle-history"><br></div><div class="battle-history">The opposing Yeast used <strong>Toxic</strong>!<br></div><div class="battle-history"><small>Slushie was badly poisoned!</small><br></div><div class="spacer battle-history"><br></div><div class="battle-history">Slushie used <strong>Recover</strong>!<br></div><div class="battle-history"><small>Slushie had its HP restored.</small><br></div><div class="spacer battle-history"><br></div><div class="battle-history"><small>Slushie was hurt by poison!</small><br></div><div class="spacer battle-history"><br></div><h2 class="battle-history">Turn 8</h2><div class="spacer battle-history"><br></div><div class="battle-history">H2OPulse withdrew Yeast!<br></div><div class="battle-history">H2OPulse sent out Senecio (<strong>Milotic</strong>)!<br></div><div class="spacer battle-history"><br></div><div class="battle-history">Slushie used <strong>Stone Edge</strong>!<br></div><div class="battle-history"><small>(The opposing Senecio lost 8% of its health!)</small><br></div><div class="spacer battle-history"><br></div><div class="battle-history"><small>Slushie was hurt by poison!</small><br></div><div class="spacer battle-history"><br></div><h2 class="battle-history">Turn 9</h2><div class="spacer battle-history"><br></div><div class="battle-history">H2OPulse withdrew Senecio!<br></div><div class="battle-history">H2OPulse sent out Yeast (<strong>Gourmant</strong>)!<br></div><div class="spacer battle-history"><br></div><div class="battle-history">Slushie, come back!<br></div><div class="battle-history">Go! Prism (<strong>Pollugonal</strong>)!<br></div><div class="spacer battle-history"><br></div><div class="battle-history"><small>The opposing team's Reflect wore off!</small><br></div><div class="spacer battle-history"><br></div><h2 class="battle-history">Turn 10</h2><div class="spacer battle-history"><br></div><div class="battle-history">Prism, come back!<br></div><div class="battle-history">Go! Spyke (<strong>Scrafiti</strong>)!<br></div><div class="spacer battle-history"><br></div><div class="battle-history">The opposing Yeast used <strong>Fire Lash</strong>!<br></div><div class="battle-history"><small>A critical hit!</small><br></div><div class="battle-history"><small>(Spyke lost <abbr title="−166/343">48.4%</abbr> of its health!)</small><br></div><div class="battle-history"><small>Spyke's Defense fell!</small><br></div><div class="spacer battle-history"><br></div><div class="battle-history"><small>Spyke restored a little HP using its Leftovers!</small><br></div><div class="battle-history"><small>Spyke was hurt by its burn!</small><br></div><div class="spacer battle-history"><br></div><h2 class="battle-history">Turn 11</h2><div class="chat chatmessage-inkbug1 mine"><strong style="color:#e46e0f"><small>☆</small><span class="username" data-name="inkbug1">inkbug1</span>:</strong> <em>mhm</em></div><div class="spacer battle-history"><br></div><div class="battle-history">Spyke, come back!<br></div><div class="battle-history">Go! Risotto (<strong>Carnelion</strong>)!<br></div><div class="spacer battle-history"><br></div><div class="battle-history">The opposing Yeast used <strong>Fire Lash</strong>!<br></div><div class="battle-history"><small>It's not very effective...</small><br></div><div class="battle-history"><small>(Risotto lost <abbr title="−93/311">29.9%</abbr> of its health!)</small><br></div><div class="battle-history"><small>Risotto's Defense fell!</small><br></div><div class="spacer battle-history"><br></div><h2 class="battle-history">Turn 12</h2><div class="chat chatmessage-h2opulse"><strong style="color:#6e8c2b"><small>☆</small><span class="username" data-name="H2OPulse">H2OPulse</span>:</strong> <em>OH that was a crit sorry</em></div><div class="spacer battle-history"><br></div><div class="battle-history">H2OPulse withdrew Yeast!<br></div><div class="battle-history">H2OPulse sent out Mango (<strong>Noivern-Variant</strong>)!<br></div><div class="chat"><ul class="utilichart"><li class="result"><span class="col pokemonnamecol" style="white-space: nowrap">Noivern-Variant</span> <span class="col typecol"><img src="https://dragonheaven.herokuapp.com/sprites/types/Fighting.png" alt="Fighting" height="14" width="32"><img src="https://dragonheaven.herokuapp.com/sprites/types/Dragon.png" alt="Dragon" height="14" width="32"></span> <span style="float: left ; min-height: 26px"><span class="col abilitycol">Levitate</span><span class="col abilitycol"></span></span></li><li style="clear: both"></li></ul></div><div class="chat"><ul class="utilichart"><li class="result"><span style="float: left ; min-height: 26px"><span class="col statcol"><em>HP</em><br>95</span> <span class="col statcol"><em>Atk</em><br>70</span> <span class="col statcol"><em>Def</em><br>80</span> <span class="col statcol"><em>SpA</em><br>97</span> <span class="col statcol"><em>SpD</em><br>80</span> <span class="col statcol"><em>Spe</em><br>113</span> </span></li><li style="clear: both"></li></ul></div><div class="battle-history"><small>(Noivern-Variant was created by Hematite!)</small><br></div><div class="spacer battle-history"><br></div><div class="battle-history">Risotto used <strong>Rock Tomb</strong>!<br></div><div class="battle-history"><small>It's not very effective...</small><br></div><div class="battle-history"><small>(The opposing Mango lost 24% of its health!)</small><br></div><div class="battle-history"><small>The opposing Mango's Speed fell!</small><br></div><div class="spacer battle-history"><br></div><h2 class="battle-history">Turn 13</h2><div class="spacer battle-history"><br></div><div class="battle-history">Risotto, come back!<br></div><div class="battle-history">Go! Cedric (<strong>Lediluck</strong>)!<br></div><div class="chat"><ul class="utilichart"><li class="result"><span class="col pokemonnamecol" style="white-space: nowrap">Lediluck</span> <span class="col typecol"><img src="https://dragonheaven.herokuapp.com/sprites/types/Bug.png" alt="Bug" height="14" width="32"><img src="https://dragonheaven.herokuapp.com/sprites/types/Flying.png" alt="Flying" height="14" width="32"></span> <span style="float: left ; min-height: 26px"><span class="col abilitycol">Swarm / Super Luck / Iron Fist</span><span class="col abilitycol"></span></span></li><li style="clear: both"></li></ul></div><div class="chat"><ul class="utilichart"><li class="result"><span style="float: left ; min-height: 26px"><span class="col statcol"><em>HP</em><br>65</span> <span class="col statcol"><em>Atk</em><br>85</span> <span class="col statcol"><em>Def</em><br>60</span> <span class="col statcol"><em>SpA</em><br>65</span> <span class="col statcol"><em>SpD</em><br>120</span> <span class="col statcol"><em>Spe</em><br>105</span> </span></li><li style="clear: both"></li></ul></div><div class="battle-history"><small>(Lediluck was created by inkbug!)</small><br></div><div class="spacer battle-history"><br></div><div class="battle-history">The opposing Mango used <strong>U-turn</strong>!<br></div><div class="battle-history"><small>It's not very effective...</small><br></div><div class="battle-history"><small>(Cedric lost <abbr title="−30/334">9.0%</abbr> of its health!)</small><br></div><div class="spacer battle-history"><br></div><div class="battle-history">The opposing Mango went back to H2OPulse!<br></div><div class="battle-history">H2OPulse sent out Foxfire (<strong>Shiinotic-Kalos</strong>)!<br></div><div class="chat"><ul class="utilichart"><li class="result"><span class="col pokemonnamecol" style="white-space: nowrap">Shiinotic-Kalos</span> <span class="col typecol"><img src="https://dragonheaven.herokuapp.com/sprites/types/Poison.png" alt="Poison" height="14" width="32"><img src="https://dragonheaven.herokuapp.com/sprites/types/Fairy.png" alt="Fairy" height="14" width="32"></span> <span style="float: left ; min-height: 26px"><span class="col abilitycol">Illuminate / Effect Spore / Technician</span><span class="col abilitycol"></span></span></li><li style="clear: both"></li></ul></div><div class="chat"><ul class="utilichart"><li class="result"><span style="float: left ; min-height: 26px"><span class="col statcol"><em>HP</em><br>60</span> <span class="col statcol"><em>Atk</em><br>45</span> <span class="col statcol"><em>Def</em><br>60</span> <span class="col statcol"><em>SpA</em><br>90</span> <span class="col statcol"><em>SpD</em><br>80</span> <span class="col statcol"><em>Spe</em><br>70</span> </span></li><li style="clear: both"></li></ul></div><div class="battle-history"><small>(Shiinotic-Kalos was created by Hematite!)</small><br></div><div class="spacer battle-history"><br></div><h2 class="battle-history">Turn 14</h2><div class="spacer battle-history"><br></div><div class="battle-history">Cedric used <strong>Light Screen</strong>!<br></div><div class="battle-history"><small>Light Screen made your team stronger against special moves!</small><br></div><div class="spacer battle-history"><br></div><div class="battle-history">The opposing Foxfire used <strong>Spore</strong>!<br></div><div class="battle-history"><small>Cedric fell asleep!</small><br></div><div class="spacer battle-history"><br></div><h2 class="battle-history">Turn 15</h2><div class="spacer battle-history"><br></div><div class="battle-history">Cedric, come back!<br></div><div class="battle-history">Go! Gamma (<strong>Gardevoir</strong>)!<br></div><div class="battle-history">[Gamma's Trace]<br>[Gamma's Technician]<br><small>Gamma traced the opposing Foxfire's Technician!</small><br></div><div class="spacer battle-history"><br></div><div class="battle-history">The opposing Foxfire used <strong>Acid Spray</strong>!<br></div><div class="battle-history"><small>It's super effective!</small><br></div><div class="battle-history"><small>(Gamma lost <abbr title="−69/278">24.8%</abbr> of its health!)</small><br></div><div class="battle-history"><small>Gamma's Sp. Def fell harshly!</small><br></div><div class="spacer battle-history"><br></div><h2 class="battle-history">Turn 16</h2><div class="spacer battle-history"><br></div><div class="battle-history">H2OPulse withdrew Foxfire!<br></div><div class="battle-history">H2OPulse sent out Yeast (<strong>Gourmant</strong>)!<br></div><div class="spacer battle-history"><br></div><div class="battle-history">Gamma used <strong>Psyshock</strong>!<br></div><div class="battle-history"><small>It doesn't affect the opposing Yeast...</small><br></div><div class="spacer battle-history"><br></div><h2 class="battle-history">Turn 17</h2><div class="spacer battle-history"><br></div><div class="battle-history">Gamma used <strong>Draining Kiss</strong>!<br></div><div class="battle-history"><small>(The opposing Yeast lost 51% of its health!)</small><br></div><div class="battle-history"><small>The opposing Yeast had its energy drained!</small><br></div><div class="spacer battle-history"><br></div><div class="battle-history">The opposing Yeast used <strong>Knock Off</strong>!<br></div><div class="battle-history"><small>Gamma hung on using its Focus Sash!</small><br></div><div class="battle-history"><small>(Gamma lost <abbr title="−277/278">99.6%</abbr> of its health!)</small><br></div><div class="spacer battle-history"><br></div><h2 class="battle-history">Turn 18</h2><div class="spacer battle-history"><br></div><div class="battle-history">The opposing Yeast used <strong>Sucker Punch</strong>!<br></div><div class="battle-history"><small>But it failed!</small><br></div><div class="spacer battle-history"><br></div><div class="battle-history">Gamma used <strong>Healing Wish</strong>!<br></div><div class="spacer battle-history"><br></div><div class="battle-history">Gamma fainted!<br></div><div class="spacer battle-history"><br></div><div class="battle-history"><small>Your team's Light Screen wore off!</small><br></div><div class="spacer battle-history"><br></div><div class="battle-history">Go! Spyke (<strong>Scrafiti</strong>)!<br></div><div class="battle-history"><small>The healing wish came true for Spyke!</small><br></div><div class="spacer battle-history"><br></div><h2 class="battle-history">Turn 19</h2><div class="chat chatmessage-h2opulse"><strong style="color:#6e8c2b"><small>☆</small><span class="username" data-name="H2OPulse">H2OPulse</span>:</strong> <em>A h</em></div><div class="chat chatmessage-inkbug1 mine"><strong style="color:#e46e0f"><small>☆</small><span class="username" data-name="inkbug1">inkbug1</span>:</strong> <em>finally reveal fourth move-</em></div><div class="chat chatmessage-h2opulse"><strong style="color:#6e8c2b"><small>☆</small><span class="username" data-name="H2OPulse">H2OPulse</span>:</strong> <em>ajsdjfjgkgkg</em></div><div class="spacer battle-history"><br></div><div class="battle-history">The opposing Yeast used <strong>Toxic</strong>!<br></div><div class="battle-history"><small>Spyke was badly poisoned!</small><br></div><div class="spacer battle-history"><br></div><div class="battle-history">Spyke used <strong>Drain Punch</strong>!<br></div><div class="battle-history"><small>It's super effective!</small><br></div><div class="battle-history"><small>(The opposing Yeast lost 33% of its health!)</small><br></div><div class="spacer battle-history"><br></div><div class="battle-history">The opposing Yeast fainted!<br></div><div class="spacer battle-history"><br></div><div class="battle-history"><small>Spyke was hurt by poison!</small><br></div><div class="spacer battle-history"><br></div><div class="battle-history">H2OPulse sent out Mango (<strong>Noivern-Variant</strong>)!<br></div><div class="spacer battle-history"><br></div><h2 class="battle-history">Turn 20</h2><div class="spacer battle-history"><br></div><div class="battle-history">Spyke, come back!<br></div><div class="battle-history">Go! Prism (<strong>Pollugonal</strong>)!<br></div><div class="spacer battle-history"><br></div><div class="battle-history">The opposing Mango used <strong>Switcheroo</strong>!<br></div><div class="battle-history"><small>The opposing Mango switched items with its target!</small><br></div><div class="battle-history"><small>Prism obtained one Choice Specs.</small><br></div><div class="battle-history"><small>The opposing Mango obtained one Heavy-Duty Boots.</small><br></div><div class="spacer battle-history"><br></div><h2 class="battle-history">Turn 21</h2><div class="chat chatmessage-h2opulse"><strong style="color:#6e8c2b"><small>☆</small><span class="username" data-name="H2OPulse">H2OPulse</span>:</strong> <em>:eyes:</em></div><div class="chat chatmessage-inkbug1 mine"><strong style="color:#e46e0f"><small>☆</small><span class="username" data-name="inkbug1">inkbug1</span>:</strong> <em>alllllrighty </em></div><div class="chat chatmessage-inkbug1 mine"><strong style="color:#e46e0f"><small>☆</small><span class="username" data-name="inkbug1">inkbug1</span>:</strong> <em>have fun switching into this for the rest of the game then</em></div><div class="spacer battle-history"><br></div><div class="battle-history">The opposing Mango used <strong>U-turn</strong>!<br></div><div class="battle-history"><small>It's not very effective...</small><br></div><div class="battle-history"><small>(Prism lost <abbr title="−30/383">7.8%</abbr> of its health!)</small><br></div><div class="spacer battle-history"><br></div><div class="battle-history">The opposing Mango went back to H2OPulse!<br></div><div class="battle-history">H2OPulse sent out Wheat (<strong>Rotom-Heat</strong>)!<br></div><div class="spacer battle-history"><br></div><div class="battle-history">Prism used <strong>Freeze-Dry</strong>!<br></div><div class="battle-history"><small>It's not very effective...</small><br></div><div class="battle-history"><small>(The opposing Wheat lost 21% of its health!)</small><br></div><div class="spacer battle-history"><br></div><h2 class="battle-history">Turn 22</h2><div class="chat chatmessage-h2opulse"><strong style="color:#6e8c2b"><small>☆</small><span class="username" data-name="H2OPulse">H2OPulse</span>:</strong> <em>That works</em></div><div class="spacer battle-history"><br></div><div class="battle-history">Prism, come back!<br></div><div class="battle-history">Go! Risotto (<strong>Carnelion</strong>)!<br></div><div class="spacer battle-history"><br></div><div class="battle-history">The opposing Wheat used <strong>Overheat</strong>!<br></div><div class="battle-history"><small>It's not very effective...</small><br></div><div class="battle-history"><small>(Risotto lost <abbr title="−105/311">33.8%</abbr> of its health!)</small><br></div><div class="battle-history"><small>The opposing Wheat's Sp. Atk fell harshly!</small><br></div><div class="spacer battle-history"><br></div><h2 class="battle-history">Turn 23</h2><div class="spacer battle-history"><br></div><div class="battle-history">H2OPulse withdrew Wheat!<br></div><div class="battle-history">H2OPulse sent out Mango (<strong>Noivern-Variant</strong>)!<br></div><div class="spacer battle-history"><br></div><div class="battle-history">Risotto used <strong>Fake Out</strong>!<br></div><div class="battle-history"><small>The Normal Gem strengthened Risotto's power!</small><br></div><div class="battle-history"><small>(The opposing Mango lost 41% of its health!)</small><br></div><div class="spacer battle-history"><br></div><h2 class="battle-history">Turn 24</h2><div class="spacer battle-history"><br></div><div class="battle-history">Risotto, come back!<br></div><div class="battle-history">Go! Prism (<strong>Pollugonal</strong>)!<br></div><div class="spacer battle-history"><br></div><div class="battle-history">The opposing Mango used <strong>Vacuum Wave</strong>!<br></div><div class="battle-history"><small>(Prism lost <abbr title="−45/383">11.7%</abbr> of its health!)</small><br></div><div class="spacer battle-history"><br></div><h2 class="battle-history">Turn 25</h2><div class="spacer battle-history"><br></div><div class="battle-history">The opposing Mango used <strong>U-turn</strong>!<br></div><div class="battle-history"><small>It's not very effective...</small><br></div><div class="battle-history"><small>(Prism lost <abbr title="−30/383">7.8%</abbr> of its health!)</small><br></div><div class="spacer battle-history"><br></div><div class="battle-history">The opposing Mango went back to H2OPulse!<br></div><div class="battle-history">H2OPulse sent out Wheat (<strong>Rotom-Heat</strong>)!<br></div><div class="spacer battle-history"><br></div><div class="battle-history">Prism used <strong>Spikes</strong>!<br></div><div class="battle-history"><small>Spikes were scattered on the ground all around the opposing team!</small><br></div><div class="spacer battle-history"><br></div><h2 class="battle-history">Turn 26</h2><div class="spacer battle-history"><br></div><div class="battle-history">Prism, come back!<br></div><div class="battle-history">Go! Slushie (<strong>Magcargo</strong>)!<br></div><div class="spacer battle-history"><br></div><div class="battle-history">The opposing Wheat used <strong>Volt Switch</strong>!<br></div><div class="battle-history"><small>(Slushie lost <abbr title="−111/323">34.4%</abbr> of its health!)</small><br></div><div class="chat chatmessage-inkbug1 mine"><strong style="color:#e46e0f"><small>☆</small><span class="username" data-name="inkbug1">inkbug1</span>:</strong> <em>ow</em></div><div class="spacer battle-history"><br></div><div class="battle-history">The opposing Wheat went back to H2OPulse!<br></div><div class="battle-history">H2OPulse sent out Senecio (<strong>Milotic</strong>)!<br></div><div class="battle-history"><small>The opposing Senecio was hurt by the spikes!</small><br></div><div class="spacer battle-history"><br></div><div class="battle-history"><small>Slushie was hurt by poison!</small><br></div><div class="spacer battle-history"><br></div><h2 class="battle-history">Turn 27</h2><div class="chat chatmessage-inkbug1 mine"><strong style="color:#e46e0f"><small>☆</small><span class="username" data-name="inkbug1">inkbug1</span>:</strong> <em>i am not in a super good position im not gonna lie</em></div><div class="spacer battle-history"><br></div><div class="battle-history">Slushie, come back!<br></div><div class="battle-history">Go! Prism (<strong>Pollugonal</strong>)!<br></div><div class="spacer battle-history"><br></div><div class="battle-history">The opposing Senecio used <strong>Recover</strong>!<br></div><div class="battle-history"><small>The opposing Senecio had its HP restored.</small><br></div><div class="spacer battle-history"><br></div><h2 class="battle-history">Turn 28</h2><div class="spacer battle-history"><br></div><div class="battle-history">Prism, come back!<br></div><div class="battle-history">Go! Risotto (<strong>Carnelion</strong>)!<br></div><div class="spacer battle-history"><br></div><div class="battle-history">The opposing Senecio used <strong>Mirror Coat</strong>!<br></div><div class="battle-history"><small>But it failed!</small><br></div><div class="spacer battle-history"><br></div><h2 class="battle-history">Turn 29</h2><div class="spacer battle-history"><br></div><div class="battle-history">Risotto used <strong>Fake Out</strong>!<br></div><div class="battle-history"><small>(The opposing Senecio lost 19% of its health!)</small><br></div><div class="spacer battle-history"><br></div><div class="battle-history">The opposing Senecio flinched and couldn't move!<br></div><div class="spacer battle-history"><br></div><h2 class="battle-history">Turn 30</h2><div class="spacer battle-history"><br></div><div class="battle-history">Risotto used <strong>Covet</strong>!<br></div><div class="battle-history"><small>(The opposing Senecio lost 29% of its health!)</small><br></div><div class="spacer battle-history"><br></div><div class="battle-history">The opposing Senecio used <strong>Scald</strong>!<br></div><div class="battle-history"><small>It's super effective!</small><br></div><div class="battle-history"><small>(Risotto lost <abbr title="−113/311">36.3%</abbr> of its health!)</small><br></div><div class="spacer battle-history"><br></div><div class="battle-history">Risotto fainted!<br></div><div class="spacer battle-history"><br></div><div class="battle-history">Go! Prism (<strong>Pollugonal</strong>)!<br></div><div class="spacer battle-history"><br></div><h2 class="battle-history">Turn 31</h2><div class="spacer battle-history"><br></div><div class="battle-history">H2OPulse withdrew Senecio!<br></div><div class="battle-history">H2OPulse sent out Wheat (<strong>Rotom-Heat</strong>)!<br></div><div class="spacer battle-history"><br></div><div class="battle-history">Prism used <strong>Freeze-Dry</strong>!<br></div><div class="battle-history"><small>It's not very effective...</small><br></div><div class="battle-history"><small>(The opposing Wheat lost 22% of its health!)</small><br></div><div class="spacer battle-history"><br></div><h2 class="battle-history">Turn 32</h2><div class="spacer battle-history"><br></div><div class="battle-history">Prism, come back!<br></div><div class="battle-history">Go! Spyke (<strong>Scrafiti</strong>)!<br></div><div class="spacer battle-history"><br></div><div class="battle-history">The opposing Wheat used <strong>Overheat</strong>!<br></div><div class="battle-history"><small>(Spyke lost <abbr title="−132/343">38.5%</abbr> of its health!)</small><br></div><div class="battle-history"><small>The opposing Wheat's Sp. Atk fell harshly!</small><br></div><div class="spacer battle-history"><br></div><div class="battle-history"><small>Spyke restored a little HP using its Leftovers!</small><br></div><div class="battle-history"><small>Spyke was hurt by poison!</small><br></div><div class="spacer battle-history"><br></div><h2 class="battle-history">Turn 33</h2><div class="chat chatmessage-h2opulse"><strong style="color:#6e8c2b"><small>☆</small><span class="username" data-name="H2OPulse">H2OPulse</span>:</strong> <em>you did have a point when you said it was gonna be hard to keep switching into that though.</em></div><div class="chat chatmessage-inkbug1 mine"><strong style="color:#e46e0f"><small>☆</small><span class="username" data-name="inkbug1">inkbug1</span>:</strong> <em>askjdfhasd</em></div><div class="spacer battle-history"><br></div><div class="battle-history">The opposing Wheat used <strong>Volt Switch</strong>!<br></div><div class="battle-history"><small>(Spyke lost <abbr title="−34/343">9.9%</abbr> of its health!)</small><br></div><div class="spacer battle-history"><br></div><div class="battle-history">The opposing Wheat went back to H2OPulse!<br></div><div class="battle-history">H2OPulse sent out Mango (<strong>Noivern-Variant</strong>)!<br></div><div class="spacer battle-history"><br></div><div class="battle-history">Spyke used <strong>Drain Punch</strong>!<br></div><div class="battle-history"><small>(The opposing Mango lost 35% of its health!)</small><br></div><div class="battle-history"><small>The opposing Mango had its energy drained!</small><br></div><div class="spacer battle-history"><br></div><div class="battle-history">The opposing Mango fainted!<br></div><div class="spacer battle-history"><br></div><div class="battle-history"><small>Spyke restored a little HP using its Leftovers!</small><br></div><div class="battle-history"><small>Spyke was hurt by poison!</small><br></div><div class="chat chatmessage-h2opulse"><strong style="color:#6e8c2b"><small>☆</small><span class="username" data-name="H2OPulse">H2OPulse</span>:</strong> <em>Fair,</em></div><div class="spacer battle-history"><br></div><div class="battle-history">H2OPulse sent out Foxfire (<strong>Shiinotic-Kalos</strong>)!<br></div><div class="battle-history"><small>The opposing Foxfire was hurt by the spikes!</small><br></div><div class="spacer battle-history"><br></div><h2 class="battle-history">Turn 34</h2><div class="chat chatmessage-inkbug1 mine"><strong style="color:#e46e0f"><small>☆</small><span class="username" data-name="inkbug1">inkbug1</span>:</strong> <em>oh gkjsdhfgksjdfh</em></div><div class="spacer battle-history"><br></div><div class="battle-history">Spyke, come back!<br></div><div class="battle-history">Go! Prism (<strong>Pollugonal</strong>)!<br></div><div class="spacer battle-history"><br></div><div class="battle-history">The opposing Foxfire used <strong>Draining Kiss</strong>!<br></div><div class="battle-history"><small>It's not very effective...</small><br></div><div class="battle-history"><small>(Prism lost <abbr title="−42/383">11.0%</abbr> of its health!)</small><br></div><div class="battle-history"><small>Prism had its energy drained!</small><br></div><div class="spacer battle-history"><br></div><h2 class="battle-history">Turn 35</h2><div class="spacer battle-history"><br></div><div class="battle-history">Prism used <strong>Freeze-Dry</strong>!<br></div><div class="battle-history"><small>(The opposing Foxfire lost 61% of its health!)</small><br></div><div class="spacer battle-history"><br></div><div class="battle-history">The opposing Foxfire used <strong>Hidden Power</strong>!<br></div><div class="battle-history"><small>It's super effective!</small><br></div><div class="battle-history"><small>(Prism lost <abbr title="−118/383">30.8%</abbr> of its health!)</small><br></div><div class="spacer battle-history"><br></div><div class="battle-history"><small>The opposing Foxfire restored a little HP using its Black Sludge!</small><br></div><div class="spacer battle-history"><br></div><h2 class="battle-history">Turn 36</h2><div class="chat chatmessage-h2opulse"><strong style="color:#6e8c2b"><small>☆</small><span class="username" data-name="H2OPulse">H2OPulse</span>:</strong> <em>Okay,</em></div><div class="chat chatmessage-inkbug1 mine"><strong style="color:#e46e0f"><small>☆</small><span class="username" data-name="inkbug1">inkbug1</span>:</strong> <em>wait wh</em></div><div class="chat chatmessage-inkbug1 mine"><strong style="color:#e46e0f"><small>☆</small><span class="username" data-name="inkbug1">inkbug1</span>:</strong> <em>squints</em></div><div class="chat chatmessage-h2opulse"><strong style="color:#6e8c2b"><small>☆</small><span class="username" data-name="H2OPulse">H2OPulse</span>:</strong> <em>I keep changing the type sorry</em></div><div class="chat chatmessage-inkbug1 mine"><strong style="color:#e46e0f"><small>☆</small><span class="username" data-name="inkbug1">inkbug1</span>:</strong> <em>ok fair--</em></div><div class="spacer battle-history"><br></div><div class="battle-history">H2OPulse withdrew Foxfire!<br></div><div class="battle-history">H2OPulse sent out Wheat (<strong>Rotom-Heat</strong>)!<br></div><div class="spacer battle-history"><br></div><div class="battle-history">Prism used <strong>Freeze-Dry</strong>!<br></div><div class="battle-history"><small>It's not very effective...</small><br></div><div class="battle-history"><small>(The opposing Wheat lost 22% of its health!)</small><br></div><div class="spacer battle-history"><br></div><h2 class="battle-history">Turn 37</h2><div class="spacer battle-history"><br></div><div class="battle-history">Prism, come back!<br></div><div class="battle-history">Go! Slushie (<strong>Magcargo</strong>)!<br></div><div class="spacer battle-history"><br></div><div class="battle-history">The opposing Wheat used <strong>Volt Switch</strong>!<br></div><div class="battle-history"><small>(Slushie lost <abbr title="−108/323">33.4%</abbr> of its health!)</small><br></div><div class="spacer battle-history"><br></div><div class="battle-history">The opposing Wheat went back to H2OPulse!<br></div><div class="battle-history">H2OPulse sent out Senecio (<strong>Milotic</strong>)!<br></div><div class="battle-history"><small>The opposing Senecio was hurt by the spikes!</small><br></div><div class="spacer battle-history"><br></div><div class="battle-history"><small>Slushie was hurt by poison!</small><br></div><div class="spacer battle-history"><br></div><h2 class="battle-history">Turn 38</h2><div class="spacer battle-history"><br></div><div class="battle-history">The opposing Senecio used <strong>Recover</strong>!<br></div><div class="battle-history"><small>The opposing Senecio had its HP restored.</small><br></div><div class="spacer battle-history"><br></div><div class="battle-history">Slushie used <strong>Stone Edge</strong>!<br></div><div class="battle-history"><small>The opposing Senecio avoided the attack!</small><br></div><div class="spacer battle-history"><br></div><div class="battle-history"><small>Slushie was hurt by poison!</small><br></div><div class="spacer battle-history"><br></div><div class="battle-history">Slushie fainted!<br></div><div class="chat chatmessage-inkbug1 mine"><strong style="color:#e46e0f"><small>☆</small><span class="username" data-name="inkbug1">inkbug1</span>:</strong> <em>sluslie babey</em></div><div class="chat chatmessage-h2opulse"><strong style="color:#6e8c2b"><small>☆</small><span class="username" data-name="H2OPulse">H2OPulse</span>:</strong> <em>skdjfkf</em></div><div class="spacer battle-history"><br></div><div class="battle-history">Go! Spyke (<strong>Scrafiti</strong>)!<br></div><div class="spacer battle-history"><br></div><h2 class="battle-history">Turn 39</h2><div class="spacer battle-history"><br></div><div class="battle-history">The opposing Senecio used <strong>Scald</strong>!<br></div><div class="battle-history"><small>A critical hit!</small><br></div><div class="battle-history"><small>(Spyke lost <abbr title="−111/343">32.4%</abbr> of its health!)</small><br></div><div class="spacer battle-history"><br></div><div class="battle-history">Spyke used <strong>Drain Punch</strong>!<br></div><div class="battle-history"><small>(The opposing Senecio lost 26% of its health!)</small><br></div><div class="battle-history"><small>The opposing Senecio had its energy drained!</small><br></div><div class="spacer battle-history"><br></div><div class="battle-history"><small>Spyke restored a little HP using its Leftovers!</small><br></div><div class="battle-history"><small>Spyke was hurt by poison!</small><br></div><div class="spacer battle-history"><br></div><h2 class="battle-history">Turn 40</h2><div class="spacer battle-history"><br></div><div class="battle-history">Spyke used <strong>Copycat</strong>!<br></div><div class="spacer battle-history"><br></div><div class="battle-history">Spyke used <strong>Drain Punch</strong>!<br></div><div class="battle-history"><small>(The opposing Senecio lost 28% of its health!)</small><br></div><div class="battle-history"><small>The opposing Senecio had its energy drained!</small><br></div><div class="spacer battle-history"><br></div><div class="battle-history">The opposing Senecio used <strong>Scald</strong>!<br></div><div class="battle-history"><small>(Spyke lost <abbr title="−84/343">24.5%</abbr> of its health!)</small><br></div><div class="spacer battle-history"><br></div><div class="battle-history"><small>Spyke restored a little HP using its Leftovers!</small><br></div><div class="battle-history"><small>Spyke was hurt by poison!</small><br></div><div class="spacer battle-history"><br></div><h2 class="battle-history">Turn 41</h2><div class="spacer battle-history"><br></div><div class="battle-history">Spyke, come back!<br></div><div class="battle-history">Go! Prism (<strong>Pollugonal</strong>)!<br></div><div class="spacer battle-history"><br></div><div class="battle-history">The opposing Senecio used <strong>Recover</strong>!<br></div><div class="battle-history"><small>The opposing Senecio had its HP restored.</small><br></div><div class="spacer battle-history"><br></div><h2 class="battle-history">Turn 42</h2><div class="spacer battle-history"><br></div><div class="battle-history">Prism used <strong>Recover</strong>!<br></div><div class="battle-history"><small>Prism had its HP restored.</small><br></div><div class="spacer battle-history"><br></div><div class="battle-history">The opposing Senecio used <strong>Mirror Coat</strong>!<br></div><div class="battle-history"><small>But it failed!</small><br></div><div class="spacer battle-history"><br></div><h2 class="battle-history">Turn 43</h2><div class="spacer battle-history"><br></div><div class="battle-history">Prism, come back!<br></div><div class="battle-history">Go! Spyke (<strong>Scrafiti</strong>)!<br></div><div class="spacer battle-history"><br></div><div class="battle-history">H2OPulse withdrew Senecio!<br></div><div class="battle-history">H2OPulse sent out Flavonoid (<strong>Bronzong</strong>)!<br></div><div class="spacer battle-history"><br></div><div class="battle-history"><small>Spyke restored a little HP using its Leftovers!</small><br></div><div class="battle-history"><small>Spyke was hurt by poison!</small><br></div><div class="spacer battle-history"><br></div><h2 class="battle-history">Turn 44</h2><div class="spacer battle-history"><br></div><div class="battle-history">Spyke used <strong>Drain Punch</strong>!<br></div><div class="battle-history"><small>A critical hit!</small><br></div><div class="battle-history"><small>(The opposing Flavonoid lost 32% of its health!)</small><br></div><div class="battle-history"><small>The opposing Flavonoid had its energy drained!</small><br></div><div class="spacer battle-history"><br></div><div class="battle-history">The opposing Flavonoid fainted!<br></div><div class="spacer battle-history"><br></div><div class="battle-history"><small>Spyke restored a little HP using its Leftovers!</small><br></div><div class="battle-history"><small>Spyke was hurt by poison!</small><br></div><div class="spacer battle-history"><br></div><div class="battle-history">H2OPulse sent out Foxfire (<strong>Shiinotic-Kalos</strong>)!<br></div><div class="battle-history"><small>The opposing Foxfire was hurt by the spikes!</small><br></div><div class="spacer battle-history"><br></div><h2 class="battle-history">Turn 45</h2><div class="spacer battle-history"><br></div><div class="battle-history">Spyke, come back!<br></div><div class="battle-history">Go! Cedric (<strong>Lediluck</strong>)!<br></div><div class="spacer battle-history"><br></div><div class="battle-history">The opposing Foxfire used <strong>Draining Kiss</strong>!<br></div><div class="battle-history"><small>(Cedric lost <abbr title="−84/334">25.1%</abbr> of its health!)</small><br></div><div class="battle-history"><small>Cedric had its energy drained!</small><br></div><div class="spacer battle-history"><br></div><div class="battle-history"><small>The opposing Foxfire restored a little HP using its Black Sludge!</small><br></div><div class="spacer battle-history"><br></div><h2 class="battle-history">Turn 46</h2><div class="chat chatmessage-inkbug1 mine"><strong style="color:#e46e0f"><small>☆</small><span class="username" data-name="inkbug1">inkbug1</span>:</strong> <em>why did i do tht</em></div><div class="chat chatmessage-inkbug1 mine"><strong style="color:#e46e0f"><small>☆</small><span class="username" data-name="inkbug1">inkbug1</span>:</strong> <em>squints</em></div><div class="spacer battle-history"><br></div><div class="battle-history">Cedric is fast asleep.<br></div><div class="spacer battle-history"><br></div><div class="battle-history">The opposing Foxfire used <strong>Hidden Power</strong>!<br></div><div class="battle-history"><small>It's super effective!</small><br></div><div class="battle-history"><small>(Cedric lost <abbr title="−148/334">44.3%</abbr> of its health!)</small><br></div><div class="spacer battle-history"><br></div><div class="battle-history"><small>The opposing Foxfire restored a little HP using its Black Sludge!</small><br></div><div class="spacer battle-history"><br></div><h2 class="battle-history">Turn 47</h2><div class="spacer battle-history"><br></div><div class="battle-history"><small>Cedric woke up!</small><br></div><div class="spacer battle-history"><br></div><div class="battle-history">Cedric used <strong>Roost</strong>!<br></div><div class="battle-history"><small>Cedric had its HP restored.</small><br></div><div class="battle-history"><small>(Cedric loses Flying type this turn.)</small><br></div><div class="spacer battle-history"><br></div><div class="battle-history">The opposing Foxfire used <strong>Draining Kiss</strong>!<br></div><div class="battle-history"><small>(Cedric lost <abbr title="−91/334">27.2%</abbr> of its health!)</small><br></div><div class="battle-history"><small>Cedric had its energy drained!</small><br></div><div class="spacer battle-history"><br></div><div class="battle-history"><small>The opposing Foxfire restored a little HP using its Black Sludge!</small><br></div><div class="spacer battle-history"><br></div><h2 class="battle-history">Turn 48</h2><div class="spacer battle-history"><br></div><div class="battle-history">Cedric used <strong>Roost</strong>!<br></div><div class="battle-history"><small>Cedric had its HP restored.</small><br></div><div class="battle-history"><small>(Cedric loses Flying type this turn.)</small><br></div><div class="spacer battle-history"><br></div><div class="battle-history">The opposing Foxfire used <strong>Acid Spray</strong>!<br></div><div class="battle-history"><small>(Cedric lost <abbr title="−66/334">19.8%</abbr> of its health!)</small><br></div><div class="battle-history"><small>Cedric's Sp. Def fell harshly!</small><br></div><div class="spacer battle-history"><br></div><h2 class="battle-history">Turn 49</h2><div class="spacer battle-history"><br></div><div class="battle-history">Cedric used <strong>U-turn</strong>!<br></div><div class="battle-history"><small>It's not very effective...</small><br></div><div class="battle-history"><small>A critical hit!</small><br></div><div class="battle-history"><small>(The opposing Foxfire lost 15% of its health!)</small><br></div><div class="spacer battle-history"><br></div><div class="battle-history">Cedric went back to inkbug1!<br></div><div class="battle-history">Go! Prism (<strong>Pollugonal</strong>)!<br></div><div class="spacer battle-history"><br></div><div class="battle-history">The opposing Foxfire used <strong>Acid Spray</strong>!<br></div><div class="battle-history"><small>It's not very effective...</small><br></div><div class="battle-history"><small>(Prism lost <abbr title="−31/383">8.1%</abbr> of its health!)</small><br></div><div class="battle-history"><small>Prism's Sp. Def fell harshly!</small><br></div><div class="spacer battle-history"><br></div><div class="battle-history"><small>The opposing Foxfire restored a little HP using its Black Sludge!</small><br></div><div class="spacer battle-history"><br></div><h2 class="battle-history">Turn 50</h2><div class="chat chatmessage-inkbug1 mine"><strong style="color:#e46e0f"><small>☆</small><span class="username" data-name="inkbug1">inkbug1</span>:</strong> <em>iiiii am not sure how i want to handle this situation actually it probably would have been smarter to leave cedric asleep</em></div><div class="chat chatmessage-h2opulse"><strong style="color:#6e8c2b"><small>☆</small><span class="username" data-name="H2OPulse">H2OPulse</span>:</strong> <em>Fai r</em></div><div class="spacer battle-history"><br></div><div class="battle-history">Prism used <strong>Freeze-Dry</strong>!<br></div><div class="battle-history"><small>(The opposing Foxfire lost 62% of its health!)</small><br></div><div class="spacer battle-history"><br></div><div class="battle-history">The opposing Foxfire used <strong>Spore</strong>!<br></div><div class="battle-history"><small>Prism fell asleep!</small><br></div><div class="spacer battle-history"><br></div><div class="battle-history"><small>The opposing Foxfire restored a little HP using its Black Sludge!</small><br></div><div class="spacer battle-history"><br></div><h2 class="battle-history">Turn 51</h2><div class="spacer battle-history"><br></div><div class="battle-history">Prism is fast asleep.<br></div><div class="spacer battle-history"><br></div><div class="battle-history">The opposing Foxfire used <strong>Draining Kiss</strong>!<br></div><div class="battle-history"><small>It's not very effective...</small><br></div><div class="battle-history"><small>(Prism lost <abbr title="−80/383">20.9%</abbr> of its health!)</small><br></div><div class="battle-history"><small>Prism had its energy drained!</small><br></div><div class="spacer battle-history"><br></div><div class="battle-history"><small>The opposing Foxfire restored a little HP using its Black Sludge!</small><br></div><div class="spacer battle-history"><br></div><h2 class="battle-history">Turn 52</h2><div class="spacer battle-history"><br></div><div class="battle-history">Prism is fast asleep.<br></div><div class="spacer battle-history"><br></div><div class="battle-history">The opposing Foxfire used <strong>Hidden Power</strong>!<br></div><div class="battle-history"><small>It's super effective!</small><br></div><div class="battle-history"><small>(Prism lost <abbr title="−199/383">52.0%</abbr> of its health!)</small><br></div><div class="spacer battle-history"><br></div><div class="battle-history">Prism fainted!<br></div><div class="spacer battle-history"><br></div><div class="battle-history"><small>The opposing Foxfire restored a little HP using its Black Sludge!</small><br></div><div class="chat chatmessage-inkbug1 mine"><strong style="color:#e46e0f"><small>☆</small><span class="username" data-name="inkbug1">inkbug1</span>:</strong> <em>fuck </em></div><div class="chat chatmessage-inkbug1 mine"><strong style="color:#e46e0f"><small>☆</small><span class="username" data-name="inkbug1">inkbug1</span>:</strong> <em>hold on tht was </em></div><div class="chat chatmessage-h2opulse"><strong style="color:#6e8c2b"><small>☆</small><span class="username" data-name="H2OPulse">H2OPulse</span>:</strong> <em>Sorry,,</em></div><div class="chat chatmessage-inkbug1 mine"><strong style="color:#e46e0f"><small>☆</small><span class="username" data-name="inkbug1">inkbug1</span>:</strong> <em>oh oka uy im stupid</em></div><div class="chat chatmessage-inkbug1 mine"><strong style="color:#e46e0f"><small>☆</small><span class="username" data-name="inkbug1">inkbug1</span>:</strong> <em>i was </em></div><div class="chat chatmessage-inkbug1 mine"><strong style="color:#e46e0f"><small>☆</small><span class="username" data-name="inkbug1">inkbug1</span>:</strong> <em>confused bc i </em></div><div class="chat chatmessage-inkbug1 mine"><strong style="color:#e46e0f"><small>☆</small><span class="username" data-name="inkbug1">inkbug1</span>:</strong> <em>nevermnd </em></div><div class="chat chatmessage-inkbug1 mine"><strong style="color:#e46e0f"><small>☆</small><span class="username" data-name="inkbug1">inkbug1</span>:</strong> <em>doesnt matter</em></div><div class="spacer battle-history"><br></div><div class="battle-history">Go! Cedric (<strong>Lediluck</strong>)!<br></div><div class="spacer battle-history"><br></div><h2 class="battle-history">Turn 53</h2><div class="spacer battle-history"><br></div><div class="battle-history">Cedric used <strong>Light Screen</strong>!<br></div><div class="battle-history"><small>Light Screen made your team stronger against special moves!</small><br></div><div class="spacer battle-history"><br></div><div class="battle-history">The opposing Foxfire used <strong>Spore</strong>!<br></div><div class="battle-history"><small>Cedric fell asleep!</small><br></div><div class="spacer battle-history"><br></div><div class="battle-history"><small>The opposing Foxfire restored a little HP using its Black Sludge!</small><br></div><div class="spacer battle-history"><br></div><h2 class="battle-history">Turn 54</h2><div class="spacer battle-history"><br></div><div class="battle-history">Cedric is fast asleep.<br></div><div class="spacer battle-history"><br></div><div class="battle-history">The opposing Foxfire used <strong>Acid Spray</strong>!<br></div><div class="battle-history"><small>(Cedric lost <abbr title="−35/334">10.5%</abbr> of its health!)</small><br></div><div class="battle-history"><small>Cedric's Sp. Def fell harshly!</small><br></div><div class="spacer battle-history"><br></div><div class="battle-history"><small>The opposing Foxfire restored a little HP using its Black Sludge!</small><br></div><div class="spacer battle-history"><br></div><h2 class="battle-history">Turn 55</h2><div class="spacer battle-history"><br></div><div class="battle-history">Cedric is fast asleep.<br></div><div class="spacer battle-history"><br></div><div class="battle-history">The opposing Foxfire used <strong>Draining Kiss</strong>!<br></div><div class="battle-history"><small>(Cedric lost <abbr title="−94/334">28.1%</abbr> of its health!)</small><br></div><div class="battle-history"><small>Cedric had its energy drained!</small><br></div><div class="spacer battle-history"><br></div><h2 class="battle-history">Turn 56</h2><div class="spacer battle-history"><br></div><div class="battle-history">Cedric is fast asleep.<br></div><div class="spacer battle-history"><br></div><div class="battle-history">The opposing Foxfire used <strong>Hidden Power</strong>!<br></div><div class="battle-history"><small>It's super effective!</small><br></div><div class="battle-history"><small>(Cedric lost <abbr title="−120/334">35.9%</abbr> of its health!)</small><br></div><div class="spacer battle-history"><br></div><div class="battle-history">Cedric fainted!<br></div><div class="spacer battle-history"><br></div><div class="battle-history">Go! Spyke (<strong>Scrafiti</strong>)!<br></div><div class="spacer battle-history"><br></div><h2 class="battle-history">Turn 57</h2><div class="spacer battle-history"><br></div><div class="battle-history">The opposing Foxfire used <strong>Draining Kiss</strong>!<br></div><div class="battle-history"><small>It's super effective!</small><br></div><div class="battle-history"><small>(Spyke lost <abbr title="−115/343">33.5%</abbr> of its health!)</small><br></div><div class="spacer battle-history"><br></div><div class="battle-history">Spyke fainted!<br></div><div class="spacer battle-history"><br></div><div class="battle-history"><strong>H2OPulse</strong> won the battle!<br></div><div class="chat chatmessage-inkbug1 mine"><strong style="color:#e46e0f"><small>☆</small><span class="username" data-name="inkbug1">inkbug1</span>:</strong> <em>=___=</em></div><div class="chat chatmessage-h2opulse"><strong style="color:#6e8c2b"><small>☆</small><span class="username" data-name="H2OPulse">H2OPulse</span>:</strong> <em>Good game :'D</em></div><div class="chat chatmessage-inkbug1 mine"><strong style="color:#e46e0f"><small>☆</small><span class="username" data-name="inkbug1">inkbug1</span>:</strong> <em>i spent that whole time being confused trying to figure out what type it was bc i thought it was neutral on pollu but se on ledi</em></div><div class="chat chatmessage-h2opulse"><strong style="color:#6e8c2b"><small>☆</small><span class="username" data-name="H2OPulse">H2OPulse</span>:</strong> <em>Ohh,,</em></div><div class="chat chatmessage-inkbug1 mine"><strong style="color:#e46e0f"><small>☆</small><span class="username" data-name="inkbug1">inkbug1</span>:</strong> <em>but it turns out</em></div><div class="chat chatmessage-inkbug1 mine"><strong style="color:#e46e0f"><small>☆</small><span class="username" data-name="inkbug1">inkbug1</span>:</strong> <em>i just cant read</em></div><div class="chat chatmessage-h2opulse"><strong style="color:#6e8c2b"><small>☆</small><span class="username" data-name="H2OPulse">H2OPulse</span>:</strong> <em>ashgdhfjh</em></div><div class="chat chatmessage-inkbug1 mine"><strong style="color:#e46e0f"><small>☆</small><span class="username" data-name="inkbug1">inkbug1</span>:</strong> <em>i was confused that it hit pollu *at all* thts what threw me off</em></div><div class="chat chatmessage-inkbug1 mine"><strong style="color:#e46e0f"><small>☆</small><span class="username" data-name="inkbug1">inkbug1</span>:</strong> <em>i did not note the effectiveness</em></div><div class="chat chatmessage-h2opulse"><strong style="color:#6e8c2b"><small>☆</small><span class="username" data-name="H2OPulse">H2OPulse</span>:</strong> <em>I MEAN I had Charge Beam earlier so HP Electric wouldn't even be that weird :'D</em></div><div class="chat chatmessage-h2opulse"><strong style="color:#6e8c2b"><small>☆</small><span class="username" data-name="H2OPulse">H2OPulse</span>:</strong> <em><s>also to be fair is it really super effective if it does like 30%</s></em></div><div class="chat chatmessage-inkbug1 mine"><strong style="color:#e46e0f"><small>☆</small><span class="username" data-name="inkbug1">inkbug1</span>:</strong> <em>thats a lot on a pollu tht cant click recover</em></div><div class="chat chatmessage-h2opulse"><strong style="color:#6e8c2b"><small>☆</small><span class="username" data-name="H2OPulse">H2OPulse</span>:</strong> <em>Yeah,</em></div></div><div class="inner-preempt message-log"></div></div></div>
</div>
<script>
let daily = Math.floor(Date.now()/1000/60/60/24);document.write('<script src="https://dragonheaven.herokuapp.com/js/replay-embed.js?version'+daily+'"></'+'script>');
</script>
