<!DOCTYPE html>
<meta charset="utf-8" />
<!-- version 1 -->
<title>[Gen 8] Evolution Project replay: inkbug1 vs. god of joe</title>
<style>
html,body {font-family:Verdana, sans-serif;font-size:10pt;margin:0;padding:0;}body{padding:12px 0;} .battle-log {font-family:Verdana, sans-serif;font-size:10pt;} .battle-log-inline {border:1px solid #AAAAAA;background:#EEF2F5;color:black;max-width:640px;margin:0 auto 80px;padding-bottom:5px;} .battle-log .inner {padding:4px 8px 0px 8px;} .battle-log .inner-preempt {padding:0 8px 4px 8px;} .battle-log .inner-after {margin-top:0.5em;} .battle-log h2 {margin:0.5em -8px;padding:4px 8px;border:1px solid #AAAAAA;background:#E0E7EA;border-left:0;border-right:0;font-family:Verdana, sans-serif;font-size:13pt;} .battle-log .chat {vertical-align:middle;padding:3px 0 3px 0;font-size:8pt;} .battle-log .chat strong {color:#40576A;} .battle-log .chat em {padding:1px 4px 1px 3px;color:#000000;font-style:normal;} .chat.mine {background:rgba(0,0,0,0.05);margin-left:-8px;margin-right:-8px;padding-left:8px;padding-right:8px;} .spoiler {color:#BBBBBB;background:#BBBBBB;padding:0px 3px;} .spoiler:hover, .spoiler:active, .spoiler-shown {color:#000000;background:#E2E2E2;padding:0px 3px;} .spoiler a {color:#BBBBBB;} .spoiler:hover a, .spoiler:active a, .spoiler-shown a {color:#2288CC;} .chat code, .chat .spoiler:hover code, .chat .spoiler:active code, .chat .spoiler-shown code {border:1px solid #C0C0C0;background:#EEEEEE;color:black;padding:0 2px;} .chat .spoiler code {border:1px solid #CCCCCC;background:#CCCCCC;color:#CCCCCC;} .battle-log .rated {padding:3px 4px;} .battle-log .rated strong {color:white;background:#89A;padding:1px 4px;border-radius:4px;} .spacer {margin-top:0.5em;} .message-announce {background:#6688AA;color:white;padding:1px 4px 2px;} .message-announce a, .broadcast-green a, .broadcast-blue a, .broadcast-red a {color:#DDEEFF;} .broadcast-green {background-color:#559955;color:white;padding:2px 4px;} .broadcast-blue {background-color:#6688AA;color:white;padding:2px 4px;} .infobox {border:1px solid #6688AA;padding:2px 4px;} .infobox-limited {max-height:200px;overflow:auto;overflow-x:hidden;} .broadcast-red {background-color:#AA5544;color:white;padding:2px 4px;} .message-learn-canlearn {font-weight:bold;color:#228822;text-decoration:underline;} .message-learn-cannotlearn {font-weight:bold;color:#CC2222;text-decoration:underline;} .message-effect-weak {font-weight:bold;color:#CC2222;} .message-effect-resist {font-weight:bold;color:#6688AA;} .message-effect-immune {font-weight:bold;color:#666666;} .message-learn-list {margin-top:0;margin-bottom:0;} .message-throttle-notice, .message-error {color:#992222;} .message-overflow, .chat small.message-overflow {font-size:0pt;} .message-overflow::before {font-size:9pt;content:'...';} .subtle {color:#3A4A66;}
</style>
<div class="wrapper replay-wrapper" style="max-width:1180px;margin:0 auto">
<input type="hidden" name="replayid" value="dragonheaven-gen8evolutionproject-4" />
<div class="battle"></div><div class="battle-log"></div><div class="replay-controls"></div><div class="replay-controls-2"></div>
<h1 style="font-weight:normal;text-align:center"><strong>[Gen 8] Evolution Project</strong><br /><a href="http://pokemonshowdown.com/users/inkbug1" class="subtle" target="_blank">inkbug1</a> vs. <a href="http://pokemonshowdown.com/users/godofjoe" class="subtle" target="_blank">god of joe</a></h1>
<script type="text/plain" class="battle-log-data">|j|☆inkbug1

|j|☆god of joe
|t:|1658039588
|player|p1|inkbug1|emmet|
|player|p2|god of joe|caitlin|
|teamsize|p1|6
|teamsize|p2|6
|gametype|singles
|gen|8
|tier|[Gen 8] Evolution Project
|clearpoke
|poke|p1|Alchemissus, F|
|poke|p1|Dolorak, F|
|poke|p1|Tyrandra, F|
|poke|p1|Cofagrigus-Unbound, M|
|poke|p1|Goodra-Arctara, F|
|poke|p1|Sandslash-Alola, F|
|poke|p2|Boomblare, F|
|poke|p2|Tyrandra, F|
|poke|p2|Sylveon, F|
|poke|p2|Aggron-Hisui, M|
|poke|p2|Velocinobi, F|
|poke|p2|Excadrill-Hisui, M|
|rule|HP Percentage Mod: HP is shown in percentages
|rule|Endless Battle Clause: Forcing endless battles is banned
|rule|OHKO Clause: OHKO moves are banned
|rule|Evasion Moves Clause: Evasion moves are banned
|rule|Species Clause: Limit one of each Pokémon
|rule|Dynamax Clause: You cannot dynamax
|rule|Sleep Clause Mod: Limit one foe put to sleep
|rule|Z-Move Clause: Type-based Z-Moves are banned
|teampreview
|j|+H2OPulse
|c|☆god of joe|:eyes:
|c|+H2OPulse|Ooo good luck and have fun!!!
|c|☆god of joe|im hyped to get owned by goodra
|c|☆inkbug1|i cant actually remember if this version was at all functional or not but goodra rules so
|
|t:|1658039611
|start
|switch|p1a: Hornet|Dolorak, F|374\/374
|switch|p2a: Boomblare|Boomblare, F|100\/100
|-start|p2a: Boomblare|typechange|Normal\/Electric|[silent]
|raw|<ul class="utilichart"><li class="result"><span class="col pokemonnamecol" style="white-space: nowrap">Boomblare<\/span> <span class="col typecol"><img src="https:\/\/dragonheaven.herokuapp.com\/sprites\/types\/Normal.png" alt="Normal" height="14" width="32"><img src="https:\/\/dragonheaven.herokuapp.com\/sprites\/types\/Electric.png" alt="Electric" height="14" width="32"><\/span> <span style="float: left ; min-height: 26px"><span class="col abilitycol">Blowout<\/span><span class="col abilitycol"><\/span><\/span><\/li><li style="clear: both"><\/li><\/ul>
|raw|<ul class="utilichart"><li class="result"><span style="float: left ; min-height: 26px"><span class="col statcol"><em>HP<\/em><br>104<\/span> <span class="col statcol"><em>Atk<\/em><br>116<\/span> <span class="col statcol"><em>Def<\/em><br>58<\/span> <span class="col statcol"><em>SpA<\/em><br>76<\/span> <span class="col statcol"><em>SpD<\/em><br>58<\/span> <span class="col statcol"><em>Spe<\/em><br>78<\/span> <\/span><\/li><li style="clear: both"><\/li><\/ul>
|-hint|Boomblare was created by ausma!
|-start|p1a: Hornet|typechange|Bug\/Poison|[silent]
|raw|<ul class="utilichart"><li class="result"><span class="col pokemonnamecol" style="white-space: nowrap">Dolorak<\/span> <span class="col typecol"><img src="https:\/\/dragonheaven.herokuapp.com\/sprites\/types\/Bug.png" alt="Bug" height="14" width="32"><img src="https:\/\/dragonheaven.herokuapp.com\/sprites\/types\/Poison.png" alt="Poison" height="14" width="32"><\/span> <span style="float: left ; min-height: 26px"><span class="col abilitycol">Swarm \/ Insomnia \/ Prankster<\/span><span class="col abilitycol"><\/span><\/span><\/li><li style="clear: both"><\/li><\/ul>
|raw|<ul class="utilichart"><li class="result"><span style="float: left ; min-height: 26px"><span class="col statcol"><em>HP<\/em><br>85<\/span> <span class="col statcol"><em>Atk<\/em><br>110<\/span> <span class="col statcol"><em>Def<\/em><br>80<\/span> <span class="col statcol"><em>SpA<\/em><br>70<\/span> <span class="col statcol"><em>SpD<\/em><br>80<\/span> <span class="col statcol"><em>Spe<\/em><br>90<\/span> <\/span><\/li><li style="clear: both"><\/li><\/ul>
|-hint|Dolorak was created by BlueRay!
|turn|1
|c|+H2OPulse|Whoa are you ever suddenly like
|c|+H2OPulse|hit by a slightly nauseating wave of sleepiness
|c|☆inkbug1|i did not process that was here 
|c|☆god of joe|oh are you ok?
|c|☆inkbug1|um, 
|c|☆god of joe|(yeah boomblare is here
|
|t:|1658039629
|switch|p2a: Excadrill|Excadrill-Hisui, M|100\/100
|-start|p2a: Excadrill|typechange|Ground\/Normal|[silent]
|raw|<ul class="utilichart"><li class="result"><span class="col pokemonnamecol" style="white-space: nowrap">Excadrill-Hisui<\/span> <span class="col typecol"><img src="https:\/\/dragonheaven.herokuapp.com\/sprites\/types\/Ground.png" alt="Ground" height="14" width="32"><img src="https:\/\/dragonheaven.herokuapp.com\/sprites\/types\/Normal.png" alt="Normal" height="14" width="32"><\/span> <span style="float: left ; min-height: 26px"><span class="col abilitycol">Centrifuge \/ Sand Force \/ Technician<\/span><span class="col abilitycol"><\/span><\/span><\/li><li style="clear: both"><\/li><\/ul>
|raw|<ul class="utilichart"><li class="result"><span style="float: left ; min-height: 26px"><span class="col statcol"><em>HP<\/em><br>110<\/span> <span class="col statcol"><em>Atk<\/em><br>135<\/span> <span class="col statcol"><em>Def<\/em><br>60<\/span> <span class="col statcol"><em>SpA<\/em><br>50<\/span> <span class="col statcol"><em>SpD<\/em><br>65<\/span> <span class="col statcol"><em>Spe<\/em><br>88<\/span> <\/span><\/li><li style="clear: both"><\/li><\/ul>
|-hint|Excadrill-Hisui was created by ausma!
|move|p1a: Hornet|Toxic Thread|p2a: Excadrill
|-unboost|p2a: Excadrill|spe|1
|-status|p2a: Excadrill|psn
|
|-damage|p2a: Excadrill|88\/100 psn|[from] psn
|upkeep
|turn|2
|c|+H2OPulse|yeah I think I'm fine :'D I was just taken aback
|c|+H2OPulse|I will drink some water
|c|☆inkbug1|get water !!!!!
|
|t:|1658039654
|switch|p1a: Ruxxtin the Great|Cofagrigus-Unbound, M|319\/319
|-start|p1a: Ruxxtin the Great|typechange|Dark|[silent]
|raw|<ul class="utilichart"><li class="result"><span class="col pokemonnamecol" style="white-space: nowrap">Cofagrigus-Unbound<\/span> <span class="col typecol"><img src="https:\/\/dragonheaven.herokuapp.com\/sprites\/types\/Dark.png" alt="Dark" height="14" width="32"><\/span> <span style="float: left ; min-height: 26px"><span class="col abilitycol">Pickpocket \/ Unburden<\/span><span class="col abilitycol"><\/span><\/span><\/li><li style="clear: both"><\/li><\/ul>
|raw|<ul class="utilichart"><li class="result"><span style="float: left ; min-height: 26px"><span class="col statcol"><em>HP<\/em><br>58<\/span> <span class="col statcol"><em>Atk<\/em><br>95<\/span> <span class="col statcol"><em>Def<\/em><br>145<\/span> <span class="col statcol"><em>SpA<\/em><br>50<\/span> <span class="col statcol"><em>SpD<\/em><br>90<\/span> <span class="col statcol"><em>Spe<\/em><br>45<\/span> <\/span><\/li><li style="clear: both"><\/li><\/ul>
|-hint|Cofagrigus-Unbound was created by inkbug!
|move|p2a: Excadrill|Rapid Spin|p1a: Ruxxtin the Great
|-damage|p1a: Ruxxtin the Great|265\/319
|-boost|p2a: Excadrill|spe|1
|-damage|p2a: Excadrill|71\/100 psn|[from] item: Rocky Helmet|[of] p1a: Ruxxtin the Great
|
|-heal|p2a: Excadrill|78\/100 psn|[from] item: Leftovers
|-damage|p2a: Excadrill|65\/100 psn|[from] psn
|upkeep
|turn|3
|c|☆god of joe|hm
|
|t:|1658039675
|switch|p2a: Sylveon|Sylveon, F|100\/100
|move|p1a: Ruxxtin the Great|Toxic Spikes|p2a: Sylveon
|-sidestart|p2: god of joe|move: Toxic Spikes
|
|upkeep
|turn|4
|
|t:|1658039686
|switch|p1a: Mona|Alchemissus, F|273\/273
|-start|p1a: Mona|typechange|Ghost\/Poison|[silent]
|raw|<ul class="utilichart"><li class="result"><span class="col pokemonnamecol" style="white-space: nowrap">Alchemissus<\/span> <span class="col typecol"><img src="https:\/\/dragonheaven.herokuapp.com\/sprites\/types\/Ghost.png" alt="Ghost" height="14" width="32"><img src="https:\/\/dragonheaven.herokuapp.com\/sprites\/types\/Poison.png" alt="Poison" height="14" width="32"><\/span> <span style="float: left ; min-height: 26px"><span class="col abilitycol">Levitate \/ Corrosion \/ Gluttony<\/span><span class="col abilitycol"><\/span><\/span><\/li><li style="clear: both"><\/li><\/ul>
|raw|<ul class="utilichart"><li class="result"><span style="float: left ; min-height: 26px"><span class="col statcol"><em>HP<\/em><br>66<\/span> <span class="col statcol"><em>Atk<\/em><br>66<\/span> <span class="col statcol"><em>Def<\/em><br>66<\/span> <span class="col statcol"><em>SpA<\/em><br>114<\/span> <span class="col statcol"><em>SpD<\/em><br>113<\/span> <span class="col statcol"><em>Spe<\/em><br>107<\/span> <\/span><\/li><li style="clear: both"><\/li><\/ul>
|-hint|Alchemissus was created by KeroseneZanchu!
|move|p2a: Sylveon|Wish|p2a: Sylveon
|
|upkeep
|turn|5
|
|t:|1658039716
|switch|p2a: Excadrill|Excadrill-Hisui, M|65\/100 psn
|-start|p2a: Excadrill|typechange|Ground\/Normal|[silent]
|move|p1a: Mona|Toxic||[still]
|-fail|p1a: Mona
|
|-heal|p2a: Excadrill|100\/100 psn|[from] move: Wish|[wisher] Sylveon
|-damage|p2a: Excadrill|88\/100 psn|[from] psn
|upkeep
|turn|6
|
|t:|1658039737
|switch|p1a: Popsicle|Goodra-Arctara, F|241\/241
|-start|p1a: Popsicle|typechange|Water\/Ice|[silent]
|raw|<ul class="utilichart"><li class="result"><span class="col pokemonnamecol" style="white-space: nowrap">Goodra-Arctara<\/span> <span class="col typecol"><img src="https:\/\/dragonheaven.herokuapp.com\/sprites\/types\/Water.png" alt="Water" height="14" width="32"><img src="https:\/\/dragonheaven.herokuapp.com\/sprites\/types\/Ice.png" alt="Ice" height="14" width="32"><\/span> <span style="float: left ; min-height: 26px"><span class="col abilitycol">Stamina \/ Hydration \/ Water Absorb<\/span><span class="col abilitycol"><\/span><\/span><\/li><li style="clear: both"><\/li><\/ul>
|raw|<ul class="utilichart"><li class="result"><span style="float: left ; min-height: 26px"><span class="col statcol"><em>HP<\/em><br>50<\/span> <span class="col statcol"><em>Atk<\/em><br>110<\/span> <span class="col statcol"><em>Def<\/em><br>70<\/span> <span class="col statcol"><em>SpA<\/em><br>110<\/span> <span class="col statcol"><em>SpD<\/em><br>150<\/span> <span class="col statcol"><em>Spe<\/em><br>110<\/span> <\/span><\/li><li style="clear: both"><\/li><\/ul>
|-hint|Goodra-Arctara was created by ausma!
|move|p2a: Excadrill|Stealth Rock|p1a: Popsicle
|-sidestart|p1: inkbug1|move: Stealth Rock
|
|-heal|p2a: Excadrill|94\/100 psn|[from] item: Leftovers
|-damage|p2a: Excadrill|82\/100 psn|[from] psn
|upkeep
|turn|7
|c|☆god of joe|ah. fear.
|c|+H2OPulse|POPSICLE is a really good vibe for Goodra
|c|☆god of joe|for
|c|☆god of joe|real
|c|+H2OPulse|since it evolves from a jello-looking ice cube
|c|+H2OPulse|slimy and cold but sweet
|
|t:|1658039788
|switch|p2a: Aggron|Aggron-Hisui, M|100\/100
|-start|p2a: Aggron|typechange|Steel\/Fighting|[silent]
|raw|<ul class="utilichart"><li class="result"><span class="col pokemonnamecol" style="white-space: nowrap">Aggron-Hisui<\/span> <span class="col typecol"><img src="https:\/\/dragonheaven.herokuapp.com\/sprites\/types\/Steel.png" alt="Steel" height="14" width="32"><img src="https:\/\/dragonheaven.herokuapp.com\/sprites\/types\/Fighting.png" alt="Fighting" height="14" width="32"><\/span> <span style="float: left ; min-height: 26px"><span class="col abilitycol">Sturdy \/ Soundproof \/ Heavy Metal<\/span><span class="col abilitycol"><\/span><\/span><\/li><li style="clear: both"><\/li><\/ul>
|raw|<ul class="utilichart"><li class="result"><span style="float: left ; min-height: 26px"><span class="col statcol"><em>HP<\/em><br>70<\/span> <span class="col statcol"><em>Atk<\/em><br>60<\/span> <span class="col statcol"><em>Def<\/em><br>180<\/span> <span class="col statcol"><em>SpA<\/em><br>110<\/span> <span class="col statcol"><em>SpD<\/em><br>60<\/span> <span class="col statcol"><em>Spe<\/em><br>50<\/span> <\/span><\/li><li style="clear: both"><\/li><\/ul>
|-hint|Aggron-Hisui was created by Violet!
|move|p1a: Popsicle|Ice Beam|p2a: Aggron
|-resisted|p2a: Aggron
|-damage|p2a: Aggron|84\/100
|
|upkeep
|turn|8
|c|☆inkbug1|SHOULDA CLICKED FOCUS PUNCH
|c|☆inkbug1|i chickened
|c|+H2OPulse|PF
|
|t:|1658039818
|switch|p1a: Mona|Alchemissus, F|273\/273
|-start|p1a: Mona|typechange|Ghost\/Poison|[silent]
|-damage|p1a: Mona|239\/273|[from] Stealth Rock
|move|p2a: Aggron|Body Press|p1a: Mona
|-immune|p1a: Mona
|
|-heal|p1a: Mona|256\/273|[from] item: Black Sludge
|upkeep
|turn|9
|c|☆god of joe|hm
|c|☆inkbug1|the thing i do respect abt aggron that is not the case with playdol is that ghosts with a spdef bias arent compromised too badly by it being able to go mixed w body press
|c|☆inkbug1|like thats pretty interesting
|c|☆inkbug1|kidna anyways 
|
|t:|1658039908
|move|p1a: Mona|Nasty Plot|p1a: Mona
|-boost|p1a: Mona|spa|2
|move|p2a: Aggron|Flash Cannon|p1a: Mona
|-damage|p1a: Mona|127\/273
|
|-heal|p1a: Mona|144\/273|[from] item: Black Sludge
|upkeep
|turn|10
|c|☆inkbug1|u did not switch! i see. 
|
|t:|1658039920
|move|p1a: Mona|Toxic|p2a: Aggron
|-status|p2a: Aggron|tox
|move|p2a: Aggron|Flash Cannon|p1a: Mona
|-damage|p1a: Mona|8\/273
|
|-heal|p1a: Mona|25\/273|[from] item: Black Sludge
|-damage|p2a: Aggron|78\/100 tox|[from] psn
|upkeep
|turn|11
|c|☆god of joe|hmm
|c|☆god of joe|now the thing about hisuigron is
|c|☆god of joe|i really like its defensive utility
|c|☆god of joe|i really really like it
|c|+H2OPulse|I'mmm actually really curious - could I ask what this set is like? O: EV-wise, I mean (and is it AV?)
|
|t:|1658039968
|switch|p2a: Excadrill|Excadrill-Hisui, M|82\/100 psn
|-start|p2a: Excadrill|typechange|Ground\/Normal|[silent]
|move|p1a: Mona|Hex|p2a: Excadrill
|-immune|p2a: Excadrill
|
|-heal|p1a: Mona|42\/273|[from] item: Black Sludge
|-heal|p2a: Excadrill|88\/100 psn|[from] item: Leftovers
|-damage|p2a: Excadrill|75\/100 psn|[from] psn
|upkeep
|turn|12
|c|+H2OPulse|Like is it SpA and Def invested now or is it just SpA and SpD or
|c|☆god of joe|!showset 4
|c|+god of joe|\/raw <div class="infobox">Aggron (aggronhisui) @ Assault Vest<br \/>Ability: Soundproof<br \/>EVs: 252 hp \/ 4 def \/ 252 spa<br \/>Modest Nature<br \/>IVs: 0 atk<br \/>- Body Press<br \/>- Ice Beam<br \/>- Thunderbolt<br \/>- Flash Cannon<br \/><br \/><\/div>
|c|☆god of joe|oh wait
|c|☆god of joe|this isn't
|c|+H2OPulse|Ohhhhh interesting okay
|c|☆god of joe|spdef invested anymore
|c|☆god of joe|that explains the damage
|c|☆god of joe|i forgot x-x
|c|☆inkbug1|fair asdasdas
|
|t:|1658040009
|move|p1a: Mona|Venoshock|p2a: Excadrill
|-resisted|p2a: Excadrill
|-damage|p2a: Excadrill|14\/100 psn
|move|p2a: Excadrill|Earthquake|p1a: Mona
|-supereffective|p1a: Mona
|-damage|p1a: Mona|0 fnt
|faint|p1a: Mona
|
|-heal|p2a: Excadrill|20\/100 psn|[from] item: Leftovers
|-damage|p2a: Excadrill|8\/100 psn|[from] psn
|upkeep
|c|☆inkbug1|nooo rip
|c|☆inkbug1|fair
|
|t:|1658040020
|switch|p1a: Cackletta|Tyrandra, F|317\/317
|-start|p1a: Cackletta|typechange|Dark\/Dragon|[silent]
|raw|<ul class="utilichart"><li class="result"><span class="col pokemonnamecol" style="white-space: nowrap">Tyrandra<\/span> <span class="col typecol"><img src="https:\/\/dragonheaven.herokuapp.com\/sprites\/types\/Dark.png" alt="Dark" height="14" width="32"><img src="https:\/\/dragonheaven.herokuapp.com\/sprites\/types\/Dragon.png" alt="Dragon" height="14" width="32"><\/span> <span style="float: left ; min-height: 26px"><span class="col abilitycol">Poison Point \/ Merciless \/ Damp<\/span><span class="col abilitycol"><\/span><\/span><\/li><li style="clear: both"><\/li><\/ul>
|raw|<ul class="utilichart"><li class="result"><span style="float: left ; min-height: 26px"><span class="col statcol"><em>HP<\/em><br>70<\/span> <span class="col statcol"><em>Atk<\/em><br>90<\/span> <span class="col statcol"><em>Def<\/em><br>95<\/span> <span class="col statcol"><em>SpA<\/em><br>90<\/span> <span class="col statcol"><em>SpD<\/em><br>95<\/span> <span class="col statcol"><em>Spe<\/em><br>100<\/span> <\/span><\/li><li style="clear: both"><\/li><\/ul>
|-hint|Tyrandra was created by ausma!
|-damage|p1a: Cackletta|278\/317|[from] Stealth Rock
|turn|13
|c|☆god of joe|spdef invested hisuidrill my beloved
|c|☆god of joe|oh hello cackletta
|
|t:|1658040034
|move|p2a: Excadrill|Rapid Spin|p1a: Cackletta
|-damage|p1a: Cackletta|199\/317
|-boost|p2a: Excadrill|spe|1
|-sideend|p2: god of joe|Toxic Spikes|[from] move: Rapid Spin|[of] p2a: Excadrill
|move|p1a: Cackletta|Flip Turn|p2a: Excadrill
|-supereffective|p2a: Excadrill
|-crit|p2a: Excadrill
|-damage|p2a: Excadrill|0 fnt
|faint|p2a: Excadrill
|
|t:|1658040053
|switch|p1a: Clara|Sandslash-Alola, F|354\/354
|-damage|p1a: Clara|310\/354|[from] Stealth Rock
|
|upkeep
|
|t:|1658040077
|switch|p2a: Velocinobi|Velocinobi, F|100\/100
|-start|p2a: Velocinobi|typechange|Bug\/Ghost|[silent]
|raw|<ul class="utilichart"><li class="result"><span class="col pokemonnamecol" style="white-space: nowrap">Velocinobi<\/span> <span class="col typecol"><img src="https:\/\/dragonheaven.herokuapp.com\/sprites\/types\/Bug.png" alt="Bug" height="14" width="32"><img src="https:\/\/dragonheaven.herokuapp.com\/sprites\/types\/Ghost.png" alt="Ghost" height="14" width="32"><\/span> <span style="float: left ; min-height: 26px"><span class="col abilitycol">Shed Skin \/ Technician \/ Unburden<\/span><span class="col abilitycol"><\/span><\/span><\/li><li style="clear: both"><\/li><\/ul>
|raw|<ul class="utilichart"><li class="result"><span style="float: left ; min-height: 26px"><span class="col statcol"><em>HP<\/em><br>80<\/span> <span class="col statcol"><em>Atk<\/em><br>95<\/span> <span class="col statcol"><em>Def<\/em><br>20<\/span> <span class="col statcol"><em>SpA<\/em><br>105<\/span> <span class="col statcol"><em>SpD<\/em><br>90<\/span> <span class="col statcol"><em>Spe<\/em><br>145<\/span> <\/span><\/li><li style="clear: both"><\/li><\/ul>
|-hint|Velocinobi was created by quagsi!
|turn|14
|
|t:|1658040083
|move|p1a: Clara|Ice Shard|p2a: Velocinobi
|-damage|p2a: Velocinobi|23\/100
|move|p2a: Velocinobi|Hidden Power|p1a: Clara
|-supereffective|p1a: Clara
|-damage|p1a: Clara|0 fnt
|faint|p1a: Clara
|
|upkeep
|c|☆inkbug1|mhgmdfhgjmdfjg okay 
|c|+H2OPulse|VELOCINOBI'S DEFENSE IS SO
|
|t:|1658040114
|switch|p1a: Hornet|Dolorak, F|374\/374
|-start|p1a: Hornet|typechange|Bug\/Poison|[silent]
|turn|15
|c|+H2OPulse|I know it has a C like velocity but I still always pronounce it like Veloshinobi and I keep wanting to abbreviate it as Velosh
|c|☆god of joe|drjk;gvldjrg
|c|+H2OPulse|Velosh is just really fun to say
|
|t:|1658040133
|move|p1a: Hornet|Disable|p2a: Velocinobi
|-start|p2a: Velocinobi|Disable|Hidden Power
|move|p2a: Velocinobi|Shadow Ball|p1a: Hornet
|-damage|p1a: Hornet|269\/374
|
|upkeep
|turn|16
|
|t:|1658040141
|move|p1a: Hornet|Toxic Thread|p2a: Velocinobi
|-unboost|p2a: Velocinobi|spe|1
|-status|p2a: Velocinobi|psn
|move|p2a: Velocinobi|Spikes|p1a: Hornet
|-sidestart|p1: inkbug1|Spikes
|
|-damage|p2a: Velocinobi|11\/100 psn|[from] psn
|upkeep
|turn|17
|
|t:|1658040181
|move|p2a: Velocinobi|U-turn|p1a: Hornet
|-resisted|p1a: Hornet
|-damage|p1a: Hornet|221\/374
|
|t:|1658040188
|switch|p2a: Aggron|Aggron-Hisui, M|78\/100 tox|[from]move: U-turn
|-start|p2a: Aggron|typechange|Steel\/Fighting|[silent]
|move|p1a: Hornet|Stomping Tantrum|p2a: Aggron
|-supereffective|p2a: Aggron
|-damage|p2a: Aggron|55\/100 tox
|
|-damage|p2a: Aggron|49\/100 tox|[from] psn
|upkeep
|turn|18
|
|t:|1658040199
|move|p1a: Hornet|Sticky Web|p2a: Aggron
|-sidestart|p2: god of joe|move: Sticky Web
|move|p2a: Aggron|Flash Cannon|p1a: Hornet
|-damage|p1a: Hornet|113\/374
|
|-damage|p2a: Aggron|37\/100 tox|[from] psn
|upkeep
|turn|19
|c|☆god of joe|why did that
|c|☆god of joe|do nothing
|c|☆inkbug1|i love dolorak so ffucking much
|c|☆inkbug1|shes max spdef i think 
|c|☆inkbug1|and she just does not take damage-
|c|☆god of joe|ye ah  wow
|c|☆god of joe|and this aggron is max spatk too apparently
|c|+H2OPulse|M a n
|c|☆god of joe|good lord
|
|t:|1658040248
|move|p1a: Hornet|Disable|p2a: Aggron
|-start|p2a: Aggron|Disable|Flash Cannon
|cant|p2a: Aggron|Disable|Flash Cannon
|
|-damage|p2a: Aggron|19\/100 tox|[from] psn
|upkeep
|turn|20
|
|t:|1658040257
|move|p1a: Hornet|Stomping Tantrum|p2a: Aggron
|-supereffective|p2a: Aggron
|-damage|p2a: Aggron|0 fnt
|faint|p2a: Aggron
|
|upkeep
|c|+H2OPulse|Dolorak is s__o cool honestly__
|c|☆inkbug1|!showset 2
|c|~inkbug1|\/raw <div class="infobox">Hornet (dolorak) @ Heavy-Duty Boots<br \/>Ability: Prankster<br \/>EVs: 252 hp \/ 4 atk \/ 252 spd<br \/>Careful Nature<br \/>IVs: 0 spe<br \/>- Sticky Web<br \/>- Disable<br \/>- Stomping Tantrum<br \/>- Toxic Thread<br \/><br \/><\/div>
|c|+H2OPulse|I love her so much
|
|t:|1658040270
|switch|p2a: Velocinobi|Velocinobi, F|11\/100 psn
|-start|p2a: Velocinobi|typechange|Bug\/Ghost|[silent]
|turn|21
|c|☆inkbug1|this isnt my usual set for her 
|c|☆inkbug1|but is so solid
|c|☆inkbug1|shes usually um 
|c|☆inkbug1|tspikes\/disable\/leech life\/curse
|c|+H2OPulse|I think this might be my favorite set you've used for her though
|
|t:|1658040314
|switch|p1a: Popsicle|Goodra-Arctara, F|241\/241
|-start|p1a: Popsicle|typechange|Water\/Ice|[silent]
|-damage|p1a: Popsicle|181\/241|[from] Stealth Rock
|-damage|p1a: Popsicle|151\/241|[from] Spikes
|move|p2a: Velocinobi|Shadow Ball|p1a: Popsicle
|-damage|p1a: Popsicle|46\/241
|-ability|p1a: Popsicle|Stamina|boost
|-boost|p1a: Popsicle|def|1
|
|-heal|p1a: Popsicle|61\/241|[from] item: Leftovers
|-damage|p2a: Velocinobi|0 fnt|[from] psn
|faint|p2a: Velocinobi
|upkeep
|c|☆inkbug1|oof ouch my bones 
|c|+H2OPulse|o w
|c|☆god of joe|sadly i now lose to this
|
|t:|1658040329
|switch|p2a: Boomblare|Boomblare, F|100\/100
|-activate|p2a: Boomblare|move: Sticky Web
|-unboost|p2a: Boomblare|spe|1
|-start|p2a: Boomblare|typechange|Normal\/Electric|[silent]
|turn|22
|c|☆inkbug1|idk about that 
|
|t:|1658040346
|move|p1a: Popsicle|Pain Split|p2a: Boomblare
|-sethp|p2a: Boomblare|59\/100|[from] move: Pain Split|[silent]
|-sethp|p1a: Popsicle|205\/241|[from] move: Pain Split
|move|p2a: Boomblare|Drain Punch|p1a: Popsicle
|-supereffective|p1a: Popsicle
|-damage|p1a: Popsicle|80\/241
|-heal|p2a: Boomblare|77\/100|[from] drain|[of] p1a: Popsicle
|-ability|p1a: Popsicle|Stamina|boost
|-boost|p1a: Popsicle|def|1
|-damage|p2a: Boomblare|68\/100|[from] item: Life Orb
|
|-heal|p1a: Popsicle|95\/241|[from] item: Leftovers
|upkeep
|turn|23
|c|+H2OPulse|BELOVED
|
|t:|1658040362
|move|p1a: Popsicle|Pain Split|p2a: Boomblare
|-sethp|p2a: Boomblare|47\/100|[from] move: Pain Split|[silent]
|-sethp|p1a: Popsicle|164\/241|[from] move: Pain Split
|move|p2a: Boomblare|Boomburst|p1a: Popsicle
|-damage|p1a: Popsicle|0 fnt
|-damage|p2a: Boomblare|38\/100|[from] item: Life Orb
|faint|p1a: Popsicle
|
|upkeep
|c|+H2OPulse|ow fair--
|c|☆inkbug1|yea see-
|c|☆god of joe|ah.
|c|☆god of joe|i underestimated that
|c|☆inkbug1|this one is um 
|c|☆inkbug1|minus spdef i think- 
|c|+H2OPulse|PF
|c|+H2OPulse|fair--
|c|☆god of joe|oh
|c|☆god of joe|oh that would explain it
|c|☆god of joe|i was certain you'd live that
|c|☆inkbug1|bc shes focus punch and not body press
|c|☆god of joe|right
|c|☆inkbug1|i have a version w body press i think
|
|t:|1658040422
|switch|p1a: Hornet|Dolorak, F|113\/374
|-start|p1a: Hornet|typechange|Bug\/Poison|[silent]
|turn|24
|
|t:|1658040428
|move|p1a: Hornet|Disable|p2a: Boomblare
|-start|p2a: Boomblare|Disable|Boomburst
|move|p2a: Boomblare|Volt Switch|p1a: Hornet
|-damage|p1a: Hornet|22\/374
|-damage|p2a: Boomblare|28\/100|[from] item: Life Orb
|
|t:|1658040435
|switch|p2a: Tyrandra|Tyrandra, F|100\/100|[from]move: Volt Switch
|-activate|p2a: Tyrandra|move: Sticky Web
|-unboost|p2a: Tyrandra|spe|1
|-start|p2a: Tyrandra|typechange|Dark\/Dragon|[silent]
|raw|<ul class="utilichart"><li class="result"><span class="col pokemonnamecol" style="white-space: nowrap">Tyrandra<\/span> <span class="col typecol"><img src="https:\/\/dragonheaven.herokuapp.com\/sprites\/types\/Dark.png" alt="Dark" height="14" width="32"><img src="https:\/\/dragonheaven.herokuapp.com\/sprites\/types\/Dragon.png" alt="Dragon" height="14" width="32"><\/span> <span style="float: left ; min-height: 26px"><span class="col abilitycol">Poison Point \/ Merciless \/ Damp<\/span><span class="col abilitycol"><\/span><\/span><\/li><li style="clear: both"><\/li><\/ul>
|raw|<ul class="utilichart"><li class="result"><span style="float: left ; min-height: 26px"><span class="col statcol"><em>HP<\/em><br>70<\/span> <span class="col statcol"><em>Atk<\/em><br>90<\/span> <span class="col statcol"><em>Def<\/em><br>95<\/span> <span class="col statcol"><em>SpA<\/em><br>90<\/span> <span class="col statcol"><em>SpD<\/em><br>95<\/span> <span class="col statcol"><em>Spe<\/em><br>100<\/span> <\/span><\/li><li style="clear: both"><\/li><\/ul>
|-hint|Tyrandra was created by ausma!
|
|upkeep
|turn|25
|
|t:|1658040440
|move|p1a: Hornet|Toxic Thread|p2a: Tyrandra
|-hint|Since gen 7, Dark is immune to Prankster moves.
|-immune|p2a: Tyrandra
|move|p2a: Tyrandra|Dark Pulse|p1a: Hornet
|-damage|p1a: Hornet|0 fnt
|faint|p1a: Hornet
|
|upkeep
|c|☆inkbug1|oh im smart
|
|t:|1658040450
|switch|p1a: Cackletta|Tyrandra, F|199\/317
|-start|p1a: Cackletta|typechange|Dark\/Dragon|[silent]
|-damage|p1a: Cackletta|160\/317|[from] Spikes
|-damage|p1a: Cackletta|121\/317|[from] Stealth Rock
|turn|26
|
|t:|1658040460
|move|p1a: Cackletta|Sludge Bomb|p2a: Tyrandra
|-damage|p2a: Tyrandra|54\/100
|move|p2a: Tyrandra|Draco Meteor|p1a: Cackletta
|-supereffective|p1a: Cackletta
|-damage|p1a: Cackletta|0 fnt
|-unboost|p2a: Tyrandra|spa|2
|faint|p1a: Cackletta
|
|-heal|p2a: Tyrandra|60\/100|[from] item: Leftovers
|upkeep
|c|+H2OPulse|I am still just obsessed with how often Dark's Prankster immunity comes up in this meta
|
|t:|1658040470
|switch|p1a: Ruxxtin the Great|Cofagrigus-Unbound, M|265\/319
|-damage|p1a: Ruxxtin the Great|226\/319|[from] Spikes
|-damage|p1a: Ruxxtin the Great|187\/319|[from] Stealth Rock
|-start|p1a: Ruxxtin the Great|typechange|Dark|[silent]
|turn|27
|
|t:|1658040484
|move|p2a: Tyrandra|Toxic|p1a: Ruxxtin the Great
|-status|p1a: Ruxxtin the Great|tox
|move|p1a: Ruxxtin the Great|Body Press|p2a: Tyrandra
|-supereffective|p2a: Tyrandra
|-damage|p2a: Tyrandra|0 fnt
|faint|p2a: Tyrandra
|
|-damage|p1a: Ruxxtin the Great|168\/319 tox|[from] psn
|upkeep
|
|t:|1658040488
|switch|p2a: Sylveon|Sylveon, F|100\/100
|-activate|p2a: Sylveon|move: Sticky Web
|-unboost|p2a: Sylveon|spe|1
|turn|28
|c|☆god of joe|that was close
|c|☆god of joe|gg
|
|t:|1658040495
|move|p1a: Ruxxtin the Great|Pain Split|p2a: Sylveon
|-sethp|p2a: Sylveon|72\/100|[from] move: Pain Split|[silent]
|-sethp|p1a: Ruxxtin the Great|281\/319 tox|[from] move: Pain Split
|move|p2a: Sylveon|Moonblast|p1a: Ruxxtin the Great
|-supereffective|p1a: Ruxxtin the Great
|-damage|p1a: Ruxxtin the Great|3\/319 tox
|
|-heal|p2a: Sylveon|78\/100|[from] item: Leftovers
|-damage|p1a: Ruxxtin the Great|0 fnt|[from] psn
|faint|p1a: Ruxxtin the Great
|
|win|god of joe
|upkeep
|c|☆inkbug1|yeah rl good game
|c|☆inkbug1|oh my god why did he live that with like 1-
|c|+H2OPulse|Man that was amazing
|c|+H2OPulse|Good game both OO:
|c|☆god of joe|ruxxtin the great
|c|+H2OPulse|__yeah--__
|c|+H2OPulse|aptly named :pray:
|c|☆inkbug1|let me get the one w body press who isnt uh
|c|☆inkbug1|!showset 5
|c|~inkbug1|\/raw <div class="infobox">Popsicle (goodraarctara) @ Leftovers<br \/>Ability: Stamina<br \/>EVs: 252 def \/ 4 spa \/ 252 spe<br \/>Naive Nature<br \/>- Pain Split<br \/>- Focus Punch<br \/>- Ice Beam<br \/>- Protect<br \/><br \/><\/div>
|c|☆inkbug1|naive apparently
|c|+H2OPulse|ksjdhf</script>
</div>
<div class="battle-log battle-log-inline"><div class="inner"><div class="battle-options"><div style="padding-top: 3px; padding-right: 3px; text-align: right"><button class="icon button" name="openBattleOptions" title="Options">Battle Options</button></div></div><div class="inner message-log"><div class="chat"><small>☆inkbug1 and ☆god of joe joined</small></div><div class=""><small>Format:</small> <br><strong>[Gen 8] Evolution Project</strong></div><div class=""><small><em>HP Percentage Mod:</em> HP is shown in percentages</small></div><div class=""><small><em>Endless Battle Clause:</em> Forcing endless battles is banned</small></div><div class=""><small><em>OHKO Clause:</em> OHKO moves are banned</small></div><div class=""><small><em>Evasion Moves Clause:</em> Evasion moves are banned</small></div><div class=""><small><em>Species Clause:</em> Limit one of each Pokémon</small></div><div class=""><small><em>Dynamax Clause:</em> You cannot dynamax</small></div><div class=""><small><em>Sleep Clause Mod:</em> Limit one foe put to sleep</small></div><div class=""><small><em>Z-Move Clause:</em> Type-based Z-Moves are banned</small></div><div class="chat battle-history"><strong>inkbug1's team:</strong> <em style="color:#445566;display:block;">Alchemissus / Dolorak / Tyrandra / Cofagrigus-Unbound / Goodra-Arctara / Sandslash-Alola</em></div><div class="chat battle-history"><strong>god of joe's team:</strong> <em style="color:#445566;display:block;">Boomblare / Tyrandra / Sylveon / Aggron-Hisui / Velocinobi / Excadrill-Hisui</em></div><div class="chat"><small>+H2OPulse joined</small></div><div class="chat chatmessage-godofjoe"><strong style="color:#a523c9"><small>☆</small><span class="username" data-name="god of joe">god of joe</span>:</strong> <em>:eyes:</em></div><div class="chat chatmessage-h2opulse"><strong style="color:#6e8c2b"><small>+</small><span class="username" data-name="H2OPulse">H2OPulse</span>:</strong> <em>Ooo good luck and have fun!!!</em></div><div class="chat chatmessage-godofjoe"><strong style="color:#a523c9"><small>☆</small><span class="username" data-name="god of joe">god of joe</span>:</strong> <em>im hyped to get owned by goodra</em></div><div class="chat chatmessage-inkbug1 mine"><strong style="color:#e46e0f"><small>☆</small><span class="username" data-name="inkbug1">inkbug1</span>:</strong> <em>i cant actually remember if this version was at all functional or not but goodra rules so</em></div><div class="spacer battle-history"><br></div><div class="battle-history">Battle started between inkbug1 and god of joe!<br></div><div class="spacer battle-history"><br></div><div class="battle-history">Go! Hornet (<strong>Dolorak</strong>)!<br></div><div class="spacer battle-history"><br></div><div class="battle-history">god of joe sent out <strong>Boomblare</strong>!<br></div><div class="chat"><ul class="utilichart"><li class="result"><span class="col pokemonnamecol" style="white-space: nowrap">Boomblare</span> <span class="col typecol"><img src="https://dragonheaven.herokuapp.com/sprites/types/Normal.png" alt="Normal" height="14" width="32"><img src="https://dragonheaven.herokuapp.com/sprites/types/Electric.png" alt="Electric" height="14" width="32"></span> <span style="float: left ; min-height: 26px"><span class="col abilitycol">Blowout</span><span class="col abilitycol"></span></span></li><li style="clear: both"></li></ul></div><div class="chat"><ul class="utilichart"><li class="result"><span style="float: left ; min-height: 26px"><span class="col statcol"><em>HP</em><br>104</span> <span class="col statcol"><em>Atk</em><br>116</span> <span class="col statcol"><em>Def</em><br>58</span> <span class="col statcol"><em>SpA</em><br>76</span> <span class="col statcol"><em>SpD</em><br>58</span> <span class="col statcol"><em>Spe</em><br>78</span> </span></li><li style="clear: both"></li></ul></div><div class="battle-history"><small>(Boomblare was created by ausma!)</small><br></div><div class="chat"><ul class="utilichart"><li class="result"><span class="col pokemonnamecol" style="white-space: nowrap">Dolorak</span> <span class="col typecol"><img src="https://dragonheaven.herokuapp.com/sprites/types/Bug.png" alt="Bug" height="14" width="32"><img src="https://dragonheaven.herokuapp.com/sprites/types/Poison.png" alt="Poison" height="14" width="32"></span> <span style="float: left ; min-height: 26px"><span class="col abilitycol">Swarm / Insomnia / Prankster</span><span class="col abilitycol"></span></span></li><li style="clear: both"></li></ul></div><div class="chat"><ul class="utilichart"><li class="result"><span style="float: left ; min-height: 26px"><span class="col statcol"><em>HP</em><br>85</span> <span class="col statcol"><em>Atk</em><br>110</span> <span class="col statcol"><em>Def</em><br>80</span> <span class="col statcol"><em>SpA</em><br>70</span> <span class="col statcol"><em>SpD</em><br>80</span> <span class="col statcol"><em>Spe</em><br>90</span> </span></li><li style="clear: both"></li></ul></div><div class="battle-history"><small>(Dolorak was created by BlueRay!)</small><br></div><div class="spacer battle-history"><br></div><h2 class="battle-history">Turn 1</h2><div class="chat chatmessage-h2opulse"><strong style="color:#6e8c2b"><small>+</small><span class="username" data-name="H2OPulse">H2OPulse</span>:</strong> <em>Whoa are you ever suddenly like</em></div><div class="chat chatmessage-h2opulse"><strong style="color:#6e8c2b"><small>+</small><span class="username" data-name="H2OPulse">H2OPulse</span>:</strong> <em>hit by a slightly nauseating wave of sleepiness</em></div><div class="chat chatmessage-inkbug1 mine"><strong style="color:#e46e0f"><small>☆</small><span class="username" data-name="inkbug1">inkbug1</span>:</strong> <em>i did not process that was here </em></div><div class="chat chatmessage-godofjoe"><strong style="color:#a523c9"><small>☆</small><span class="username" data-name="god of joe">god of joe</span>:</strong> <em>oh are you ok?</em></div><div class="chat chatmessage-inkbug1 mine"><strong style="color:#e46e0f"><small>☆</small><span class="username" data-name="inkbug1">inkbug1</span>:</strong> <em>um, </em></div><div class="chat chatmessage-godofjoe"><strong style="color:#a523c9"><small>☆</small><span class="username" data-name="god of joe">god of joe</span>:</strong> <em>(yeah boomblare is here</em></div><div class="spacer battle-history"><br></div><div class="battle-history">god of joe withdrew Boomblare!<br></div><div class="battle-history">god of joe sent out Excadrill (<strong>Excadrill-Hisui</strong>)!<br></div><div class="chat"><ul class="utilichart"><li class="result"><span class="col pokemonnamecol" style="white-space: nowrap">Excadrill-Hisui</span> <span class="col typecol"><img src="https://dragonheaven.herokuapp.com/sprites/types/Ground.png" alt="Ground" height="14" width="32"><img src="https://dragonheaven.herokuapp.com/sprites/types/Normal.png" alt="Normal" height="14" width="32"></span> <span style="float: left ; min-height: 26px"><span class="col abilitycol">Centrifuge / Sand Force / Technician</span><span class="col abilitycol"></span></span></li><li style="clear: both"></li></ul></div><div class="chat"><ul class="utilichart"><li class="result"><span style="float: left ; min-height: 26px"><span class="col statcol"><em>HP</em><br>110</span> <span class="col statcol"><em>Atk</em><br>135</span> <span class="col statcol"><em>Def</em><br>60</span> <span class="col statcol"><em>SpA</em><br>50</span> <span class="col statcol"><em>SpD</em><br>65</span> <span class="col statcol"><em>Spe</em><br>88</span> </span></li><li style="clear: both"></li></ul></div><div class="battle-history"><small>(Excadrill-Hisui was created by ausma!)</small><br></div><div class="spacer battle-history"><br></div><div class="battle-history">Hornet used <strong>Toxic Thread</strong>!<br></div><div class="battle-history"><small>The opposing Excadrill's Speed fell!</small><br></div><div class="battle-history"><small>The opposing Excadrill was poisoned!</small><br></div><div class="spacer battle-history"><br></div><div class="battle-history"><small>The opposing Excadrill was hurt by poison!</small><br></div><div class="spacer battle-history"><br></div><h2 class="battle-history">Turn 2</h2><div class="chat chatmessage-h2opulse"><strong style="color:#6e8c2b"><small>+</small><span class="username" data-name="H2OPulse">H2OPulse</span>:</strong> <em>yeah I think I'm fine :'D I was just taken aback</em></div><div class="chat chatmessage-h2opulse"><strong style="color:#6e8c2b"><small>+</small><span class="username" data-name="H2OPulse">H2OPulse</span>:</strong> <em>I will drink some water</em></div><div class="chat chatmessage-inkbug1 mine"><strong style="color:#e46e0f"><small>☆</small><span class="username" data-name="inkbug1">inkbug1</span>:</strong> <em>get water !!!!!</em></div><div class="spacer battle-history"><br></div><div class="battle-history">Hornet, come back!<br></div><div class="battle-history">Go! Ruxxtin the Great (<strong>Cofagrigus-Unbound</strong>)!<br></div><div class="chat"><ul class="utilichart"><li class="result"><span class="col pokemonnamecol" style="white-space: nowrap">Cofagrigus-Unbound</span> <span class="col typecol"><img src="https://dragonheaven.herokuapp.com/sprites/types/Dark.png" alt="Dark" height="14" width="32"></span> <span style="float: left ; min-height: 26px"><span class="col abilitycol">Pickpocket / Unburden</span><span class="col abilitycol"></span></span></li><li style="clear: both"></li></ul></div><div class="chat"><ul class="utilichart"><li class="result"><span style="float: left ; min-height: 26px"><span class="col statcol"><em>HP</em><br>58</span> <span class="col statcol"><em>Atk</em><br>95</span> <span class="col statcol"><em>Def</em><br>145</span> <span class="col statcol"><em>SpA</em><br>50</span> <span class="col statcol"><em>SpD</em><br>90</span> <span class="col statcol"><em>Spe</em><br>45</span> </span></li><li style="clear: both"></li></ul></div><div class="battle-history"><small>(Cofagrigus-Unbound was created by inkbug!)</small><br></div><div class="spacer battle-history"><br></div><div class="battle-history">The opposing Excadrill used <strong>Rapid Spin</strong>!<br></div><div class="battle-history"><small>(Ruxxtin the Great lost <abbr title="−54/319">16.9%</abbr> of its health!)</small><br></div><div class="battle-history"><small>The opposing Excadrill's Speed rose!</small><br></div><div class="battle-history"><small>The opposing Excadrill was hurt by the Rocky Helmet!</small><br></div><div class="spacer battle-history"><br></div><div class="battle-history"><small>The opposing Excadrill restored a little HP using its Leftovers!</small><br></div><div class="battle-history"><small>The opposing Excadrill was hurt by poison!</small><br></div><div class="spacer battle-history"><br></div><h2 class="battle-history">Turn 3</h2><div class="chat chatmessage-godofjoe"><strong style="color:#a523c9"><small>☆</small><span class="username" data-name="god of joe">god of joe</span>:</strong> <em>hm</em></div><div class="spacer battle-history"><br></div><div class="battle-history">god of joe withdrew Excadrill!<br></div><div class="battle-history">god of joe sent out <strong>Sylveon</strong>!<br></div><div class="spacer battle-history"><br></div><div class="battle-history">Ruxxtin the Great used <strong>Toxic Spikes</strong>!<br></div><div class="battle-history"><small>Poison spikes were scattered on the ground all around the opposing team!</small><br></div><div class="spacer battle-history"><br></div><h2 class="battle-history">Turn 4</h2><div class="spacer battle-history"><br></div><div class="battle-history">Ruxxtin the Great, come back!<br></div><div class="battle-history">Go! Mona (<strong>Alchemissus</strong>)!<br></div><div class="chat"><ul class="utilichart"><li class="result"><span class="col pokemonnamecol" style="white-space: nowrap">Alchemissus</span> <span class="col typecol"><img src="https://dragonheaven.herokuapp.com/sprites/types/Ghost.png" alt="Ghost" height="14" width="32"><img src="https://dragonheaven.herokuapp.com/sprites/types/Poison.png" alt="Poison" height="14" width="32"></span> <span style="float: left ; min-height: 26px"><span class="col abilitycol">Levitate / Corrosion / Gluttony</span><span class="col abilitycol"></span></span></li><li style="clear: both"></li></ul></div><div class="chat"><ul class="utilichart"><li class="result"><span style="float: left ; min-height: 26px"><span class="col statcol"><em>HP</em><br>66</span> <span class="col statcol"><em>Atk</em><br>66</span> <span class="col statcol"><em>Def</em><br>66</span> <span class="col statcol"><em>SpA</em><br>114</span> <span class="col statcol"><em>SpD</em><br>113</span> <span class="col statcol"><em>Spe</em><br>107</span> </span></li><li style="clear: both"></li></ul></div><div class="battle-history"><small>(Alchemissus was created by KeroseneZanchu!)</small><br></div><div class="spacer battle-history"><br></div><div class="battle-history">The opposing Sylveon used <strong>Wish</strong>!<br></div><div class="spacer battle-history"><br></div><h2 class="battle-history">Turn 5</h2><div class="spacer battle-history"><br></div><div class="battle-history">god of joe withdrew Sylveon!<br></div><div class="battle-history">god of joe sent out Excadrill (<strong>Excadrill-Hisui</strong>)!<br></div><div class="spacer battle-history"><br></div><div class="battle-history">Mona used <strong>Toxic</strong>!<br></div><div class="battle-history"><small>But it failed!</small><br></div><div class="spacer battle-history"><br></div><div class="battle-history"><small>Sylveon's wish came true!</small><br></div><div class="battle-history"><small>The opposing Excadrill was hurt by poison!</small><br></div><div class="spacer battle-history"><br></div><h2 class="battle-history">Turn 6</h2><div class="spacer battle-history"><br></div><div class="battle-history">Mona, come back!<br></div><div class="battle-history">Go! Popsicle (<strong>Goodra-Arctara</strong>)!<br></div><div class="chat"><ul class="utilichart"><li class="result"><span class="col pokemonnamecol" style="white-space: nowrap">Goodra-Arctara</span> <span class="col typecol"><img src="https://dragonheaven.herokuapp.com/sprites/types/Water.png" alt="Water" height="14" width="32"><img src="https://dragonheaven.herokuapp.com/sprites/types/Ice.png" alt="Ice" height="14" width="32"></span> <span style="float: left ; min-height: 26px"><span class="col abilitycol">Stamina / Hydration / Water Absorb</span><span class="col abilitycol"></span></span></li><li style="clear: both"></li></ul></div><div class="chat"><ul class="utilichart"><li class="result"><span style="float: left ; min-height: 26px"><span class="col statcol"><em>HP</em><br>50</span> <span class="col statcol"><em>Atk</em><br>110</span> <span class="col statcol"><em>Def</em><br>70</span> <span class="col statcol"><em>SpA</em><br>110</span> <span class="col statcol"><em>SpD</em><br>150</span> <span class="col statcol"><em>Spe</em><br>110</span> </span></li><li style="clear: both"></li></ul></div><div class="battle-history"><small>(Goodra-Arctara was created by ausma!)</small><br></div><div class="spacer battle-history"><br></div><div class="battle-history">The opposing Excadrill used <strong>Stealth Rock</strong>!<br></div><div class="battle-history"><small>Pointed stones float in the air around your team!</small><br></div><div class="spacer battle-history"><br></div><div class="battle-history"><small>The opposing Excadrill restored a little HP using its Leftovers!</small><br></div><div class="battle-history"><small>The opposing Excadrill was hurt by poison!</small><br></div><div class="spacer battle-history"><br></div><h2 class="battle-history">Turn 7</h2><div class="chat chatmessage-godofjoe"><strong style="color:#a523c9"><small>☆</small><span class="username" data-name="god of joe">god of joe</span>:</strong> <em>ah. fear.</em></div><div class="chat chatmessage-h2opulse"><strong style="color:#6e8c2b"><small>+</small><span class="username" data-name="H2OPulse">H2OPulse</span>:</strong> <em>POPSICLE is a really good vibe for Goodra</em></div><div class="chat chatmessage-godofjoe"><strong style="color:#a523c9"><small>☆</small><span class="username" data-name="god of joe">god of joe</span>:</strong> <em>for</em></div><div class="chat chatmessage-godofjoe"><strong style="color:#a523c9"><small>☆</small><span class="username" data-name="god of joe">god of joe</span>:</strong> <em>real</em></div><div class="chat chatmessage-h2opulse"><strong style="color:#6e8c2b"><small>+</small><span class="username" data-name="H2OPulse">H2OPulse</span>:</strong> <em>since it evolves from a jello-looking ice cube</em></div><div class="chat chatmessage-h2opulse"><strong style="color:#6e8c2b"><small>+</small><span class="username" data-name="H2OPulse">H2OPulse</span>:</strong> <em>slimy and cold but sweet</em></div><div class="spacer battle-history"><br></div><div class="battle-history">god of joe withdrew Excadrill!<br></div><div class="battle-history">god of joe sent out Aggron (<strong>Aggron-Hisui</strong>)!<br></div><div class="chat"><ul class="utilichart"><li class="result"><span class="col pokemonnamecol" style="white-space: nowrap">Aggron-Hisui</span> <span class="col typecol"><img src="https://dragonheaven.herokuapp.com/sprites/types/Steel.png" alt="Steel" height="14" width="32"><img src="https://dragonheaven.herokuapp.com/sprites/types/Fighting.png" alt="Fighting" height="14" width="32"></span> <span style="float: left ; min-height: 26px"><span class="col abilitycol">Sturdy / Soundproof / Heavy Metal</span><span class="col abilitycol"></span></span></li><li style="clear: both"></li></ul></div><div class="chat"><ul class="utilichart"><li class="result"><span style="float: left ; min-height: 26px"><span class="col statcol"><em>HP</em><br>70</span> <span class="col statcol"><em>Atk</em><br>60</span> <span class="col statcol"><em>Def</em><br>180</span> <span class="col statcol"><em>SpA</em><br>110</span> <span class="col statcol"><em>SpD</em><br>60</span> <span class="col statcol"><em>Spe</em><br>50</span> </span></li><li style="clear: both"></li></ul></div><div class="battle-history"><small>(Aggron-Hisui was created by Violet!)</small><br></div><div class="spacer battle-history"><br></div><div class="battle-history">Popsicle used <strong>Ice Beam</strong>!<br></div><div class="battle-history"><small>It's not very effective...</small><br></div><div class="battle-history"><small>(The opposing Aggron lost 16% of its health!)</small><br></div><div class="spacer battle-history"><br></div><h2 class="battle-history">Turn 8</h2><div class="chat chatmessage-inkbug1 mine"><strong style="color:#e46e0f"><small>☆</small><span class="username" data-name="inkbug1">inkbug1</span>:</strong> <em>SHOULDA CLICKED FOCUS PUNCH</em></div><div class="chat chatmessage-inkbug1 mine"><strong style="color:#e46e0f"><small>☆</small><span class="username" data-name="inkbug1">inkbug1</span>:</strong> <em>i chickened</em></div><div class="chat chatmessage-h2opulse"><strong style="color:#6e8c2b"><small>+</small><span class="username" data-name="H2OPulse">H2OPulse</span>:</strong> <em>PF</em></div><div class="spacer battle-history"><br></div><div class="battle-history">Popsicle, come back!<br></div><div class="battle-history">Go! Mona (<strong>Alchemissus</strong>)!<br></div><div class="battle-history"><small>Pointed stones dug into Mona!</small><br></div><div class="spacer battle-history"><br></div><div class="battle-history">The opposing Aggron used <strong>Body Press</strong>!<br></div><div class="battle-history"><small>It doesn't affect Mona...</small><br></div><div class="spacer battle-history"><br></div><div class="battle-history"><small>Mona restored a little HP using its Black Sludge!</small><br></div><div class="spacer battle-history"><br></div><h2 class="battle-history">Turn 9</h2><div class="chat chatmessage-godofjoe"><strong style="color:#a523c9"><small>☆</small><span class="username" data-name="god of joe">god of joe</span>:</strong> <em>hm</em></div><div class="chat chatmessage-inkbug1 mine"><strong style="color:#e46e0f"><small>☆</small><span class="username" data-name="inkbug1">inkbug1</span>:</strong> <em>the thing i do respect abt aggron that is not the case with playdol is that ghosts with a spdef bias arent compromised too badly by it being able to go mixed w body press</em></div><div class="chat chatmessage-inkbug1 mine"><strong style="color:#e46e0f"><small>☆</small><span class="username" data-name="inkbug1">inkbug1</span>:</strong> <em>like thats pretty interesting</em></div><div class="chat chatmessage-inkbug1 mine"><strong style="color:#e46e0f"><small>☆</small><span class="username" data-name="inkbug1">inkbug1</span>:</strong> <em>kidna anyways </em></div><div class="spacer battle-history"><br></div><div class="battle-history">Mona used <strong>Nasty Plot</strong>!<br></div><div class="battle-history"><small>Mona's Sp. Atk rose sharply!</small><br></div><div class="spacer battle-history"><br></div><div class="battle-history">The opposing Aggron used <strong>Flash Cannon</strong>!<br></div><div class="battle-history"><small>(Mona lost <abbr title="−129/273">47.3%</abbr> of its health!)</small><br></div><div class="spacer battle-history"><br></div><div class="battle-history"><small>Mona restored a little HP using its Black Sludge!</small><br></div><div class="spacer battle-history"><br></div><h2 class="battle-history">Turn 10</h2><div class="chat chatmessage-inkbug1 mine"><strong style="color:#e46e0f"><small>☆</small><span class="username" data-name="inkbug1">inkbug1</span>:</strong> <em>u did not switch! i see. </em></div><div class="spacer battle-history"><br></div><div class="battle-history">Mona used <strong>Toxic</strong>!<br></div><div class="battle-history"><small>The opposing Aggron was badly poisoned!</small><br></div><div class="spacer battle-history"><br></div><div class="battle-history">The opposing Aggron used <strong>Flash Cannon</strong>!<br></div><div class="battle-history"><small>(Mona lost <abbr title="−136/273">49.8%</abbr> of its health!)</small><br></div><div class="spacer battle-history"><br></div><div class="battle-history"><small>Mona restored a little HP using its Black Sludge!</small><br></div><div class="battle-history"><small>The opposing Aggron was hurt by poison!</small><br></div><div class="spacer battle-history"><br></div><h2 class="battle-history">Turn 11</h2><div class="chat chatmessage-godofjoe"><strong style="color:#a523c9"><small>☆</small><span class="username" data-name="god of joe">god of joe</span>:</strong> <em>hmm</em></div><div class="chat chatmessage-godofjoe"><strong style="color:#a523c9"><small>☆</small><span class="username" data-name="god of joe">god of joe</span>:</strong> <em>now the thing about hisuigron is</em></div><div class="chat chatmessage-godofjoe"><strong style="color:#a523c9"><small>☆</small><span class="username" data-name="god of joe">god of joe</span>:</strong> <em>i really like its defensive utility</em></div><div class="chat chatmessage-godofjoe"><strong style="color:#a523c9"><small>☆</small><span class="username" data-name="god of joe">god of joe</span>:</strong> <em>i really really like it</em></div><div class="chat chatmessage-h2opulse"><strong style="color:#6e8c2b"><small>+</small><span class="username" data-name="H2OPulse">H2OPulse</span>:</strong> <em>I'mmm actually really curious - could I ask what this set is like? O: EV-wise, I mean (and is it AV?)</em></div><div class="spacer battle-history"><br></div><div class="battle-history">god of joe withdrew Aggron!<br></div><div class="battle-history">god of joe sent out Excadrill (<strong>Excadrill-Hisui</strong>)!<br></div><div class="spacer battle-history"><br></div><div class="battle-history">Mona used <strong>Hex</strong>!<br></div><div class="battle-history"><small>It doesn't affect the opposing Excadrill...</small><br></div><div class="spacer battle-history"><br></div><div class="battle-history"><small>Mona restored a little HP using its Black Sludge!</small><br></div><div class="battle-history"><small>The opposing Excadrill restored a little HP using its Leftovers!</small><br></div><div class="battle-history"><small>The opposing Excadrill was hurt by poison!</small><br></div><div class="spacer battle-history"><br></div><h2 class="battle-history">Turn 12</h2><div class="chat chatmessage-h2opulse"><strong style="color:#6e8c2b"><small>+</small><span class="username" data-name="H2OPulse">H2OPulse</span>:</strong> <em>Like is it SpA and Def invested now or is it just SpA and SpD or</em></div><div class="chat chatmessage-godofjoe"><strong style="color:#a523c9"><small>☆</small><span class="username" data-name="god of joe">god of joe</span>:</strong> <em>!showset 4</em></div><div class="chat"><div class="infobox">Aggron (aggronhisui) @ Assault Vest<br>Ability: Soundproof<br>EVs: 252 hp / 4 def / 252 spa<br>Modest Nature<br>IVs: 0 atk<br>- Body Press<br>- Ice Beam<br>- Thunderbolt<br>- Flash Cannon<br><br></div></div><div class="chat chatmessage-godofjoe"><strong style="color:#a523c9"><small>☆</small><span class="username" data-name="god of joe">god of joe</span>:</strong> <em>oh wait</em></div><div class="chat chatmessage-godofjoe"><strong style="color:#a523c9"><small>☆</small><span class="username" data-name="god of joe">god of joe</span>:</strong> <em>this isn't</em></div><div class="chat chatmessage-h2opulse"><strong style="color:#6e8c2b"><small>+</small><span class="username" data-name="H2OPulse">H2OPulse</span>:</strong> <em>Ohhhhh interesting okay</em></div><div class="chat chatmessage-godofjoe"><strong style="color:#a523c9"><small>☆</small><span class="username" data-name="god of joe">god of joe</span>:</strong> <em>spdef invested anymore</em></div><div class="chat chatmessage-godofjoe"><strong style="color:#a523c9"><small>☆</small><span class="username" data-name="god of joe">god of joe</span>:</strong> <em>that explains the damage</em></div><div class="chat chatmessage-godofjoe"><strong style="color:#a523c9"><small>☆</small><span class="username" data-name="god of joe">god of joe</span>:</strong> <em>i forgot x-x</em></div><div class="chat chatmessage-inkbug1 mine"><strong style="color:#e46e0f"><small>☆</small><span class="username" data-name="inkbug1">inkbug1</span>:</strong> <em>fair asdasdas</em></div><div class="spacer battle-history"><br></div><div class="battle-history">Mona used <strong>Venoshock</strong>!<br></div><div class="battle-history"><small>It's not very effective...</small><br></div><div class="battle-history"><small>(The opposing Excadrill lost 61% of its health!)</small><br></div><div class="spacer battle-history"><br></div><div class="battle-history">The opposing Excadrill used <strong>Earthquake</strong>!<br></div><div class="battle-history"><small>It's super effective!</small><br></div><div class="battle-history"><small>(Mona lost <abbr title="−42/273">15.4%</abbr> of its health!)</small><br></div><div class="spacer battle-history"><br></div><div class="battle-history">Mona fainted!<br></div><div class="spacer battle-history"><br></div><div class="battle-history"><small>The opposing Excadrill restored a little HP using its Leftovers!</small><br></div><div class="battle-history"><small>The opposing Excadrill was hurt by poison!</small><br></div><div class="chat chatmessage-inkbug1 mine"><strong style="color:#e46e0f"><small>☆</small><span class="username" data-name="inkbug1">inkbug1</span>:</strong> <em>nooo rip</em></div><div class="chat chatmessage-inkbug1 mine"><strong style="color:#e46e0f"><small>☆</small><span class="username" data-name="inkbug1">inkbug1</span>:</strong> <em>fair</em></div><div class="spacer battle-history"><br></div><div class="battle-history">Go! Cackletta (<strong>Tyrandra</strong>)!<br></div><div class="chat"><ul class="utilichart"><li class="result"><span class="col pokemonnamecol" style="white-space: nowrap">Tyrandra</span> <span class="col typecol"><img src="https://dragonheaven.herokuapp.com/sprites/types/Dark.png" alt="Dark" height="14" width="32"><img src="https://dragonheaven.herokuapp.com/sprites/types/Dragon.png" alt="Dragon" height="14" width="32"></span> <span style="float: left ; min-height: 26px"><span class="col abilitycol">Poison Point / Merciless / Damp</span><span class="col abilitycol"></span></span></li><li style="clear: both"></li></ul></div><div class="chat"><ul class="utilichart"><li class="result"><span style="float: left ; min-height: 26px"><span class="col statcol"><em>HP</em><br>70</span> <span class="col statcol"><em>Atk</em><br>90</span> <span class="col statcol"><em>Def</em><br>95</span> <span class="col statcol"><em>SpA</em><br>90</span> <span class="col statcol"><em>SpD</em><br>95</span> <span class="col statcol"><em>Spe</em><br>100</span> </span></li><li style="clear: both"></li></ul></div><div class="battle-history"><small>(Tyrandra was created by ausma!)</small><br></div><div class="battle-history"><small>Pointed stones dug into Cackletta!</small><br></div><div class="spacer battle-history"><br></div><h2 class="battle-history">Turn 13</h2><div class="chat chatmessage-godofjoe"><strong style="color:#a523c9"><small>☆</small><span class="username" data-name="god of joe">god of joe</span>:</strong> <em>spdef invested hisuidrill my beloved</em></div><div class="chat chatmessage-godofjoe"><strong style="color:#a523c9"><small>☆</small><span class="username" data-name="god of joe">god of joe</span>:</strong> <em>oh hello cackletta</em></div><div class="spacer battle-history"><br></div><div class="battle-history">The opposing Excadrill used <strong>Rapid Spin</strong>!<br></div><div class="battle-history"><small>(Cackletta lost <abbr title="−79/317">24.9%</abbr> of its health!)</small><br></div><div class="battle-history"><small>The opposing Excadrill's Speed rose!</small><br></div><div class="battle-history"><small>The poison spikes disappeared from the ground around the opposing team!</small><br></div><div class="spacer battle-history"><br></div><div class="battle-history">Cackletta used <strong>Flip Turn</strong>!<br></div><div class="battle-history"><small>It's super effective!</small><br></div><div class="battle-history"><small>A critical hit!</small><br></div><div class="battle-history"><small>(The opposing Excadrill lost 8% of its health!)</small><br></div><div class="spacer battle-history"><br></div><div class="battle-history">The opposing Excadrill fainted!<br></div><div class="spacer battle-history"><br></div><div class="battle-history">Cackletta, come back!<br></div><div class="battle-history">Go! Clara (<strong>Sandslash-Alola</strong>)!<br></div><div class="battle-history"><small>Pointed stones dug into Clara!</small><br></div><div class="spacer battle-history"><br></div><div class="battle-history">god of joe sent out <strong>Velocinobi</strong>!<br></div><div class="chat"><ul class="utilichart"><li class="result"><span class="col pokemonnamecol" style="white-space: nowrap">Velocinobi</span> <span class="col typecol"><img src="https://dragonheaven.herokuapp.com/sprites/types/Bug.png" alt="Bug" height="14" width="32"><img src="https://dragonheaven.herokuapp.com/sprites/types/Ghost.png" alt="Ghost" height="14" width="32"></span> <span style="float: left ; min-height: 26px"><span class="col abilitycol">Shed Skin / Technician / Unburden</span><span class="col abilitycol"></span></span></li><li style="clear: both"></li></ul></div><div class="chat"><ul class="utilichart"><li class="result"><span style="float: left ; min-height: 26px"><span class="col statcol"><em>HP</em><br>80</span> <span class="col statcol"><em>Atk</em><br>95</span> <span class="col statcol"><em>Def</em><br>20</span> <span class="col statcol"><em>SpA</em><br>105</span> <span class="col statcol"><em>SpD</em><br>90</span> <span class="col statcol"><em>Spe</em><br>145</span> </span></li><li style="clear: both"></li></ul></div><div class="battle-history"><small>(Velocinobi was created by quagsi!)</small><br></div><div class="spacer battle-history"><br></div><h2 class="battle-history">Turn 14</h2><div class="spacer battle-history"><br></div><div class="battle-history">Clara used <strong>Ice Shard</strong>!<br></div><div class="battle-history"><small>(The opposing Velocinobi lost 77% of its health!)</small><br></div><div class="spacer battle-history"><br></div><div class="battle-history">The opposing Velocinobi used <strong>Hidden Power</strong>!<br></div><div class="battle-history"><small>It's super effective!</small><br></div><div class="battle-history"><small>(Clara lost <abbr title="−310/354">87.6%</abbr> of its health!)</small><br></div><div class="spacer battle-history"><br></div><div class="battle-history">Clara fainted!<br></div><div class="chat chatmessage-inkbug1 mine"><strong style="color:#e46e0f"><small>☆</small><span class="username" data-name="inkbug1">inkbug1</span>:</strong> <em>mhgmdfhgjmdfjg okay </em></div><div class="chat chatmessage-h2opulse"><strong style="color:#6e8c2b"><small>+</small><span class="username" data-name="H2OPulse">H2OPulse</span>:</strong> <em>VELOCINOBI'S DEFENSE IS SO</em></div><div class="spacer battle-history"><br></div><div class="battle-history">Go! Hornet (<strong>Dolorak</strong>)!<br></div><div class="spacer battle-history"><br></div><h2 class="battle-history">Turn 15</h2><div class="chat chatmessage-h2opulse"><strong style="color:#6e8c2b"><small>+</small><span class="username" data-name="H2OPulse">H2OPulse</span>:</strong> <em>I know it has a C like velocity but I still always pronounce it like Veloshinobi and I keep wanting to abbreviate it as Velosh</em></div><div class="chat chatmessage-godofjoe"><strong style="color:#a523c9"><small>☆</small><span class="username" data-name="god of joe">god of joe</span>:</strong> <em>drjk;gvldjrg</em></div><div class="chat chatmessage-h2opulse"><strong style="color:#6e8c2b"><small>+</small><span class="username" data-name="H2OPulse">H2OPulse</span>:</strong> <em>Velosh is just really fun to say</em></div><div class="spacer battle-history"><br></div><div class="battle-history">Hornet used <strong>Disable</strong>!<br></div><div class="battle-history"><small>The opposing Velocinobi's Hidden Power was disabled!</small><br></div><div class="spacer battle-history"><br></div><div class="battle-history">The opposing Velocinobi used <strong>Shadow Ball</strong>!<br></div><div class="battle-history"><small>(Hornet lost <abbr title="−105/374">28.1%</abbr> of its health!)</small><br></div><div class="spacer battle-history"><br></div><h2 class="battle-history">Turn 16</h2><div class="spacer battle-history"><br></div><div class="battle-history">Hornet used <strong>Toxic Thread</strong>!<br></div><div class="battle-history"><small>The opposing Velocinobi's Speed fell!</small><br></div><div class="battle-history"><small>The opposing Velocinobi was poisoned!</small><br></div><div class="spacer battle-history"><br></div><div class="battle-history">The opposing Velocinobi used <strong>Spikes</strong>!<br></div><div class="battle-history"><small>Spikes were scattered on the ground all around your team!</small><br></div><div class="spacer battle-history"><br></div><div class="battle-history"><small>The opposing Velocinobi was hurt by poison!</small><br></div><div class="spacer battle-history"><br></div><h2 class="battle-history">Turn 17</h2><div class="spacer battle-history"><br></div><div class="battle-history">The opposing Velocinobi used <strong>U-turn</strong>!<br></div><div class="battle-history"><small>It's not very effective...</small><br></div><div class="battle-history"><small>(Hornet lost <abbr title="−48/374">12.8%</abbr> of its health!)</small><br></div><div class="spacer battle-history"><br></div><div class="battle-history">The opposing Velocinobi went back to god of joe!<br></div><div class="battle-history">god of joe sent out Aggron (<strong>Aggron-Hisui</strong>)!<br></div><div class="spacer battle-history"><br></div><div class="battle-history">Hornet used <strong>Stomping Tantrum</strong>!<br></div><div class="battle-history"><small>It's super effective!</small><br></div><div class="battle-history"><small>(The opposing Aggron lost 23% of its health!)</small><br></div><div class="spacer battle-history"><br></div><div class="battle-history"><small>The opposing Aggron was hurt by poison!</small><br></div><div class="spacer battle-history"><br></div><h2 class="battle-history">Turn 18</h2><div class="spacer battle-history"><br></div><div class="battle-history">Hornet used <strong>Sticky Web</strong>!<br></div><div class="battle-history"><small>A sticky web has been laid out on the ground around the opposing team!</small><br></div><div class="spacer battle-history"><br></div><div class="battle-history">The opposing Aggron used <strong>Flash Cannon</strong>!<br></div><div class="battle-history"><small>(Hornet lost <abbr title="−108/374">28.9%</abbr> of its health!)</small><br></div><div class="spacer battle-history"><br></div><div class="battle-history"><small>The opposing Aggron was hurt by poison!</small><br></div><div class="spacer battle-history"><br></div><h2 class="battle-history">Turn 19</h2><div class="chat chatmessage-godofjoe"><strong style="color:#a523c9"><small>☆</small><span class="username" data-name="god of joe">god of joe</span>:</strong> <em>why did that</em></div><div class="chat chatmessage-godofjoe"><strong style="color:#a523c9"><small>☆</small><span class="username" data-name="god of joe">god of joe</span>:</strong> <em>do nothing</em></div><div class="chat chatmessage-inkbug1 mine"><strong style="color:#e46e0f"><small>☆</small><span class="username" data-name="inkbug1">inkbug1</span>:</strong> <em>i love dolorak so ffucking much</em></div><div class="chat chatmessage-inkbug1 mine"><strong style="color:#e46e0f"><small>☆</small><span class="username" data-name="inkbug1">inkbug1</span>:</strong> <em>shes max spdef i think </em></div><div class="chat chatmessage-inkbug1 mine"><strong style="color:#e46e0f"><small>☆</small><span class="username" data-name="inkbug1">inkbug1</span>:</strong> <em>and she just does not take damage-</em></div><div class="chat chatmessage-godofjoe"><strong style="color:#a523c9"><small>☆</small><span class="username" data-name="god of joe">god of joe</span>:</strong> <em>ye ah  wow</em></div><div class="chat chatmessage-godofjoe"><strong style="color:#a523c9"><small>☆</small><span class="username" data-name="god of joe">god of joe</span>:</strong> <em>and this aggron is max spatk too apparently</em></div><div class="chat chatmessage-h2opulse"><strong style="color:#6e8c2b"><small>+</small><span class="username" data-name="H2OPulse">H2OPulse</span>:</strong> <em>M a n</em></div><div class="chat chatmessage-godofjoe"><strong style="color:#a523c9"><small>☆</small><span class="username" data-name="god of joe">god of joe</span>:</strong> <em>good lord</em></div><div class="spacer battle-history"><br></div><div class="battle-history">Hornet used <strong>Disable</strong>!<br></div><div class="battle-history"><small>The opposing Aggron's Flash Cannon was disabled!</small><br></div><div class="spacer battle-history"><br></div><div class="battle-history">The opposing Aggron can't use Flash Cannon!<br></div><div class="spacer battle-history"><br></div><div class="battle-history"><small>The opposing Aggron was hurt by poison!</small><br></div><div class="spacer battle-history"><br></div><h2 class="battle-history">Turn 20</h2><div class="spacer battle-history"><br></div><div class="battle-history">Hornet used <strong>Stomping Tantrum</strong>!<br></div><div class="battle-history"><small>It's super effective!</small><br></div><div class="battle-history"><small>(The opposing Aggron lost 19% of its health!)</small><br></div><div class="spacer battle-history"><br></div><div class="battle-history">The opposing Aggron fainted!<br></div><div class="chat chatmessage-h2opulse"><strong style="color:#6e8c2b"><small>+</small><span class="username" data-name="H2OPulse">H2OPulse</span>:</strong> <em>Dolorak is s<i>o cool honestly</i></em></div><div class="chat chatmessage-inkbug1 mine"><strong style="color:#e46e0f"><small>☆</small><span class="username" data-name="inkbug1">inkbug1</span>:</strong> <em>!showset 2</em></div><div class="chat"><div class="infobox">Hornet (dolorak) @ Heavy-Duty Boots<br>Ability: Prankster<br>EVs: 252 hp / 4 atk / 252 spd<br>Careful Nature<br>IVs: 0 spe<br>- Sticky Web<br>- Disable<br>- Stomping Tantrum<br>- Toxic Thread<br><br></div></div><div class="chat chatmessage-h2opulse"><strong style="color:#6e8c2b"><small>+</small><span class="username" data-name="H2OPulse">H2OPulse</span>:</strong> <em>I love her so much</em></div><div class="spacer battle-history"><br></div><div class="battle-history">god of joe sent out <strong>Velocinobi</strong>!<br></div><div class="spacer battle-history"><br></div><h2 class="battle-history">Turn 21</h2><div class="chat chatmessage-inkbug1 mine"><strong style="color:#e46e0f"><small>☆</small><span class="username" data-name="inkbug1">inkbug1</span>:</strong> <em>this isnt my usual set for her </em></div><div class="chat chatmessage-inkbug1 mine"><strong style="color:#e46e0f"><small>☆</small><span class="username" data-name="inkbug1">inkbug1</span>:</strong> <em>but is so solid</em></div><div class="chat chatmessage-inkbug1 mine"><strong style="color:#e46e0f"><small>☆</small><span class="username" data-name="inkbug1">inkbug1</span>:</strong> <em>shes usually um </em></div><div class="chat chatmessage-inkbug1 mine"><strong style="color:#e46e0f"><small>☆</small><span class="username" data-name="inkbug1">inkbug1</span>:</strong> <em>tspikes/disable/leech life/curse</em></div><div class="chat chatmessage-h2opulse"><strong style="color:#6e8c2b"><small>+</small><span class="username" data-name="H2OPulse">H2OPulse</span>:</strong> <em>I think this might be my favorite set you've used for her though</em></div><div class="spacer battle-history"><br></div><div class="battle-history">Hornet, come back!<br></div><div class="battle-history">Go! Popsicle (<strong>Goodra-Arctara</strong>)!<br></div><div class="battle-history"><small>Pointed stones dug into Popsicle!</small><br></div><div class="battle-history"><small>Popsicle was hurt by the spikes!</small><br></div><div class="spacer battle-history"><br></div><div class="battle-history">The opposing Velocinobi used <strong>Shadow Ball</strong>!<br></div><div class="battle-history"><small>(Popsicle lost <abbr title="−105/241">43.6%</abbr> of its health!)</small><br></div><div class="battle-history">[Popsicle's Stamina]<br></div><div class="battle-history"><small>Popsicle's Defense rose!</small><br></div><div class="spacer battle-history"><br></div><div class="battle-history"><small>Popsicle restored a little HP using its Leftovers!</small><br></div><div class="battle-history"><small>The opposing Velocinobi was hurt by poison!</small><br></div><div class="spacer battle-history"><br></div><div class="battle-history">The opposing Velocinobi fainted!<br></div><div class="chat chatmessage-inkbug1 mine"><strong style="color:#e46e0f"><small>☆</small><span class="username" data-name="inkbug1">inkbug1</span>:</strong> <em>oof ouch my bones </em></div><div class="chat chatmessage-h2opulse"><strong style="color:#6e8c2b"><small>+</small><span class="username" data-name="H2OPulse">H2OPulse</span>:</strong> <em>o w</em></div><div class="chat chatmessage-godofjoe"><strong style="color:#a523c9"><small>☆</small><span class="username" data-name="god of joe">god of joe</span>:</strong> <em>sadly i now lose to this</em></div><div class="spacer battle-history"><br></div><div class="battle-history">god of joe sent out <strong>Boomblare</strong>!<br></div><div class="battle-history"><small>The opposing Boomblare was caught in a sticky web!</small><br></div><div class="battle-history"><small>The opposing Boomblare's Speed fell!</small><br></div><div class="spacer battle-history"><br></div><h2 class="battle-history">Turn 22</h2><div class="chat chatmessage-inkbug1 mine"><strong style="color:#e46e0f"><small>☆</small><span class="username" data-name="inkbug1">inkbug1</span>:</strong> <em>idk about that </em></div><div class="spacer battle-history"><br></div><div class="battle-history">Popsicle used <strong>Pain Split</strong>!<br></div><div class="battle-history"><small>The battlers shared their pain!</small><br></div><div class="spacer battle-history"><br></div><div class="battle-history">The opposing Boomblare used <strong>Drain Punch</strong>!<br></div><div class="battle-history"><small>It's super effective!</small><br></div><div class="battle-history"><small>(Popsicle lost <abbr title="−125/241">51.9%</abbr> of its health!)</small><br></div><div class="battle-history"><small>Popsicle had its energy drained!</small><br></div><div class="battle-history">[Popsicle's Stamina]<br></div><div class="battle-history"><small>Popsicle's Defense rose!</small><br></div><div class="battle-history"><small>The opposing Boomblare lost some of its HP!</small><br></div><div class="spacer battle-history"><br></div><div class="battle-history"><small>Popsicle restored a little HP using its Leftovers!</small><br></div><div class="spacer battle-history"><br></div><h2 class="battle-history">Turn 23</h2><div class="chat chatmessage-h2opulse"><strong style="color:#6e8c2b"><small>+</small><span class="username" data-name="H2OPulse">H2OPulse</span>:</strong> <em>BELOVED</em></div><div class="spacer battle-history"><br></div><div class="battle-history">Popsicle used <strong>Pain Split</strong>!<br></div><div class="battle-history"><small>The battlers shared their pain!</small><br></div><div class="spacer battle-history"><br></div><div class="battle-history">The opposing Boomblare used <strong>Boomburst</strong>!<br></div><div class="battle-history"><small>(Popsicle lost <abbr title="−164/241">68.0%</abbr> of its health!)</small><br></div><div class="battle-history"><small>The opposing Boomblare lost some of its HP!</small><br></div><div class="spacer battle-history"><br></div><div class="battle-history">Popsicle fainted!<br></div><div class="chat chatmessage-h2opulse"><strong style="color:#6e8c2b"><small>+</small><span class="username" data-name="H2OPulse">H2OPulse</span>:</strong> <em>ow fair--</em></div><div class="chat chatmessage-inkbug1 mine"><strong style="color:#e46e0f"><small>☆</small><span class="username" data-name="inkbug1">inkbug1</span>:</strong> <em>yea see-</em></div><div class="chat chatmessage-godofjoe"><strong style="color:#a523c9"><small>☆</small><span class="username" data-name="god of joe">god of joe</span>:</strong> <em>ah.</em></div><div class="chat chatmessage-godofjoe"><strong style="color:#a523c9"><small>☆</small><span class="username" data-name="god of joe">god of joe</span>:</strong> <em>i underestimated that</em></div><div class="chat chatmessage-inkbug1 mine"><strong style="color:#e46e0f"><small>☆</small><span class="username" data-name="inkbug1">inkbug1</span>:</strong> <em>this one is um </em></div><div class="chat chatmessage-inkbug1 mine"><strong style="color:#e46e0f"><small>☆</small><span class="username" data-name="inkbug1">inkbug1</span>:</strong> <em>minus spdef i think- </em></div><div class="chat chatmessage-h2opulse"><strong style="color:#6e8c2b"><small>+</small><span class="username" data-name="H2OPulse">H2OPulse</span>:</strong> <em>PF</em></div><div class="chat chatmessage-h2opulse"><strong style="color:#6e8c2b"><small>+</small><span class="username" data-name="H2OPulse">H2OPulse</span>:</strong> <em>fair--</em></div><div class="chat chatmessage-godofjoe"><strong style="color:#a523c9"><small>☆</small><span class="username" data-name="god of joe">god of joe</span>:</strong> <em>oh</em></div><div class="chat chatmessage-godofjoe"><strong style="color:#a523c9"><small>☆</small><span class="username" data-name="god of joe">god of joe</span>:</strong> <em>oh that would explain it</em></div><div class="chat chatmessage-godofjoe"><strong style="color:#a523c9"><small>☆</small><span class="username" data-name="god of joe">god of joe</span>:</strong> <em>i was certain you'd live that</em></div><div class="chat chatmessage-inkbug1 mine"><strong style="color:#e46e0f"><small>☆</small><span class="username" data-name="inkbug1">inkbug1</span>:</strong> <em>bc shes focus punch and not body press</em></div><div class="chat chatmessage-godofjoe"><strong style="color:#a523c9"><small>☆</small><span class="username" data-name="god of joe">god of joe</span>:</strong> <em>right</em></div><div class="chat chatmessage-inkbug1 mine"><strong style="color:#e46e0f"><small>☆</small><span class="username" data-name="inkbug1">inkbug1</span>:</strong> <em>i have a version w body press i think</em></div><div class="spacer battle-history"><br></div><div class="battle-history">Go! Hornet (<strong>Dolorak</strong>)!<br></div><div class="spacer battle-history"><br></div><h2 class="battle-history">Turn 24</h2><div class="spacer battle-history"><br></div><div class="battle-history">Hornet used <strong>Disable</strong>!<br></div><div class="battle-history"><small>The opposing Boomblare's Boomburst was disabled!</small><br></div><div class="spacer battle-history"><br></div><div class="battle-history">The opposing Boomblare used <strong>Volt Switch</strong>!<br></div><div class="battle-history"><small>(Hornet lost <abbr title="−91/374">24.3%</abbr> of its health!)</small><br></div><div class="battle-history"><small>The opposing Boomblare lost some of its HP!</small><br></div><div class="spacer battle-history"><br></div><div class="battle-history">The opposing Boomblare went back to god of joe!<br></div><div class="battle-history">god of joe sent out <strong>Tyrandra</strong>!<br></div><div class="battle-history"><small>The opposing Tyrandra was caught in a sticky web!</small><br></div><div class="battle-history"><small>The opposing Tyrandra's Speed fell!</small><br></div><div class="chat"><ul class="utilichart"><li class="result"><span class="col pokemonnamecol" style="white-space: nowrap">Tyrandra</span> <span class="col typecol"><img src="https://dragonheaven.herokuapp.com/sprites/types/Dark.png" alt="Dark" height="14" width="32"><img src="https://dragonheaven.herokuapp.com/sprites/types/Dragon.png" alt="Dragon" height="14" width="32"></span> <span style="float: left ; min-height: 26px"><span class="col abilitycol">Poison Point / Merciless / Damp</span><span class="col abilitycol"></span></span></li><li style="clear: both"></li></ul></div><div class="chat"><ul class="utilichart"><li class="result"><span style="float: left ; min-height: 26px"><span class="col statcol"><em>HP</em><br>70</span> <span class="col statcol"><em>Atk</em><br>90</span> <span class="col statcol"><em>Def</em><br>95</span> <span class="col statcol"><em>SpA</em><br>90</span> <span class="col statcol"><em>SpD</em><br>95</span> <span class="col statcol"><em>Spe</em><br>100</span> </span></li><li style="clear: both"></li></ul></div><div class="battle-history"><small>(Tyrandra was created by ausma!)</small><br></div><div class="spacer battle-history"><br></div><h2 class="battle-history">Turn 25</h2><div class="spacer battle-history"><br></div><div class="battle-history">Hornet used <strong>Toxic Thread</strong>!<br></div><div class="battle-history"><small>(Since gen 7, Dark is immune to Prankster moves.)</small><br></div><div class="battle-history"><small>It doesn't affect the opposing Tyrandra...</small><br></div><div class="spacer battle-history"><br></div><div class="battle-history">The opposing Tyrandra used <strong>Dark Pulse</strong>!<br></div><div class="battle-history"><small>(Hornet lost <abbr title="−22/374">5.9%</abbr> of its health!)</small><br></div><div class="spacer battle-history"><br></div><div class="battle-history">Hornet fainted!<br></div><div class="chat chatmessage-inkbug1 mine"><strong style="color:#e46e0f"><small>☆</small><span class="username" data-name="inkbug1">inkbug1</span>:</strong> <em>oh im smart</em></div><div class="spacer battle-history"><br></div><div class="battle-history">Go! Cackletta (<strong>Tyrandra</strong>)!<br></div><div class="battle-history"><small>Cackletta was hurt by the spikes!</small><br></div><div class="battle-history"><small>Pointed stones dug into Cackletta!</small><br></div><div class="spacer battle-history"><br></div><h2 class="battle-history">Turn 26</h2><div class="spacer battle-history"><br></div><div class="battle-history">Cackletta used <strong>Sludge Bomb</strong>!<br></div><div class="battle-history"><small>(The opposing Tyrandra lost 46% of its health!)</small><br></div><div class="spacer battle-history"><br></div><div class="battle-history">The opposing Tyrandra used <strong>Draco Meteor</strong>!<br></div><div class="battle-history"><small>It's super effective!</small><br></div><div class="battle-history"><small>(Cackletta lost <abbr title="−121/317">38.2%</abbr> of its health!)</small><br></div><div class="battle-history"><small>The opposing Tyrandra's Sp. Atk fell harshly!</small><br></div><div class="spacer battle-history"><br></div><div class="battle-history">Cackletta fainted!<br></div><div class="spacer battle-history"><br></div><div class="battle-history"><small>The opposing Tyrandra restored a little HP using its Leftovers!</small><br></div><div class="chat chatmessage-h2opulse"><strong style="color:#6e8c2b"><small>+</small><span class="username" data-name="H2OPulse">H2OPulse</span>:</strong> <em>I am still just obsessed with how often Dark's Prankster immunity comes up in this meta</em></div><div class="spacer battle-history"><br></div><div class="battle-history">Go! Ruxxtin the Great (<strong>Cofagrigus-Unbound</strong>)!<br></div><div class="battle-history"><small>Ruxxtin the Great was hurt by the spikes!</small><br></div><div class="battle-history"><small>Pointed stones dug into Ruxxtin the Great!</small><br></div><div class="spacer battle-history"><br></div><h2 class="battle-history">Turn 27</h2><div class="spacer battle-history"><br></div><div class="battle-history">The opposing Tyrandra used <strong>Toxic</strong>!<br></div><div class="battle-history"><small>Ruxxtin the Great was badly poisoned!</small><br></div><div class="spacer battle-history"><br></div><div class="battle-history">Ruxxtin the Great used <strong>Body Press</strong>!<br></div><div class="battle-history"><small>It's super effective!</small><br></div><div class="battle-history"><small>(The opposing Tyrandra lost 60% of its health!)</small><br></div><div class="spacer battle-history"><br></div><div class="battle-history">The opposing Tyrandra fainted!<br></div><div class="spacer battle-history"><br></div><div class="battle-history"><small>Ruxxtin the Great was hurt by poison!</small><br></div><div class="spacer battle-history"><br></div><div class="battle-history">god of joe sent out <strong>Sylveon</strong>!<br></div><div class="battle-history"><small>The opposing Sylveon was caught in a sticky web!</small><br></div><div class="battle-history"><small>The opposing Sylveon's Speed fell!</small><br></div><div class="spacer battle-history"><br></div><h2 class="battle-history">Turn 28</h2><div class="chat chatmessage-godofjoe"><strong style="color:#a523c9"><small>☆</small><span class="username" data-name="god of joe">god of joe</span>:</strong> <em>that was close</em></div><div class="chat chatmessage-godofjoe"><strong style="color:#a523c9"><small>☆</small><span class="username" data-name="god of joe">god of joe</span>:</strong> <em>gg</em></div><div class="spacer battle-history"><br></div><div class="battle-history">Ruxxtin the Great used <strong>Pain Split</strong>!<br></div><div class="battle-history"><small>The battlers shared their pain!</small><br></div><div class="spacer battle-history"><br></div><div class="battle-history">The opposing Sylveon used <strong>Moonblast</strong>!<br></div><div class="battle-history"><small>It's super effective!</small><br></div><div class="battle-history"><small>(Ruxxtin the Great lost <abbr title="−278/319">87.1%</abbr> of its health!)</small><br></div><div class="spacer battle-history"><br></div><div class="battle-history"><small>The opposing Sylveon restored a little HP using its Leftovers!</small><br></div><div class="battle-history"><small>Ruxxtin the Great was hurt by poison!</small><br></div><div class="spacer battle-history"><br></div><div class="battle-history">Ruxxtin the Great fainted!<br></div><div class="spacer battle-history"><br></div><div class="battle-history"><strong>god of joe</strong> won the battle!<br></div><div class="chat chatmessage-inkbug1 mine"><strong style="color:#e46e0f"><small>☆</small><span class="username" data-name="inkbug1">inkbug1</span>:</strong> <em>yeah rl good game</em></div><div class="chat chatmessage-inkbug1 mine"><strong style="color:#e46e0f"><small>☆</small><span class="username" data-name="inkbug1">inkbug1</span>:</strong> <em>oh my god why did he live that with like 1-</em></div><div class="chat chatmessage-h2opulse"><strong style="color:#6e8c2b"><small>+</small><span class="username" data-name="H2OPulse">H2OPulse</span>:</strong> <em>Man that was amazing</em></div><div class="chat chatmessage-h2opulse"><strong style="color:#6e8c2b"><small>+</small><span class="username" data-name="H2OPulse">H2OPulse</span>:</strong> <em>Good game both OO:</em></div><div class="chat chatmessage-godofjoe"><strong style="color:#a523c9"><small>☆</small><span class="username" data-name="god of joe">god of joe</span>:</strong> <em>ruxxtin the great</em></div><div class="chat chatmessage-h2opulse"><strong style="color:#6e8c2b"><small>+</small><span class="username" data-name="H2OPulse">H2OPulse</span>:</strong> <em><i>yeah--</i></em></div><div class="chat chatmessage-h2opulse"><strong style="color:#6e8c2b"><small>+</small><span class="username" data-name="H2OPulse">H2OPulse</span>:</strong> <em>aptly named :pray:</em></div><div class="chat chatmessage-inkbug1 mine"><strong style="color:#e46e0f"><small>☆</small><span class="username" data-name="inkbug1">inkbug1</span>:</strong> <em>let me get the one w body press who isnt uh</em></div><div class="chat chatmessage-inkbug1 mine"><strong style="color:#e46e0f"><small>☆</small><span class="username" data-name="inkbug1">inkbug1</span>:</strong> <em>!showset 5</em></div><div class="chat"><div class="infobox">Popsicle (goodraarctara) @ Leftovers<br>Ability: Stamina<br>EVs: 252 def / 4 spa / 252 spe<br>Naive Nature<br>- Pain Split<br>- Focus Punch<br>- Ice Beam<br>- Protect<br><br></div></div><div class="chat chatmessage-inkbug1 mine"><strong style="color:#e46e0f"><small>☆</small><span class="username" data-name="inkbug1">inkbug1</span>:</strong> <em>naive apparently</em></div><div class="chat chatmessage-h2opulse"><strong style="color:#6e8c2b"><small>+</small><span class="username" data-name="H2OPulse">H2OPulse</span>:</strong> <em>ksjdhf</em></div></div><div class="inner-preempt message-log"></div></div></div>
</div>
<script>
let daily = Math.floor(Date.now()/1000/60/60/24);document.write('<script src="https://dragonheaven.herokuapp.com/js/replay-embed.js?version'+daily+'"></'+'script>');
</script>
