<!DOCTYPE html>
<meta charset="utf-8" />
<!-- version 1 -->
<title>[Gen 8] Evolution Project replay: abismal vs. Violettes</title>
<style>
html,body {font-family:Verdana, sans-serif;font-size:10pt;margin:0;padding:0;}body{padding:12px 0;} .battle-log {font-family:Verdana, sans-serif;font-size:10pt;} .battle-log-inline {border:1px solid #AAAAAA;background:#EEF2F5;color:black;max-width:640px;margin:0 auto 80px;padding-bottom:5px;} .battle-log .inner {padding:4px 8px 0px 8px;} .battle-log .inner-preempt {padding:0 8px 4px 8px;} .battle-log .inner-after {margin-top:0.5em;} .battle-log h2 {margin:0.5em -8px;padding:4px 8px;border:1px solid #AAAAAA;background:#E0E7EA;border-left:0;border-right:0;font-family:Verdana, sans-serif;font-size:13pt;} .battle-log .chat {vertical-align:middle;padding:3px 0 3px 0;font-size:8pt;} .battle-log .chat strong {color:#40576A;} .battle-log .chat em {padding:1px 4px 1px 3px;color:#000000;font-style:normal;} .chat.mine {background:rgba(0,0,0,0.05);margin-left:-8px;margin-right:-8px;padding-left:8px;padding-right:8px;} .spoiler {color:#BBBBBB;background:#BBBBBB;padding:0px 3px;} .spoiler:hover, .spoiler:active, .spoiler-shown {color:#000000;background:#E2E2E2;padding:0px 3px;} .spoiler a {color:#BBBBBB;} .spoiler:hover a, .spoiler:active a, .spoiler-shown a {color:#2288CC;} .chat code, .chat .spoiler:hover code, .chat .spoiler:active code, .chat .spoiler-shown code {border:1px solid #C0C0C0;background:#EEEEEE;color:black;padding:0 2px;} .chat .spoiler code {border:1px solid #CCCCCC;background:#CCCCCC;color:#CCCCCC;} .battle-log .rated {padding:3px 4px;} .battle-log .rated strong {color:white;background:#89A;padding:1px 4px;border-radius:4px;} .spacer {margin-top:0.5em;} .message-announce {background:#6688AA;color:white;padding:1px 4px 2px;} .message-announce a, .broadcast-green a, .broadcast-blue a, .broadcast-red a {color:#DDEEFF;} .broadcast-green {background-color:#559955;color:white;padding:2px 4px;} .broadcast-blue {background-color:#6688AA;color:white;padding:2px 4px;} .infobox {border:1px solid #6688AA;padding:2px 4px;} .infobox-limited {max-height:200px;overflow:auto;overflow-x:hidden;} .broadcast-red {background-color:#AA5544;color:white;padding:2px 4px;} .message-learn-canlearn {font-weight:bold;color:#228822;text-decoration:underline;} .message-learn-cannotlearn {font-weight:bold;color:#CC2222;text-decoration:underline;} .message-effect-weak {font-weight:bold;color:#CC2222;} .message-effect-resist {font-weight:bold;color:#6688AA;} .message-effect-immune {font-weight:bold;color:#666666;} .message-learn-list {margin-top:0;margin-bottom:0;} .message-throttle-notice, .message-error {color:#992222;} .message-overflow, .chat small.message-overflow {font-size:0pt;} .message-overflow::before {font-size:9pt;content:'...';} .subtle {color:#3A4A66;}
</style>
<div class="wrapper replay-wrapper" style="max-width:1180px;margin:0 auto">
<input type="hidden" name="replayid" value="dragonheaven-gen8evolutionproject-14" />
<div class="battle"></div><div class="battle-log"></div><div class="replay-controls"></div><div class="replay-controls-2"></div>
<h1 style="font-weight:normal;text-align:center"><strong>[Gen 8] Evolution Project</strong><br /><a href="http://pokemonshowdown.com/users/abismal" class="subtle" target="_blank">abismal</a> vs. <a href="http://pokemonshowdown.com/users/violettes" class="subtle" target="_blank">Violettes</a></h1>
<script type="text/plain" class="battle-log-data">|j|☆abismal
|j|☆Violettes

|t:|1658259159
|player|p1|abismal|brawly|
|player|p2|Violettes|furisodegirl-pink|
|teamsize|p1|6
|teamsize|p2|6
|gametype|singles
|gen|8
|tier|[Gen 8] Evolution Project
|clearpoke
|poke|p1|Togekiss, F|
|poke|p1|Coilrig, F|
|poke|p1|Wailord, M|
|poke|p1|Orbeetle-Variant, F|
|poke|p1|Farmunk, M|
|poke|p1|Stokomotive, F|
|poke|p2|Endurow, M|
|poke|p2|Bafflack, F|
|poke|p2|Ludicolo-Ultra, F|
|poke|p2|Excadrill-Hisui, F|
|poke|p2|Bronzong|
|poke|p2|Sylveon, M|
|rule|HP Percentage Mod: HP is shown in percentages
|rule|Endless Battle Clause: Forcing endless battles is banned
|rule|OHKO Clause: OHKO moves are banned
|rule|Evasion Moves Clause: Evasion moves are banned
|rule|Species Clause: Limit one of each Pokémon
|rule|Dynamax Clause: You cannot dynamax
|rule|Sleep Clause Mod: Limit one foe put to sleep
|rule|Z-Move Clause: Type-based Z-Moves are banned
|teampreview
|
|t:|1658259182
|start
|switch|p1a: Orbeetle|Orbeetle-Variant, F|100\/100
|switch|p2a: The Funny|Bafflack, F|301\/301
|-start|p2a: The Funny|typechange|Water|[silent]
|raw|<ul class="utilichart"><li class="result"><span class="col pokemonnamecol" style="white-space: nowrap">Bafflack<\/span> <span class="col typecol"><img src="https:\/\/dragonheaven.herokuapp.com\/sprites\/types\/Water.png" alt="Water" height="14" width="32"><\/span> <span style="float: left ; min-height: 26px"><span class="col abilitycol">Psychic Surge \/ Cloud Nine \/ Pure Power<\/span><span class="col abilitycol"><\/span><\/span><\/li><li style="clear: both"><\/li><\/ul>
|raw|<ul class="utilichart"><li class="result"><span style="float: left ; min-height: 26px"><span class="col statcol"><em>HP<\/em><br>80<\/span> <span class="col statcol"><em>Atk<\/em><br>69<\/span> <span class="col statcol"><em>Def<\/em><br>18<\/span> <span class="col statcol"><em>SpA<\/em><br>135<\/span> <span class="col statcol"><em>SpD<\/em><br>110<\/span> <span class="col statcol"><em>Spe<\/em><br>105<\/span> <\/span><\/li><li style="clear: both"><\/li><\/ul>
|-hint|Bafflack was created by KeroseneZanchu!
|-start|p1a: Orbeetle|typechange|Bug\/Electric|[silent]
|raw|<ul class="utilichart"><li class="result"><span class="col pokemonnamecol" style="white-space: nowrap">Orbeetle-Variant<\/span> <span class="col typecol"><img src="https:\/\/dragonheaven.herokuapp.com\/sprites\/types\/Bug.png" alt="Bug" height="14" width="32"><img src="https:\/\/dragonheaven.herokuapp.com\/sprites\/types\/Electric.png" alt="Electric" height="14" width="32"><\/span> <span style="float: left ; min-height: 26px"><span class="col abilitycol">Swarm \/ Frisk \/ Cotton Down<\/span><span class="col abilitycol"><\/span><\/span><\/li><li style="clear: both"><\/li><\/ul>
|raw|<ul class="utilichart"><li class="result"><span style="float: left ; min-height: 26px"><span class="col statcol"><em>HP<\/em><br>60<\/span> <span class="col statcol"><em>Atk<\/em><br>45<\/span> <span class="col statcol"><em>Def<\/em><br>110<\/span> <span class="col statcol"><em>SpA<\/em><br>120<\/span> <span class="col statcol"><em>SpD<\/em><br>80<\/span> <span class="col statcol"><em>Spe<\/em><br>90<\/span> <\/span><\/li><li style="clear: both"><\/li><\/ul>
|-hint|Orbeetle-Variant was created by Magmajudis!
|turn|1
|
|t:|1658259187
|move|p2a: The Funny|Flip Turn|p1a: Orbeetle
|-damage|p1a: Orbeetle|54\/100
|-ability|p1a: Orbeetle|Cotton Down
|-unboost|p2a: The Funny|spe|1
|
|t:|1658259189
|switch|p2a: Tremor Terror|Excadrill-Hisui, F|361\/361
|-start|p2a: Tremor Terror|typechange|Ground\/Normal|[silent]
|raw|<ul class="utilichart"><li class="result"><span class="col pokemonnamecol" style="white-space: nowrap">Excadrill-Hisui<\/span> <span class="col typecol"><img src="https:\/\/dragonheaven.herokuapp.com\/sprites\/types\/Ground.png" alt="Ground" height="14" width="32"><img src="https:\/\/dragonheaven.herokuapp.com\/sprites\/types\/Normal.png" alt="Normal" height="14" width="32"><\/span> <span style="float: left ; min-height: 26px"><span class="col abilitycol">Centrifuge \/ Sand Force \/ Technician<\/span><span class="col abilitycol"><\/span><\/span><\/li><li style="clear: both"><\/li><\/ul>
|raw|<ul class="utilichart"><li class="result"><span style="float: left ; min-height: 26px"><span class="col statcol"><em>HP<\/em><br>110<\/span> <span class="col statcol"><em>Atk<\/em><br>135<\/span> <span class="col statcol"><em>Def<\/em><br>60<\/span> <span class="col statcol"><em>SpA<\/em><br>50<\/span> <span class="col statcol"><em>SpD<\/em><br>65<\/span> <span class="col statcol"><em>Spe<\/em><br>88<\/span> <\/span><\/li><li style="clear: both"><\/li><\/ul>
|-hint|Excadrill-Hisui was created by ausma!
|move|p1a: Orbeetle|Sticky Web|p2a: Tremor Terror
|-sidestart|p2: Violettes|move: Sticky Web
|
|upkeep
|turn|2
|
|t:|1658259192
|move|p2a: Tremor Terror|Rapid Spin|p1a: Orbeetle
|-damage|p1a: Orbeetle|23\/100
|-boost|p2a: Tremor Terror|spe|1
|-ability|p1a: Orbeetle|Cotton Down
|-unboost|p2a: Tremor Terror|spe|1
|-sideend|p2: Violettes|Sticky Web|[from] move: Rapid Spin|[of] p2a: Tremor Terror
|move|p1a: Orbeetle|Recover|p1a: Orbeetle
|-heal|p1a: Orbeetle|73\/100
|
|upkeep
|turn|3
|
|t:|1658259198
|move|p2a: Tremor Terror|Rock Tomb|p1a: Orbeetle|[miss]
|-miss|p2a: Tremor Terror|p1a: Orbeetle
|move|p1a: Orbeetle|U-turn|p2a: Tremor Terror
|-damage|p2a: Tremor Terror|298\/361
|
|t:|1658259205
|switch|p1a: Farmunk|Farmunk, M|100\/100|[from]move: U-turn
|-start|p1a: Farmunk|typechange|Normal\/Grass|[silent]
|raw|<ul class="utilichart"><li class="result"><span class="col pokemonnamecol" style="white-space: nowrap">Farmunk<\/span> <span class="col typecol"><img src="https:\/\/dragonheaven.herokuapp.com\/sprites\/types\/Normal.png" alt="Normal" height="14" width="32"><img src="https:\/\/dragonheaven.herokuapp.com\/sprites\/types\/Grass.png" alt="Grass" height="14" width="32"><\/span> <span style="float: left ; min-height: 26px"><span class="col abilitycol">Cheek Pouch \/ Harvest \/ Gluttony<\/span><span class="col abilitycol"><\/span><\/span><\/li><li style="clear: both"><\/li><\/ul>
|raw|<ul class="utilichart"><li class="result"><span style="float: left ; min-height: 26px"><span class="col statcol"><em>HP<\/em><br>130<\/span> <span class="col statcol"><em>Atk<\/em><br>85<\/span> <span class="col statcol"><em>Def<\/em><br>115<\/span> <span class="col statcol"><em>SpA<\/em><br>95<\/span> <span class="col statcol"><em>SpD<\/em><br>75<\/span> <span class="col statcol"><em>Spe<\/em><br>20<\/span> <\/span><\/li><li style="clear: both"><\/li><\/ul>
|-hint|Farmunk was created by quagsi!
|
|upkeep
|turn|4
|
|t:|1658259212
|switch|p2a: Echoes|Bronzong|338\/338
|move|p1a: Farmunk|Amnesia|p1a: Farmunk
|-boost|p1a: Farmunk|spd|2
|
|upkeep
|turn|5
|
|t:|1658259218
|move|p2a: Echoes|Toxic|p1a: Farmunk
|-status|p1a: Farmunk|tox
|move|p1a: Farmunk|Amnesia|p1a: Farmunk
|-boost|p1a: Farmunk|spd|2
|
|-damage|p1a: Farmunk|94\/100 tox|[from] psn
|upkeep
|turn|6
|
|t:|1658259222
|move|p2a: Echoes|Body Press|p1a: Farmunk
|-supereffective|p1a: Farmunk
|-damage|p1a: Farmunk|60\/100 tox
|move|p1a: Farmunk|Stuff Cheeks|p1a: Farmunk
|-enditem|p1a: Farmunk|Sitrus Berry|[eat]
|-heal|p1a: Farmunk|85\/100 tox|[from] item: Sitrus Berry
|-boost|p1a: Farmunk|def|2
|
|-damage|p1a: Farmunk|72\/100 tox|[from] psn
|upkeep
|turn|7
|c|☆Violettes|oh no
|
|t:|1658259242
|switch|p2a: Kupua|Ludicolo-Ultra, F|299\/299
|-start|p2a: Kupua|typechange|Fire\/Grass|[silent]
|-start|p2a: Kupua|typechange|Fire\/Grass|[silent]
|raw|<ul class="utilichart"><li class="result"><span class="col pokemonnamecol" style="white-space: nowrap">Ludicolo-Ultra<\/span> <span class="col typecol"><img src="https:\/\/dragonheaven.herokuapp.com\/sprites\/types\/Fire.png" alt="Fire" height="14" width="32"><img src="https:\/\/dragonheaven.herokuapp.com\/sprites\/types\/Grass.png" alt="Grass" height="14" width="32"><\/span> <span style="float: left ; min-height: 26px"><span class="col abilitycol">Lava Flow \/ Vital Spirit \/ Beast Boost<\/span><span class="col abilitycol"><\/span><\/span><\/li><li style="clear: both"><\/li><\/ul>
|raw|<ul class="utilichart"><li class="result"><span style="float: left ; min-height: 26px"><span class="col statcol"><em>HP<\/em><br>79<\/span> <span class="col statcol"><em>Atk<\/em><br>71<\/span> <span class="col statcol"><em>Def<\/em><br>53<\/span> <span class="col statcol"><em>SpA<\/em><br>107<\/span> <span class="col statcol"><em>SpD<\/em><br>97<\/span> <span class="col statcol"><em>Spe<\/em><br>73<\/span> <\/span><\/li><li style="clear: both"><\/li><\/ul>
|-hint|Ludicolo-Ultra was created by Violet!
|move|p1a: Farmunk|Body Press|p2a: Kupua
|-damage|p2a: Kupua|84\/299
|
|-damage|p1a: Farmunk|54\/100 tox|[from] psn
|-item|p1a: Farmunk|Sitrus Berry|[from] ability: Harvest
|upkeep
|turn|8
|
|t:|1658259249
|move|p2a: Kupua|Fiery Dance|p1a: Farmunk
|-supereffective|p1a: Farmunk
|-damage|p1a: Farmunk|39\/100 tox
|-enditem|p1a: Farmunk|Sitrus Berry|[eat]
|-heal|p1a: Farmunk|64\/100 tox|[from] item: Sitrus Berry
|move|p1a: Farmunk|Stuff Cheeks||[still]
|-fail|p1a: Farmunk
|
|-damage|p1a: Farmunk|39\/100 tox|[from] psn
|upkeep
|turn|9
|
|t:|1658259255
|move|p2a: Kupua|Fiery Dance|p1a: Farmunk
|-supereffective|p1a: Farmunk
|-damage|p1a: Farmunk|25\/100 tox
|-boost|p2a: Kupua|spa|1
|move|p1a: Farmunk|Body Press|p2a: Kupua
|-damage|p2a: Kupua|0 fnt
|faint|p2a: Kupua
|
|-damage|p1a: Farmunk|0 fnt|[from] psn
|faint|p1a: Farmunk
|upkeep
|
|t:|1658259265
|switch|p2a: The Funny|Bafflack, F|301\/301
|switch|p1a: Coilrig|Coilrig, F|100\/100
|-start|p2a: The Funny|typechange|Water|[silent]
|-start|p1a: Coilrig|typechange|Ground\/Poison|[silent]
|raw|<ul class="utilichart"><li class="result"><span class="col pokemonnamecol" style="white-space: nowrap">Coilrig<\/span> <span class="col typecol"><img src="https:\/\/dragonheaven.herokuapp.com\/sprites\/types\/Ground.png" alt="Ground" height="14" width="32"><img src="https:\/\/dragonheaven.herokuapp.com\/sprites\/types\/Poison.png" alt="Poison" height="14" width="32"><\/span> <span style="float: left ; min-height: 26px"><span class="col abilitycol">Sand Spit \/ Shed Skin \/ Liquid Ooze<\/span><span class="col abilitycol"><\/span><\/span><\/li><li style="clear: both"><\/li><\/ul>
|raw|<ul class="utilichart"><li class="result"><span style="float: left ; min-height: 26px"><span class="col statcol"><em>HP<\/em><br>77<\/span> <span class="col statcol"><em>Atk<\/em><br>107<\/span> <span class="col statcol"><em>Def<\/em><br>130<\/span> <span class="col statcol"><em>SpA<\/em><br>105<\/span> <span class="col statcol"><em>SpD<\/em><br>75<\/span> <span class="col statcol"><em>Spe<\/em><br>41<\/span> <\/span><\/li><li style="clear: both"><\/li><\/ul>
|-hint|Coilrig was created by Hematite!
|turn|10
|
|t:|1658259269
|move|p2a: The Funny|Flip Turn|p1a: Coilrig
|-supereffective|p1a: Coilrig
|-damage|p1a: Coilrig|30\/100
|
|t:|1658259274
|switch|p2a: Echoes|Bronzong|338\/338
|move|p1a: Coilrig|Glare|p2a: Echoes
|-status|p2a: Echoes|par
|
|-heal|p1a: Coilrig|36\/100|[from] item: Black Sludge
|upkeep
|turn|11
|
|t:|1658259281
|move|p1a: Coilrig|Stealth Rock|p2a: Echoes
|-sidestart|p2: Violettes|move: Stealth Rock
|move|p2a: Echoes|Flash Cannon|p1a: Coilrig
|-damage|p1a: Coilrig|9\/100
|
|-heal|p1a: Coilrig|15\/100|[from] item: Black Sludge
|upkeep
|turn|12
|
|t:|1658259294
|move|p1a: Coilrig|Glare|p2a: Echoes
|-fail|p2a: Echoes|par
|move|p2a: Echoes|Flash Cannon|p1a: Coilrig
|-damage|p1a: Coilrig|0 fnt
|faint|p1a: Coilrig
|
|upkeep
|
|t:|1658259296
|switch|p1a: Wailord|Wailord, M|100\/100
|turn|13
|
|t:|1658259299
|move|p1a: Wailord|Water Spout|p2a: Echoes
|-damage|p2a: Echoes|53\/338 par
|move|p2a: Echoes|Toxic|p1a: Wailord
|-status|p1a: Wailord|tox
|
|-heal|p2a: Echoes|74\/338 par|[from] item: Leftovers
|-damage|p1a: Wailord|94\/100 tox|[from] psn
|upkeep
|turn|14
|
|t:|1658259305
|move|p1a: Wailord|Water Spout|p2a: Echoes
|-damage|p2a: Echoes|0 fnt
|faint|p2a: Echoes
|
|-damage|p1a: Wailord|82\/100 tox|[from] psn
|upkeep
|
|t:|1658259311
|switch|p2a: Skyward|Endurow, M|305\/305
|-start|p2a: Skyward|typechange|Flying|[silent]
|raw|<ul class="utilichart"><li class="result"><span class="col pokemonnamecol" style="white-space: nowrap">Endurow<\/span> <span class="col typecol"><img src="https:\/\/dragonheaven.herokuapp.com\/sprites\/types\/Flying.png" alt="Flying" height="14" width="32"><\/span> <span style="float: left ; min-height: 26px"><span class="col abilitycol">Stamina \/ Sniper<\/span><span class="col abilitycol"><\/span><\/span><\/li><li style="clear: both"><\/li><\/ul>
|raw|<ul class="utilichart"><li class="result"><span style="float: left ; min-height: 26px"><span class="col statcol"><em>HP<\/em><br>82<\/span> <span class="col statcol"><em>Atk<\/em><br>110<\/span> <span class="col statcol"><em>Def<\/em><br>65<\/span> <span class="col statcol"><em>SpA<\/em><br>61<\/span> <span class="col statcol"><em>SpD<\/em><br>61<\/span> <span class="col statcol"><em>Spe<\/em><br>118<\/span> <\/span><\/li><li style="clear: both"><\/li><\/ul>
|-hint|Endurow was created by Violet!
|turn|15
|
|t:|1658259317
|move|p2a: Skyward|Brave Bird|p1a: Wailord
|-damage|p1a: Wailord|8\/100 tox
|-damage|p2a: Skyward|188\/305|[from] Recoil
|move|p1a: Wailord|Water Spout|p2a: Skyward
|-damage|p2a: Skyward|151\/305
|-ability|p2a: Skyward|Stamina|boost
|-boost|p2a: Skyward|def|1
|
|-damage|p1a: Wailord|0 fnt|[from] psn
|faint|p1a: Wailord
|upkeep
|j|+regic boat
|
|t:|1658259323
|switch|p1a: Stokomotive|Stokomotive, F|100\/100
|-start|p1a: Stokomotive|typechange|Rock\/Fire|[silent]
|raw|<ul class="utilichart"><li class="result"><span class="col pokemonnamecol" style="white-space: nowrap">Stokomotive<\/span> <span class="col typecol"><img src="https:\/\/dragonheaven.herokuapp.com\/sprites\/types\/Rock.png" alt="Rock" height="14" width="32"><img src="https:\/\/dragonheaven.herokuapp.com\/sprites\/types\/Fire.png" alt="Fire" height="14" width="32"><\/span> <span style="float: left ; min-height: 26px"><span class="col abilitycol">Steam Engine \/ Flame Body \/ Flash Fire<\/span><span class="col abilitycol"><\/span><\/span><\/li><li style="clear: both"><\/li><\/ul>
|raw|<ul class="utilichart"><li class="result"><span style="float: left ; min-height: 26px"><span class="col statcol"><em>HP<\/em><br>80<\/span> <span class="col statcol"><em>Atk<\/em><br>100<\/span> <span class="col statcol"><em>Def<\/em><br>70<\/span> <span class="col statcol"><em>SpA<\/em><br>100<\/span> <span class="col statcol"><em>SpD<\/em><br>48<\/span> <span class="col statcol"><em>Spe<\/em><br>112<\/span> <\/span><\/li><li style="clear: both"><\/li><\/ul>
|-hint|Stokomotive was created by inkbug!
|turn|16
|
|t:|1658259336
|move|p2a: Skyward|Drill Run|p1a: Stokomotive
|-supereffective|p1a: Stokomotive
|-damage|p1a: Stokomotive|0 fnt
|faint|p1a: Stokomotive
|
|upkeep
|
|t:|1658259339
|switch|p1a: Orbeetle|Orbeetle-Variant, F|73\/100
|-start|p1a: Orbeetle|typechange|Bug\/Electric|[silent]
|turn|17
|
|t:|1658259343
|move|p2a: Skyward|Roost|p2a: Skyward
|-heal|p2a: Skyward|304\/305
|-singleturn|p2a: Skyward|move: Roost
|move|p1a: Orbeetle|Electro Ball|p2a: Skyward
|-damage|p2a: Skyward|223\/305
|-ability|p2a: Skyward|Stamina|boost
|-boost|p2a: Skyward|def|1
|
|upkeep
|turn|18
|
|t:|1658259349
|switch|p2a: Tremor Terror|Excadrill-Hisui, F|298\/361
|-damage|p2a: Tremor Terror|276\/361|[from] Stealth Rock
|-start|p2a: Tremor Terror|typechange|Ground\/Normal|[silent]
|move|p1a: Orbeetle|Sticky Web|p2a: Tremor Terror
|-sidestart|p2: Violettes|move: Sticky Web
|
|upkeep
|turn|19
|
|t:|1658259352
|move|p2a: Tremor Terror|Rapid Spin|p1a: Orbeetle
|-damage|p1a: Orbeetle|42\/100
|-boost|p2a: Tremor Terror|spe|1
|-ability|p1a: Orbeetle|Cotton Down
|-unboost|p2a: Tremor Terror|spe|1
|-sideend|p2: Violettes|Stealth Rock|[from] move: Rapid Spin|[of] p2a: Tremor Terror
|-sideend|p2: Violettes|Sticky Web|[from] move: Rapid Spin|[of] p2a: Tremor Terror
|move|p1a: Orbeetle|U-turn|p2a: Tremor Terror
|-damage|p2a: Tremor Terror|215\/361
|
|t:|1658259354
|switch|p1a: Togekiss|Togekiss, F|100\/100|[from]move: U-turn
|
|upkeep
|turn|20
|
|t:|1658259363
|move|p2a: Tremor Terror|Rock Tomb|p1a: Togekiss
|-supereffective|p1a: Togekiss
|-damage|p1a: Togekiss|36\/100
|-unboost|p1a: Togekiss|spe|1
|move|p1a: Togekiss|Air Slash|p2a: Tremor Terror
|-damage|p2a: Tremor Terror|115\/361
|
|upkeep
|turn|21
|
|t:|1658259371
|move|p2a: Tremor Terror|Rock Tomb|p1a: Togekiss
|-supereffective|p1a: Togekiss
|-damage|p1a: Togekiss|0 fnt
|faint|p1a: Togekiss
|
|upkeep
|
|t:|1658259372
|switch|p1a: Orbeetle|Orbeetle-Variant, F|42\/100
|-start|p1a: Orbeetle|typechange|Bug\/Electric|[silent]
|turn|22
|
|t:|1658259374
|move|p2a: Tremor Terror|Rock Tomb|p1a: Orbeetle
|-supereffective|p1a: Orbeetle
|-damage|p1a: Orbeetle|0 fnt
|-ability|p1a: Orbeetle|Cotton Down
|-unboost|p2a: Tremor Terror|spe|1
|faint|p1a: Orbeetle
|
|win|Violettes
|c|☆abismal|gg
|c|☆Violettes|gg
|l|☆abismal</script>
</div>
<div class="battle-log battle-log-inline"><div class="inner"><div class="battle-options"><div style="padding-top: 3px; padding-right: 3px; text-align: right"><button class="icon button" name="openBattleOptions" title="Options">Battle Options</button></div></div><div class="inner message-log"><div class="chat"><small>☆abismal and ☆Violettes joined</small></div><div class=""><small>Format:</small> <br><strong>[Gen 8] Evolution Project</strong></div><div class=""><small><em>HP Percentage Mod:</em> HP is shown in percentages</small></div><div class=""><small><em>Endless Battle Clause:</em> Forcing endless battles is banned</small></div><div class=""><small><em>OHKO Clause:</em> OHKO moves are banned</small></div><div class=""><small><em>Evasion Moves Clause:</em> Evasion moves are banned</small></div><div class=""><small><em>Species Clause:</em> Limit one of each Pokémon</small></div><div class=""><small><em>Dynamax Clause:</em> You cannot dynamax</small></div><div class=""><small><em>Sleep Clause Mod:</em> Limit one foe put to sleep</small></div><div class=""><small><em>Z-Move Clause:</em> Type-based Z-Moves are banned</small></div><div class="chat battle-history"><strong>abismal's team:</strong> <em style="color:#445566;display:block;">Togekiss / Coilrig / Wailord / Orbeetle-Variant / Farmunk / Stokomotive</em></div><div class="chat battle-history"><strong>Violettes's team:</strong> <em style="color:#445566;display:block;">Endurow / Bafflack / Ludicolo-Ultra / Excadrill-Hisui / Bronzong / Sylveon</em></div><div class="spacer battle-history"><br></div><div class="battle-history">Battle started between abismal and Violettes!<br></div><div class="spacer battle-history"><br></div><div class="battle-history">abismal sent out Orbeetle (<strong>Orbeetle-Variant</strong>)!<br></div><div class="spacer battle-history"><br></div><div class="battle-history">Go! The Funny (<strong>Bafflack</strong>)!<br></div><div class="chat"><ul class="utilichart"><li class="result"><span class="col pokemonnamecol" style="white-space: nowrap">Bafflack</span> <span class="col typecol"><img src="https://dragonheaven.herokuapp.com/sprites/types/Water.png" alt="Water" height="14" width="32"></span> <span style="float: left ; min-height: 26px"><span class="col abilitycol">Psychic Surge / Cloud Nine / Pure Power</span><span class="col abilitycol"></span></span></li><li style="clear: both"></li></ul></div><div class="chat"><ul class="utilichart"><li class="result"><span style="float: left ; min-height: 26px"><span class="col statcol"><em>HP</em><br>80</span> <span class="col statcol"><em>Atk</em><br>69</span> <span class="col statcol"><em>Def</em><br>18</span> <span class="col statcol"><em>SpA</em><br>135</span> <span class="col statcol"><em>SpD</em><br>110</span> <span class="col statcol"><em>Spe</em><br>105</span> </span></li><li style="clear: both"></li></ul></div><div class="battle-history"><small>(Bafflack was created by KeroseneZanchu!)</small><br></div><div class="chat"><ul class="utilichart"><li class="result"><span class="col pokemonnamecol" style="white-space: nowrap">Orbeetle-Variant</span> <span class="col typecol"><img src="https://dragonheaven.herokuapp.com/sprites/types/Bug.png" alt="Bug" height="14" width="32"><img src="https://dragonheaven.herokuapp.com/sprites/types/Electric.png" alt="Electric" height="14" width="32"></span> <span style="float: left ; min-height: 26px"><span class="col abilitycol">Swarm / Frisk / Cotton Down</span><span class="col abilitycol"></span></span></li><li style="clear: both"></li></ul></div><div class="chat"><ul class="utilichart"><li class="result"><span style="float: left ; min-height: 26px"><span class="col statcol"><em>HP</em><br>60</span> <span class="col statcol"><em>Atk</em><br>45</span> <span class="col statcol"><em>Def</em><br>110</span> <span class="col statcol"><em>SpA</em><br>120</span> <span class="col statcol"><em>SpD</em><br>80</span> <span class="col statcol"><em>Spe</em><br>90</span> </span></li><li style="clear: both"></li></ul></div><div class="battle-history"><small>(Orbeetle-Variant was created by Magmajudis!)</small><br></div><div class="spacer battle-history"><br></div><h2 class="battle-history">Turn 1</h2><div class="spacer battle-history"><br></div><div class="battle-history">The Funny used <strong>Flip Turn</strong>!<br></div><div class="battle-history"><small>(The opposing Orbeetle lost 46% of its health!)</small><br></div><div class="battle-history">[The opposing Orbeetle's Cotton Down]<br></div><div class="battle-history"><small>The Funny's Speed fell!</small><br></div><div class="spacer battle-history"><br></div><div class="battle-history">The Funny, come back!<br></div><div class="battle-history">Go! Tremor Terror (<strong>Excadrill-Hisui</strong>)!<br></div><div class="chat"><ul class="utilichart"><li class="result"><span class="col pokemonnamecol" style="white-space: nowrap">Excadrill-Hisui</span> <span class="col typecol"><img src="https://dragonheaven.herokuapp.com/sprites/types/Ground.png" alt="Ground" height="14" width="32"><img src="https://dragonheaven.herokuapp.com/sprites/types/Normal.png" alt="Normal" height="14" width="32"></span> <span style="float: left ; min-height: 26px"><span class="col abilitycol">Centrifuge / Sand Force / Technician</span><span class="col abilitycol"></span></span></li><li style="clear: both"></li></ul></div><div class="chat"><ul class="utilichart"><li class="result"><span style="float: left ; min-height: 26px"><span class="col statcol"><em>HP</em><br>110</span> <span class="col statcol"><em>Atk</em><br>135</span> <span class="col statcol"><em>Def</em><br>60</span> <span class="col statcol"><em>SpA</em><br>50</span> <span class="col statcol"><em>SpD</em><br>65</span> <span class="col statcol"><em>Spe</em><br>88</span> </span></li><li style="clear: both"></li></ul></div><div class="battle-history"><small>(Excadrill-Hisui was created by ausma!)</small><br></div><div class="spacer battle-history"><br></div><div class="battle-history">The opposing Orbeetle used <strong>Sticky Web</strong>!<br></div><div class="battle-history"><small>A sticky web has been laid out on the ground around your team!</small><br></div><div class="spacer battle-history"><br></div><h2 class="battle-history">Turn 2</h2><div class="spacer battle-history"><br></div><div class="battle-history">Tremor Terror used <strong>Rapid Spin</strong>!<br></div><div class="battle-history"><small>(The opposing Orbeetle lost 31% of its health!)</small><br></div><div class="battle-history"><small>Tremor Terror's Speed rose!</small><br></div><div class="battle-history">[The opposing Orbeetle's Cotton Down]<br></div><div class="battle-history"><small>Tremor Terror's Speed fell!</small><br></div><div class="battle-history"><small>The sticky web has disappeared from the ground around your team!</small><br></div><div class="spacer battle-history"><br></div><div class="battle-history">The opposing Orbeetle used <strong>Recover</strong>!<br></div><div class="battle-history"><small>The opposing Orbeetle had its HP restored.</small><br></div><div class="spacer battle-history"><br></div><h2 class="battle-history">Turn 3</h2><div class="spacer battle-history"><br></div><div class="battle-history">Tremor Terror used <strong>Rock Tomb</strong>!<br></div><div class="battle-history"><small>The opposing Orbeetle avoided the attack!</small><br></div><div class="spacer battle-history"><br></div><div class="battle-history">The opposing Orbeetle used <strong>U-turn</strong>!<br></div><div class="battle-history"><small>(Tremor Terror lost <abbr title="−63/361">17.5%</abbr> of its health!)</small><br></div><div class="spacer battle-history"><br></div><div class="battle-history">The opposing Orbeetle went back to abismal!<br></div><div class="battle-history">abismal sent out <strong>Farmunk</strong>!<br></div><div class="chat"><ul class="utilichart"><li class="result"><span class="col pokemonnamecol" style="white-space: nowrap">Farmunk</span> <span class="col typecol"><img src="https://dragonheaven.herokuapp.com/sprites/types/Normal.png" alt="Normal" height="14" width="32"><img src="https://dragonheaven.herokuapp.com/sprites/types/Grass.png" alt="Grass" height="14" width="32"></span> <span style="float: left ; min-height: 26px"><span class="col abilitycol">Cheek Pouch / Harvest / Gluttony</span><span class="col abilitycol"></span></span></li><li style="clear: both"></li></ul></div><div class="chat"><ul class="utilichart"><li class="result"><span style="float: left ; min-height: 26px"><span class="col statcol"><em>HP</em><br>130</span> <span class="col statcol"><em>Atk</em><br>85</span> <span class="col statcol"><em>Def</em><br>115</span> <span class="col statcol"><em>SpA</em><br>95</span> <span class="col statcol"><em>SpD</em><br>75</span> <span class="col statcol"><em>Spe</em><br>20</span> </span></li><li style="clear: both"></li></ul></div><div class="battle-history"><small>(Farmunk was created by quagsi!)</small><br></div><div class="spacer battle-history"><br></div><h2 class="battle-history">Turn 4</h2><div class="spacer battle-history"><br></div><div class="battle-history">Tremor Terror, come back!<br></div><div class="battle-history">Go! Echoes (<strong>Bronzong</strong>)!<br></div><div class="spacer battle-history"><br></div><div class="battle-history">The opposing Farmunk used <strong>Amnesia</strong>!<br></div><div class="battle-history"><small>The opposing Farmunk's Sp. Def rose sharply!</small><br></div><div class="spacer battle-history"><br></div><h2 class="battle-history">Turn 5</h2><div class="spacer battle-history"><br></div><div class="battle-history">Echoes used <strong>Toxic</strong>!<br></div><div class="battle-history"><small>The opposing Farmunk was badly poisoned!</small><br></div><div class="spacer battle-history"><br></div><div class="battle-history">The opposing Farmunk used <strong>Amnesia</strong>!<br></div><div class="battle-history"><small>The opposing Farmunk's Sp. Def rose sharply!</small><br></div><div class="spacer battle-history"><br></div><div class="battle-history"><small>The opposing Farmunk was hurt by poison!</small><br></div><div class="spacer battle-history"><br></div><h2 class="battle-history">Turn 6</h2><div class="spacer battle-history"><br></div><div class="battle-history">Echoes used <strong>Body Press</strong>!<br></div><div class="battle-history"><small>It's super effective!</small><br></div><div class="battle-history"><small>(The opposing Farmunk lost 34% of its health!)</small><br></div><div class="spacer battle-history"><br></div><div class="battle-history">The opposing Farmunk used <strong>Stuff Cheeks</strong>!<br></div><div class="battle-history"><small>(The opposing Farmunk ate its Sitrus Berry!)</small><br></div><div class="battle-history"><small>The opposing Farmunk restored HP using its Sitrus Berry!</small><br></div><div class="battle-history"><small>The opposing Farmunk's Defense rose sharply!</small><br></div><div class="spacer battle-history"><br></div><div class="battle-history"><small>The opposing Farmunk was hurt by poison!</small><br></div><div class="spacer battle-history"><br></div><h2 class="battle-history">Turn 7</h2><div class="chat chatmessage-violettes mine"><strong style="color:#728b27"><small>☆</small><span class="username" data-name="Violettes">Violettes</span>:</strong> <em>oh no</em></div><div class="spacer battle-history"><br></div><div class="battle-history">Echoes, come back!<br></div><div class="battle-history">Go! Kupua (<strong>Ludicolo-Ultra</strong>)!<br></div><div class="chat"><ul class="utilichart"><li class="result"><span class="col pokemonnamecol" style="white-space: nowrap">Ludicolo-Ultra</span> <span class="col typecol"><img src="https://dragonheaven.herokuapp.com/sprites/types/Fire.png" alt="Fire" height="14" width="32"><img src="https://dragonheaven.herokuapp.com/sprites/types/Grass.png" alt="Grass" height="14" width="32"></span> <span style="float: left ; min-height: 26px"><span class="col abilitycol">Lava Flow / Vital Spirit / Beast Boost</span><span class="col abilitycol"></span></span></li><li style="clear: both"></li></ul></div><div class="chat"><ul class="utilichart"><li class="result"><span style="float: left ; min-height: 26px"><span class="col statcol"><em>HP</em><br>79</span> <span class="col statcol"><em>Atk</em><br>71</span> <span class="col statcol"><em>Def</em><br>53</span> <span class="col statcol"><em>SpA</em><br>107</span> <span class="col statcol"><em>SpD</em><br>97</span> <span class="col statcol"><em>Spe</em><br>73</span> </span></li><li style="clear: both"></li></ul></div><div class="battle-history"><small>(Ludicolo-Ultra was created by Violet!)</small><br></div><div class="spacer battle-history"><br></div><div class="battle-history">The opposing Farmunk used <strong>Body Press</strong>!<br></div><div class="battle-history"><small>(Kupua lost <abbr title="−215/299">71.9%</abbr> of its health!)</small><br></div><div class="spacer battle-history"><br></div><div class="battle-history"><small>The opposing Farmunk was hurt by poison!</small><br></div><div class="battle-history">[The opposing Farmunk's Harvest]<br><small>The opposing Farmunk harvested one Sitrus Berry!</small><br></div><div class="spacer battle-history"><br></div><h2 class="battle-history">Turn 8</h2><div class="spacer battle-history"><br></div><div class="battle-history">Kupua used <strong>Fiery Dance</strong>!<br></div><div class="battle-history"><small>It's super effective!</small><br></div><div class="battle-history"><small>(The opposing Farmunk lost 15% of its health!)</small><br></div><div class="battle-history"><small>(The opposing Farmunk ate its Sitrus Berry!)</small><br></div><div class="battle-history"><small>The opposing Farmunk restored HP using its Sitrus Berry!</small><br></div><div class="spacer battle-history"><br></div><div class="battle-history">The opposing Farmunk used <strong>Stuff Cheeks</strong>!<br></div><div class="battle-history"><small>But it failed!</small><br></div><div class="spacer battle-history"><br></div><div class="battle-history"><small>The opposing Farmunk was hurt by poison!</small><br></div><div class="spacer battle-history"><br></div><h2 class="battle-history">Turn 9</h2><div class="spacer battle-history"><br></div><div class="battle-history">Kupua used <strong>Fiery Dance</strong>!<br></div><div class="battle-history"><small>It's super effective!</small><br></div><div class="battle-history"><small>(The opposing Farmunk lost 14% of its health!)</small><br></div><div class="battle-history"><small>Kupua's Sp. Atk rose!</small><br></div><div class="spacer battle-history"><br></div><div class="battle-history">The opposing Farmunk used <strong>Body Press</strong>!<br></div><div class="battle-history"><small>(Kupua lost <abbr title="−84/299">28.1%</abbr> of its health!)</small><br></div><div class="spacer battle-history"><br></div><div class="battle-history">Kupua fainted!<br></div><div class="spacer battle-history"><br></div><div class="battle-history"><small>The opposing Farmunk was hurt by poison!</small><br></div><div class="spacer battle-history"><br></div><div class="battle-history">The opposing Farmunk fainted!<br></div><div class="spacer battle-history"><br></div><div class="battle-history">Go! The Funny (<strong>Bafflack</strong>)!<br></div><div class="spacer battle-history"><br></div><div class="battle-history">abismal sent out <strong>Coilrig</strong>!<br></div><div class="chat"><ul class="utilichart"><li class="result"><span class="col pokemonnamecol" style="white-space: nowrap">Coilrig</span> <span class="col typecol"><img src="https://dragonheaven.herokuapp.com/sprites/types/Ground.png" alt="Ground" height="14" width="32"><img src="https://dragonheaven.herokuapp.com/sprites/types/Poison.png" alt="Poison" height="14" width="32"></span> <span style="float: left ; min-height: 26px"><span class="col abilitycol">Sand Spit / Shed Skin / Liquid Ooze</span><span class="col abilitycol"></span></span></li><li style="clear: both"></li></ul></div><div class="chat"><ul class="utilichart"><li class="result"><span style="float: left ; min-height: 26px"><span class="col statcol"><em>HP</em><br>77</span> <span class="col statcol"><em>Atk</em><br>107</span> <span class="col statcol"><em>Def</em><br>130</span> <span class="col statcol"><em>SpA</em><br>105</span> <span class="col statcol"><em>SpD</em><br>75</span> <span class="col statcol"><em>Spe</em><br>41</span> </span></li><li style="clear: both"></li></ul></div><div class="battle-history"><small>(Coilrig was created by Hematite!)</small><br></div><div class="spacer battle-history"><br></div><h2 class="battle-history">Turn 10</h2><div class="spacer battle-history"><br></div><div class="battle-history">The Funny used <strong>Flip Turn</strong>!<br></div><div class="battle-history"><small>It's super effective!</small><br></div><div class="battle-history"><small>(The opposing Coilrig lost 70% of its health!)</small><br></div><div class="spacer battle-history"><br></div><div class="battle-history">The Funny, come back!<br></div><div class="battle-history">Go! Echoes (<strong>Bronzong</strong>)!<br></div><div class="spacer battle-history"><br></div><div class="battle-history">The opposing Coilrig used <strong>Glare</strong>!<br></div><div class="battle-history"><small>Echoes is paralyzed! It may be unable to move!</small><br></div><div class="spacer battle-history"><br></div><div class="battle-history"><small>The opposing Coilrig restored a little HP using its Black Sludge!</small><br></div><div class="spacer battle-history"><br></div><h2 class="battle-history">Turn 11</h2><div class="spacer battle-history"><br></div><div class="battle-history">The opposing Coilrig used <strong>Stealth Rock</strong>!<br></div><div class="battle-history"><small>Pointed stones float in the air around your team!</small><br></div><div class="spacer battle-history"><br></div><div class="battle-history">Echoes used <strong>Flash Cannon</strong>!<br></div><div class="battle-history"><small>(The opposing Coilrig lost 27% of its health!)</small><br></div><div class="spacer battle-history"><br></div><div class="battle-history"><small>The opposing Coilrig restored a little HP using its Black Sludge!</small><br></div><div class="spacer battle-history"><br></div><h2 class="battle-history">Turn 12</h2><div class="spacer battle-history"><br></div><div class="battle-history">The opposing Coilrig used <strong>Glare</strong>!<br></div><div class="battle-history"><small>Echoes is already paralyzed!</small><br></div><div class="spacer battle-history"><br></div><div class="battle-history">Echoes used <strong>Flash Cannon</strong>!<br></div><div class="battle-history"><small>(The opposing Coilrig lost 15% of its health!)</small><br></div><div class="spacer battle-history"><br></div><div class="battle-history">The opposing Coilrig fainted!<br></div><div class="spacer battle-history"><br></div><div class="battle-history">abismal sent out <strong>Wailord</strong>!<br></div><div class="spacer battle-history"><br></div><h2 class="battle-history">Turn 13</h2><div class="spacer battle-history"><br></div><div class="battle-history">The opposing Wailord used <strong>Water Spout</strong>!<br></div><div class="battle-history"><small>(Echoes lost <abbr title="−285/338">84.3%</abbr> of its health!)</small><br></div><div class="spacer battle-history"><br></div><div class="battle-history">Echoes used <strong>Toxic</strong>!<br></div><div class="battle-history"><small>The opposing Wailord was badly poisoned!</small><br></div><div class="spacer battle-history"><br></div><div class="battle-history"><small>Echoes restored a little HP using its Leftovers!</small><br></div><div class="battle-history"><small>The opposing Wailord was hurt by poison!</small><br></div><div class="spacer battle-history"><br></div><h2 class="battle-history">Turn 14</h2><div class="spacer battle-history"><br></div><div class="battle-history">The opposing Wailord used <strong>Water Spout</strong>!<br></div><div class="battle-history"><small>(Echoes lost <abbr title="−74/338">21.9%</abbr> of its health!)</small><br></div><div class="spacer battle-history"><br></div><div class="battle-history">Echoes fainted!<br></div><div class="spacer battle-history"><br></div><div class="battle-history"><small>The opposing Wailord was hurt by poison!</small><br></div><div class="spacer battle-history"><br></div><div class="battle-history">Go! Skyward (<strong>Endurow</strong>)!<br></div><div class="chat"><ul class="utilichart"><li class="result"><span class="col pokemonnamecol" style="white-space: nowrap">Endurow</span> <span class="col typecol"><img src="https://dragonheaven.herokuapp.com/sprites/types/Flying.png" alt="Flying" height="14" width="32"></span> <span style="float: left ; min-height: 26px"><span class="col abilitycol">Stamina / Sniper</span><span class="col abilitycol"></span></span></li><li style="clear: both"></li></ul></div><div class="chat"><ul class="utilichart"><li class="result"><span style="float: left ; min-height: 26px"><span class="col statcol"><em>HP</em><br>82</span> <span class="col statcol"><em>Atk</em><br>110</span> <span class="col statcol"><em>Def</em><br>65</span> <span class="col statcol"><em>SpA</em><br>61</span> <span class="col statcol"><em>SpD</em><br>61</span> <span class="col statcol"><em>Spe</em><br>118</span> </span></li><li style="clear: both"></li></ul></div><div class="battle-history"><small>(Endurow was created by Violet!)</small><br></div><div class="spacer battle-history"><br></div><h2 class="battle-history">Turn 15</h2><div class="spacer battle-history"><br></div><div class="battle-history">Skyward used <strong>Brave Bird</strong>!<br></div><div class="battle-history"><small>(The opposing Wailord lost 74% of its health!)</small><br></div><div class="battle-history"><small>Skyward was damaged by the recoil!</small><br></div><div class="spacer battle-history"><br></div><div class="battle-history">The opposing Wailord used <strong>Water Spout</strong>!<br></div><div class="battle-history"><small>(Skyward lost <abbr title="−37/305">12.1%</abbr> of its health!)</small><br></div><div class="battle-history">[Skyward's Stamina]<br></div><div class="battle-history"><small>Skyward's Defense rose!</small><br></div><div class="spacer battle-history"><br></div><div class="battle-history"><small>The opposing Wailord was hurt by poison!</small><br></div><div class="spacer battle-history"><br></div><div class="battle-history">The opposing Wailord fainted!<br></div><div class="chat"><small>+regic boat joined</small></div><div class="spacer battle-history"><br></div><div class="battle-history">abismal sent out <strong>Stokomotive</strong>!<br></div><div class="chat"><ul class="utilichart"><li class="result"><span class="col pokemonnamecol" style="white-space: nowrap">Stokomotive</span> <span class="col typecol"><img src="https://dragonheaven.herokuapp.com/sprites/types/Rock.png" alt="Rock" height="14" width="32"><img src="https://dragonheaven.herokuapp.com/sprites/types/Fire.png" alt="Fire" height="14" width="32"></span> <span style="float: left ; min-height: 26px"><span class="col abilitycol">Steam Engine / Flame Body / Flash Fire</span><span class="col abilitycol"></span></span></li><li style="clear: both"></li></ul></div><div class="chat"><ul class="utilichart"><li class="result"><span style="float: left ; min-height: 26px"><span class="col statcol"><em>HP</em><br>80</span> <span class="col statcol"><em>Atk</em><br>100</span> <span class="col statcol"><em>Def</em><br>70</span> <span class="col statcol"><em>SpA</em><br>100</span> <span class="col statcol"><em>SpD</em><br>48</span> <span class="col statcol"><em>Spe</em><br>112</span> </span></li><li style="clear: both"></li></ul></div><div class="battle-history"><small>(Stokomotive was created by inkbug!)</small><br></div><div class="spacer battle-history"><br></div><h2 class="battle-history">Turn 16</h2><div class="spacer battle-history"><br></div><div class="battle-history">Skyward used <strong>Drill Run</strong>!<br></div><div class="battle-history"><small>It's super effective!</small><br></div><div class="battle-history"><small>(The opposing Stokomotive lost 100% of its health!)</small><br></div><div class="spacer battle-history"><br></div><div class="battle-history">The opposing Stokomotive fainted!<br></div><div class="spacer battle-history"><br></div><div class="battle-history">abismal sent out Orbeetle (<strong>Orbeetle-Variant</strong>)!<br></div><div class="spacer battle-history"><br></div><h2 class="battle-history">Turn 17</h2><div class="spacer battle-history"><br></div><div class="battle-history">Skyward used <strong>Roost</strong>!<br></div><div class="battle-history"><small>Skyward had its HP restored.</small><br></div><div class="battle-history"><small>(Skyward loses Flying type this turn.)</small><br></div><div class="spacer battle-history"><br></div><div class="battle-history">The opposing Orbeetle used <strong>Electro Ball</strong>!<br></div><div class="battle-history"><small>(Skyward lost <abbr title="−81/305">26.6%</abbr> of its health!)</small><br></div><div class="battle-history">[Skyward's Stamina]<br></div><div class="battle-history"><small>Skyward's Defense rose!</small><br></div><div class="spacer battle-history"><br></div><h2 class="battle-history">Turn 18</h2><div class="spacer battle-history"><br></div><div class="battle-history">Skyward, come back!<br></div><div class="battle-history">Go! Tremor Terror (<strong>Excadrill-Hisui</strong>)!<br></div><div class="battle-history"><small>Pointed stones dug into Tremor Terror!</small><br></div><div class="spacer battle-history"><br></div><div class="battle-history">The opposing Orbeetle used <strong>Sticky Web</strong>!<br></div><div class="battle-history"><small>A sticky web has been laid out on the ground around your team!</small><br></div><div class="spacer battle-history"><br></div><h2 class="battle-history">Turn 19</h2><div class="spacer battle-history"><br></div><div class="battle-history">Tremor Terror used <strong>Rapid Spin</strong>!<br></div><div class="battle-history"><small>(The opposing Orbeetle lost 31% of its health!)</small><br></div><div class="battle-history"><small>Tremor Terror's Speed rose!</small><br></div><div class="battle-history">[The opposing Orbeetle's Cotton Down]<br></div><div class="battle-history"><small>Tremor Terror's Speed fell!</small><br></div><div class="battle-history"><small>The pointed stones disappeared from around your team!</small><br></div><div class="battle-history"><small>The sticky web has disappeared from the ground around your team!</small><br></div><div class="spacer battle-history"><br></div><div class="battle-history">The opposing Orbeetle used <strong>U-turn</strong>!<br></div><div class="battle-history"><small>(Tremor Terror lost <abbr title="−61/361">16.9%</abbr> of its health!)</small><br></div><div class="spacer battle-history"><br></div><div class="battle-history">The opposing Orbeetle went back to abismal!<br></div><div class="battle-history">abismal sent out <strong>Togekiss</strong>!<br></div><div class="spacer battle-history"><br></div><h2 class="battle-history">Turn 20</h2><div class="spacer battle-history"><br></div><div class="battle-history">Tremor Terror used <strong>Rock Tomb</strong>!<br></div><div class="battle-history"><small>It's super effective!</small><br></div><div class="battle-history"><small>(The opposing Togekiss lost 64% of its health!)</small><br></div><div class="battle-history"><small>The opposing Togekiss's Speed fell!</small><br></div><div class="spacer battle-history"><br></div><div class="battle-history">The opposing Togekiss used <strong>Air Slash</strong>!<br></div><div class="battle-history"><small>(Tremor Terror lost <abbr title="−100/361">27.7%</abbr> of its health!)</small><br></div><div class="spacer battle-history"><br></div><h2 class="battle-history">Turn 21</h2><div class="spacer battle-history"><br></div><div class="battle-history">Tremor Terror used <strong>Rock Tomb</strong>!<br></div><div class="battle-history"><small>It's super effective!</small><br></div><div class="battle-history"><small>(The opposing Togekiss lost 36% of its health!)</small><br></div><div class="spacer battle-history"><br></div><div class="battle-history">The opposing Togekiss fainted!<br></div><div class="spacer battle-history"><br></div><div class="battle-history">abismal sent out Orbeetle (<strong>Orbeetle-Variant</strong>)!<br></div><div class="spacer battle-history"><br></div><h2 class="battle-history">Turn 22</h2><div class="spacer battle-history"><br></div><div class="battle-history">Tremor Terror used <strong>Rock Tomb</strong>!<br></div><div class="battle-history"><small>It's super effective!</small><br></div><div class="battle-history"><small>(The opposing Orbeetle lost 42% of its health!)</small><br></div><div class="battle-history">[The opposing Orbeetle's Cotton Down]<br></div><div class="battle-history"><small>Tremor Terror's Speed fell!</small><br></div><div class="spacer battle-history"><br></div><div class="battle-history">The opposing Orbeetle fainted!<br></div><div class="spacer battle-history"><br></div><div class="battle-history"><strong>Violettes</strong> won the battle!<br></div><div class="chat chatmessage-abismal"><strong style="color:#68a730"><small>☆</small><span class="username" data-name="abismal">abismal</span>:</strong> <em>gg</em></div><div class="chat chatmessage-violettes mine"><strong style="color:#728b27"><small>☆</small><span class="username" data-name="Violettes">Violettes</span>:</strong> <em>gg</em></div><div class="chat"><small>☆abismal left</small></div></div><div class="inner-preempt message-log"></div></div></div>
</div>
<script>
let daily = Math.floor(Date.now()/1000/60/60/24);document.write('<script src="https://dragonheaven.herokuapp.com/js/replay-embed.js?version'+daily+'"></'+'script>');
</script>
