<!DOCTYPE html>
<meta charset="utf-8" />
<!-- version 1 -->
<title>[Gen 8] Evolution Project replay: abismal vs. regic boat</title>
<style>
html,body {font-family:Verdana, sans-serif;font-size:10pt;margin:0;padding:0;}body{padding:12px 0;} .battle-log {font-family:Verdana, sans-serif;font-size:10pt;} .battle-log-inline {border:1px solid #AAAAAA;background:#EEF2F5;color:black;max-width:640px;margin:0 auto 80px;padding-bottom:5px;} .battle-log .inner {padding:4px 8px 0px 8px;} .battle-log .inner-preempt {padding:0 8px 4px 8px;} .battle-log .inner-after {margin-top:0.5em;} .battle-log h2 {margin:0.5em -8px;padding:4px 8px;border:1px solid #AAAAAA;background:#E0E7EA;border-left:0;border-right:0;font-family:Verdana, sans-serif;font-size:13pt;} .battle-log .chat {vertical-align:middle;padding:3px 0 3px 0;font-size:8pt;} .battle-log .chat strong {color:#40576A;} .battle-log .chat em {padding:1px 4px 1px 3px;color:#000000;font-style:normal;} .chat.mine {background:rgba(0,0,0,0.05);margin-left:-8px;margin-right:-8px;padding-left:8px;padding-right:8px;} .spoiler {color:#BBBBBB;background:#BBBBBB;padding:0px 3px;} .spoiler:hover, .spoiler:active, .spoiler-shown {color:#000000;background:#E2E2E2;padding:0px 3px;} .spoiler a {color:#BBBBBB;} .spoiler:hover a, .spoiler:active a, .spoiler-shown a {color:#2288CC;} .chat code, .chat .spoiler:hover code, .chat .spoiler:active code, .chat .spoiler-shown code {border:1px solid #C0C0C0;background:#EEEEEE;color:black;padding:0 2px;} .chat .spoiler code {border:1px solid #CCCCCC;background:#CCCCCC;color:#CCCCCC;} .battle-log .rated {padding:3px 4px;} .battle-log .rated strong {color:white;background:#89A;padding:1px 4px;border-radius:4px;} .spacer {margin-top:0.5em;} .message-announce {background:#6688AA;color:white;padding:1px 4px 2px;} .message-announce a, .broadcast-green a, .broadcast-blue a, .broadcast-red a {color:#DDEEFF;} .broadcast-green {background-color:#559955;color:white;padding:2px 4px;} .broadcast-blue {background-color:#6688AA;color:white;padding:2px 4px;} .infobox {border:1px solid #6688AA;padding:2px 4px;} .infobox-limited {max-height:200px;overflow:auto;overflow-x:hidden;} .broadcast-red {background-color:#AA5544;color:white;padding:2px 4px;} .message-learn-canlearn {font-weight:bold;color:#228822;text-decoration:underline;} .message-learn-cannotlearn {font-weight:bold;color:#CC2222;text-decoration:underline;} .message-effect-weak {font-weight:bold;color:#CC2222;} .message-effect-resist {font-weight:bold;color:#6688AA;} .message-effect-immune {font-weight:bold;color:#666666;} .message-learn-list {margin-top:0;margin-bottom:0;} .message-throttle-notice, .message-error {color:#992222;} .message-overflow, .chat small.message-overflow {font-size:0pt;} .message-overflow::before {font-size:9pt;content:'...';} .subtle {color:#3A4A66;}
</style>
<div class="wrapper replay-wrapper" style="max-width:1180px;margin:0 auto">
<input type="hidden" name="replayid" value="dragonheaven-gen8evolutionproject-21" />
<div class="battle"></div><div class="battle-log"></div><div class="replay-controls"></div><div class="replay-controls-2"></div>
<h1 style="font-weight:normal;text-align:center"><strong>[Gen 8] Evolution Project</strong><br /><a href="http://pokemonshowdown.com/users/abismal" class="subtle" target="_blank">abismal</a> vs. <a href="http://pokemonshowdown.com/users/regicboat" class="subtle" target="_blank">regic boat</a></h1>
<script type="text/plain" class="battle-log-data">|j|☆abismal
|j|☆regic boat
|t:|1657493791
|player|p1|abismal|brawly|
|player|p2|regic boat|ltsurge-gen3|
|teamsize|p1|6
|teamsize|p2|6
|gametype|singles
|gen|8
|tier|[Gen 8] Evolution Project
|clearpoke
|poke|p1|Aleon, F|
|poke|p1|Nown, M|
|poke|p1|Gigalith-Kalos, M|
|poke|p1|Leafeon, M|
|poke|p1|Constabull, M|
|poke|p1|Reuniclus-Neural, M|
|poke|p2|Gardevoir, M|
|poke|p2|Scrafty, F|
|poke|p2|Curski, M|
|poke|p2|Pollugonal, F|
|poke|p2|Mantine-Variant, F|
|poke|p2|Lycanroc-Arctara, F|
|rule|HP Percentage Mod: HP is shown in percentages
|rule|Endless Battle Clause: Forcing endless battles is banned
|rule|OHKO Clause: OHKO moves are banned
|rule|Evasion Moves Clause: Evasion moves are banned
|rule|Species Clause: Limit one of each Pokémon
|rule|Dynamax Clause: You cannot dynamax
|rule|Sleep Clause Mod: Limit one foe put to sleep
|rule|Z-Move Clause: Type-based Z-Moves are banned
|teampreview
|j|~inkbug1

|c|☆regic boat|glhf
|c|☆abismal|u2
|
|t:|1657493814
|start
|switch|p1a: Gigalith|Gigalith-Kalos, M|100\/100
|switch|p2a: Curski|Curski, M|100\/100
|-start|p2a: Curski|typechange|Dark|[silent]
|raw|<ul class="utilichart"><li class="result"><span class="col pokemonnamecol" style="white-space: nowrap">Curski<\/span> <span class="col typecol"><img src="https:\/\/dragonheaven.herokuapp.com\/sprites\/types\/Dark.png" alt="Dark" height="14" width="32"><\/span> <span style="float: left ; min-height: 26px"><span class="col abilitycol">Dark Aura \/ Infiltrator<\/span><span class="col abilitycol"><\/span><\/span><\/li><li style="clear: both"><\/li><\/ul>
|raw|<ul class="utilichart"><li class="result"><span style="float: left ; min-height: 26px"><span class="col statcol"><em>HP<\/em><br>50<\/span> <span class="col statcol"><em>Atk<\/em><br>117<\/span> <span class="col statcol"><em>Def<\/em><br>108<\/span> <span class="col statcol"><em>SpA<\/em><br>92<\/span> <span class="col statcol"><em>SpD<\/em><br>108<\/span> <span class="col statcol"><em>Spe<\/em><br>35<\/span> <\/span><\/li><li style="clear: both"><\/li><\/ul>
|-hint|Curski was created by KeroseneZanchu!
|-ability|p2a: Curski|Dark Aura
|-start|p1a: Gigalith|typechange|Rock\/Electric|[silent]
|raw|<ul class="utilichart"><li class="result"><span class="col pokemonnamecol" style="white-space: nowrap">Gigalith-Kalos<\/span> <span class="col typecol"><img src="https:\/\/dragonheaven.herokuapp.com\/sprites\/types\/Rock.png" alt="Rock" height="14" width="32"><img src="https:\/\/dragonheaven.herokuapp.com\/sprites\/types\/Electric.png" alt="Electric" height="14" width="32"><\/span> <span style="float: left ; min-height: 26px"><span class="col abilitycol">Sturdy \/ Drought \/ Solar Power<\/span><span class="col abilitycol"><\/span><\/span><\/li><li style="clear: both"><\/li><\/ul>
|raw|<ul class="utilichart"><li class="result"><span style="float: left ; min-height: 26px"><span class="col statcol"><em>HP<\/em><br>85<\/span> <span class="col statcol"><em>Atk<\/em><br>60<\/span> <span class="col statcol"><em>Def<\/em><br>130<\/span> <span class="col statcol"><em>SpA<\/em><br>135<\/span> <span class="col statcol"><em>SpD<\/em><br>80<\/span> <span class="col statcol"><em>Spe<\/em><br>25<\/span> <\/span><\/li><li style="clear: both"><\/li><\/ul>
|-hint|Gigalith-Kalos was created by Violet!
|-weather|SunnyDay|[from] ability: Drought|[of] p1a: Gigalith
|turn|1
|
|t:|1657493830
|switch|p1a: Constabull|Constabull, M|100\/100
|-start|p1a: Constabull|typechange|Fairy|[silent]
|raw|<ul class="utilichart"><li class="result"><span class="col pokemonnamecol" style="white-space: nowrap">Constabull<\/span> <span class="col typecol"><img src="https:\/\/dragonheaven.herokuapp.com\/sprites\/types\/Fairy.png" alt="Fairy" height="14" width="32"><\/span> <span style="float: left ; min-height: 26px"><span class="col abilitycol">Intimidate \/ Early Bird \/ Iron Barbs<\/span><span class="col abilitycol"><\/span><\/span><\/li><li style="clear: both"><\/li><\/ul>
|raw|<ul class="utilichart"><li class="result"><span style="float: left ; min-height: 26px"><span class="col statcol"><em>HP<\/em><br>93<\/span> <span class="col statcol"><em>Atk<\/em><br>130<\/span> <span class="col statcol"><em>Def<\/em><br>110<\/span> <span class="col statcol"><em>SpA<\/em><br>80<\/span> <span class="col statcol"><em>SpD<\/em><br>80<\/span> <span class="col statcol"><em>Spe<\/em><br>32<\/span> <\/span><\/li><li style="clear: both"><\/li><\/ul>
|-hint|Constabull was created by inkbug!
|-ability|p1a: Constabull|Intimidate|boost
|-unboost|p2a: Curski|atk|1
|move|p2a: Curski|Baddy Bad|p1a: Constabull
|-resisted|p1a: Constabull
|-damage|p1a: Constabull|80\/100
|-sidestart|p2: regic boat|Reflect
|
|-weather|SunnyDay|[upkeep]
|upkeep
|turn|2
|
|t:|1657493862
|switch|p2a: Gardevoir|Gardevoir, M|100\/100
|-ability|p2a: Gardevoir|Intimidate|[from] ability: Trace|[of] p1a: Constabull
|-ability|p2a: Gardevoir|Intimidate|boost
|-unboost|p1a: Constabull|atk|1
|move|p1a: Constabull|Overheat|p2a: Gardevoir
|-damage|p2a: Gardevoir|57\/100
|-unboost|p1a: Constabull|spa|2
|
|-weather|SunnyDay|[upkeep]
|upkeep
|turn|3
|
|t:|1657493875
|move|p2a: Gardevoir|Moonblast|p1a: Constabull
|-damage|p1a: Constabull|46\/100
|move|p1a: Constabull|Play Rough|p2a: Gardevoir
|-damage|p2a: Gardevoir|25\/100
|
|-weather|SunnyDay|[upkeep]
|upkeep
|turn|4
|j| justletmeplaythx
|
|t:|1657493877
|move|p2a: Gardevoir|Moonblast|p1a: Constabull
|-damage|p1a: Constabull|13\/100
|move|p1a: Constabull|Play Rough|p2a: Gardevoir
|-damage|p2a: Gardevoir|0 fnt
|faint|p2a: Gardevoir
|
|-weather|SunnyDay|[upkeep]
|upkeep
|
|t:|1657493884
|switch|p2a: Pollugonal|Pollugonal, F|100\/100
|-start|p2a: Pollugonal|typechange|Ice\/Poison|[silent]
|raw|<ul class="utilichart"><li class="result"><span class="col pokemonnamecol" style="white-space: nowrap">Pollugonal<\/span> <span class="col typecol"><img src="https:\/\/dragonheaven.herokuapp.com\/sprites\/types\/Ice.png" alt="Ice" height="14" width="32"><img src="https:\/\/dragonheaven.herokuapp.com\/sprites\/types\/Poison.png" alt="Poison" height="14" width="32"><\/span> <span style="float: left ; min-height: 26px"><span class="col abilitycol">Levitate<\/span><span class="col abilitycol"><\/span><\/span><\/li><li style="clear: both"><\/li><\/ul>
|raw|<ul class="utilichart"><li class="result"><span style="float: left ; min-height: 26px"><span class="col statcol"><em>HP<\/em><br>90<\/span> <span class="col statcol"><em>Atk<\/em><br>50<\/span> <span class="col statcol"><em>Def<\/em><br>50<\/span> <span class="col statcol"><em>SpA<\/em><br>95<\/span> <span class="col statcol"><em>SpD<\/em><br>140<\/span> <span class="col statcol"><em>Spe<\/em><br>105<\/span> <\/span><\/li><li style="clear: both"><\/li><\/ul>
|-hint|Pollugonal was created by Magmajudis!
|turn|5
|
|t:|1657493887
|move|p2a: Pollugonal|Sludge Bomb|p1a: Constabull
|-supereffective|p1a: Constabull
|-damage|p1a: Constabull|0 fnt
|faint|p1a: Constabull
|
|-weather|SunnyDay|[upkeep]
|-sideend|p2: regic boat|Reflect
|upkeep
|
|t:|1657493892
|switch|p1a: Aleon|Aleon, F|100\/100
|-start|p1a: Aleon|typechange|Normal|[silent]
|raw|<ul class="utilichart"><li class="result"><span class="col pokemonnamecol" style="white-space: nowrap">Aleon<\/span> <span class="col typecol"><img src="https:\/\/dragonheaven.herokuapp.com\/sprites\/types\/Normal.png" alt="Normal" height="14" width="32"><\/span> <span style="float: left ; min-height: 26px"><span class="col abilitycol">Adaptability \/ Normalize \/ Beast Boost<\/span><span class="col abilitycol"><\/span><\/span><\/li><li style="clear: both"><\/li><\/ul>
|raw|<ul class="utilichart"><li class="result"><span style="float: left ; min-height: 26px"><span class="col statcol"><em>HP<\/em><br>103<\/span> <span class="col statcol"><em>Atk<\/em><br>79<\/span> <span class="col statcol"><em>Def<\/em><br>53<\/span> <span class="col statcol"><em>SpA<\/em><br>89<\/span> <span class="col statcol"><em>SpD<\/em><br>67<\/span> <span class="col statcol"><em>Spe<\/em><br>134<\/span> <\/span><\/li><li style="clear: both"><\/li><\/ul>
|-hint|Aleon was created by inkbug!
|turn|6
|
|t:|1657493905
|move|p1a: Aleon|Weather Ball|p2a: Pollugonal
|-supereffective|p2a: Pollugonal
|-damage|p2a: Pollugonal|11\/100
|-damage|p1a: Aleon|91\/100|[from] item: Life Orb
|move|p2a: Pollugonal|Sludge Bomb|p1a: Aleon
|-damage|p1a: Aleon|39\/100
|
|-weather|SunnyDay|[upkeep]
|upkeep
|turn|7
|
|t:|1657493914
|move|p1a: Aleon|Weather Ball|p2a: Pollugonal
|-supereffective|p2a: Pollugonal
|-damage|p2a: Pollugonal|0 fnt
|-damage|p1a: Aleon|29\/100|[from] item: Life Orb
|faint|p2a: Pollugonal
|
|-weather|SunnyDay|[upkeep]
|upkeep
|
|t:|1657493922
|switch|p2a: Curski|Curski, M|100\/100
|-start|p2a: Curski|typechange|Dark|[silent]
|-ability|p2a: Curski|Dark Aura
|turn|8
|
|t:|1657493938
|move|p2a: Curski|Sucker Punch|p1a: Aleon
|-damage|p1a: Aleon|0 fnt
|faint|p1a: Aleon
|
|-weather|none
|upkeep
|
|t:|1657493941
|switch|p1a: Reuniclus|Reuniclus-Neural, M|100\/100
|-start|p1a: Reuniclus|typechange|Fighting|[silent]
|raw|<ul class="utilichart"><li class="result"><span class="col pokemonnamecol" style="white-space: nowrap">Reuniclus-Neural<\/span> <span class="col typecol"><img src="https:\/\/dragonheaven.herokuapp.com\/sprites\/types\/Fighting.png" alt="Fighting" height="14" width="32"><\/span> <span style="float: left ; min-height: 26px"><span class="col abilitycol">Overcoat \/ Electric Surge \/ Regenerator<\/span><span class="col abilitycol"><\/span><\/span><\/li><li style="clear: both"><\/li><\/ul>
|raw|<ul class="utilichart"><li class="result"><span style="float: left ; min-height: 26px"><span class="col statcol"><em>HP<\/em><br>110<\/span> <span class="col statcol"><em>Atk<\/em><br>125<\/span> <span class="col statcol"><em>Def<\/em><br>65<\/span> <span class="col statcol"><em>SpA<\/em><br>65<\/span> <span class="col statcol"><em>SpD<\/em><br>85<\/span> <span class="col statcol"><em>Spe<\/em><br>40<\/span> <\/span><\/li><li style="clear: both"><\/li><\/ul>
|-hint|Reuniclus-Neural was created by ausma!
|-fieldstart|move: Electric Terrain|[from] ability: Electric Surge|[of] p1a: Reuniclus
|-enditem|p1a: Reuniclus|Electric Seed
|-boost|p1a: Reuniclus|def|1|[from] item: Electric Seed
|turn|9
|
|t:|1657493958
|switch|p2a: Mantine|Mantine-Variant, F|100\/100
|-start|p2a: Mantine|typechange|Fire|[silent]
|raw|<ul class="utilichart"><li class="result"><span class="col pokemonnamecol" style="white-space: nowrap">Mantine-Variant<\/span> <span class="col typecol"><img src="https:\/\/dragonheaven.herokuapp.com\/sprites\/types\/Fire.png" alt="Fire" height="14" width="32"><\/span> <span style="float: left ; min-height: 26px"><span class="col abilitycol">Cloud Nine \/ Levitate \/ Flame Body<\/span><span class="col abilitycol"><\/span><\/span><\/li><li style="clear: both"><\/li><\/ul>
|raw|<ul class="utilichart"><li class="result"><span style="float: left ; min-height: 26px"><span class="col statcol"><em>HP<\/em><br>85<\/span> <span class="col statcol"><em>Atk<\/em><br>40<\/span> <span class="col statcol"><em>Def<\/em><br>70<\/span> <span class="col statcol"><em>SpA<\/em><br>70<\/span> <span class="col statcol"><em>SpD<\/em><br>140<\/span> <span class="col statcol"><em>Spe<\/em><br>80<\/span> <\/span><\/li><li style="clear: both"><\/li><\/ul>
|-hint|Mantine-Variant was created by Violet!
|move|p1a: Reuniclus|Axon Rush||[still]
|-anim|p1a: Reuniclus|Acupressure|p1a: Reuniclus
|-boost|p1a: Reuniclus|atk|1
|-boost|p1a: Reuniclus|def|1
|-boost|p1a: Reuniclus|spe|1
|
|upkeep
|turn|10
|l|justletmeplaythx
|
|t:|1657493978
|move|p1a: Reuniclus|Axon Rush||[still]
|-anim|p1a: Reuniclus|Acupressure|p1a: Reuniclus
|-boost|p1a: Reuniclus|atk|1
|-boost|p1a: Reuniclus|def|1
|-boost|p1a: Reuniclus|spe|1
|move|p2a: Mantine|Will-O-Wisp|p1a: Reuniclus
|-status|p1a: Reuniclus|brn
|
|-damage|p1a: Reuniclus|94\/100 brn|[from] brn
|upkeep
|turn|11
|
|t:|1657493983
|move|p1a: Reuniclus|Axon Rush||[still]
|-anim|p1a: Reuniclus|Acupressure|p1a: Reuniclus
|-boost|p1a: Reuniclus|atk|1
|-boost|p1a: Reuniclus|def|1
|-boost|p1a: Reuniclus|spe|1
|move|p2a: Mantine|Flamethrower|p1a: Reuniclus
|-damage|p1a: Reuniclus|68\/100 brn
|
|-damage|p1a: Reuniclus|62\/100 brn|[from] brn
|upkeep
|turn|12
|
|t:|1657493987
|move|p1a: Reuniclus|Axon Rush||[still]
|-anim|p1a: Reuniclus|Acupressure|p1a: Reuniclus
|-boost|p1a: Reuniclus|atk|1
|-boost|p1a: Reuniclus|def|1
|-boost|p1a: Reuniclus|spe|1
|move|p2a: Mantine|Flamethrower|p1a: Reuniclus
|-damage|p1a: Reuniclus|34\/100 brn
|
|-damage|p1a: Reuniclus|28\/100 brn|[from] brn
|upkeep
|turn|13
|
|t:|1657493990
|move|p1a: Reuniclus|Recover|p1a: Reuniclus
|-heal|p1a: Reuniclus|78\/100 brn
|move|p2a: Mantine|Flamethrower|p1a: Reuniclus
|-damage|p1a: Reuniclus|51\/100 brn
|
|-damage|p1a: Reuniclus|45\/100 brn|[from] brn
|-fieldend|move: Electric Terrain
|upkeep
|turn|14
|
|t:|1657493992
|move|p1a: Reuniclus|Recover|p1a: Reuniclus
|-heal|p1a: Reuniclus|95\/100 brn
|move|p2a: Mantine|Flamethrower|p1a: Reuniclus
|-damage|p1a: Reuniclus|69\/100 brn
|
|-damage|p1a: Reuniclus|63\/100 brn|[from] brn
|upkeep
|turn|15
|
|t:|1657493995
|move|p1a: Reuniclus|Drain Punch|p2a: Mantine
|-damage|p2a: Mantine|27\/100
|-heal|p1a: Reuniclus|100\/100 brn|[from] drain|[of] p2a: Mantine
|move|p2a: Mantine|Flamethrower|p1a: Reuniclus
|-damage|p1a: Reuniclus|75\/100 brn
|
|-damage|p1a: Reuniclus|69\/100 brn|[from] brn
|upkeep
|turn|16
|j|+moretto
|
|t:|1657493999
|move|p1a: Reuniclus|Drain Punch|p2a: Mantine
|-damage|p2a: Mantine|0 fnt
|-heal|p1a: Reuniclus|83\/100 brn|[from] drain|[of] p2a: Mantine
|faint|p2a: Mantine
|
|-damage|p1a: Reuniclus|77\/100 brn|[from] brn
|upkeep
|
|t:|1657494018
|switch|p2a: Curski|Curski, M|100\/100
|-start|p2a: Curski|typechange|Dark|[silent]
|-ability|p2a: Curski|Dark Aura
|turn|17
|
|t:|1657494048
|move|p1a: Reuniclus|Drain Punch|p2a: Curski
|-supereffective|p2a: Curski
|-damage|p2a: Curski|0 fnt
|-heal|p1a: Reuniclus|100\/100 brn|[from] drain|[of] p2a: Curski
|faint|p2a: Curski
|
|-damage|p1a: Reuniclus|94\/100 brn|[from] brn
|upkeep
|
|t:|1657494053
|switch|p2a: Lycanroc|Lycanroc-Arctara, F|100\/100
|-start|p2a: Lycanroc|typechange|Rock\/Ice|[silent]
|raw|<ul class="utilichart"><li class="result"><span class="col pokemonnamecol" style="white-space: nowrap">Lycanroc-Arctara<\/span> <span class="col typecol"><img src="https:\/\/dragonheaven.herokuapp.com\/sprites\/types\/Rock.png" alt="Rock" height="14" width="32"><img src="https:\/\/dragonheaven.herokuapp.com\/sprites\/types\/Ice.png" alt="Ice" height="14" width="32"><\/span> <span style="float: left ; min-height: 26px"><span class="col abilitycol">Fur Coat \/ Tough Claws \/ Sand Rush<\/span><span class="col abilitycol"><\/span><\/span><\/li><li style="clear: both"><\/li><\/ul>
|raw|<ul class="utilichart"><li class="result"><span style="float: left ; min-height: 26px"><span class="col statcol"><em>HP<\/em><br>95<\/span> <span class="col statcol"><em>Atk<\/em><br>70<\/span> <span class="col statcol"><em>Def<\/em><br>80<\/span> <span class="col statcol"><em>SpA<\/em><br>55<\/span> <span class="col statcol"><em>SpD<\/em><br>120<\/span> <span class="col statcol"><em>Spe<\/em><br>67<\/span> <\/span><\/li><li style="clear: both"><\/li><\/ul>
|-hint|Lycanroc-Arctara was created by KeroseneZanchu!
|turn|18
|
|t:|1657494057
|move|p1a: Reuniclus|Drain Punch|p2a: Lycanroc
|-supereffective|p2a: Lycanroc
|-damage|p2a: Lycanroc|9\/100
|-heal|p1a: Reuniclus|100\/100 brn|[from] drain|[of] p2a: Lycanroc
|move|p2a: Lycanroc|Triple Axel|p1a: Reuniclus
|-damage|p1a: Reuniclus|98\/100 brn
|-hitcount|p1a: Reuniclus|1
|
|-heal|p2a: Lycanroc|15\/100|[from] item: Leftovers
|-damage|p1a: Reuniclus|92\/100 brn|[from] brn
|upkeep
|turn|19
|
|t:|1657494059
|move|p1a: Reuniclus|Drain Punch|p2a: Lycanroc
|-supereffective|p2a: Lycanroc
|-damage|p2a: Lycanroc|0 fnt
|-heal|p1a: Reuniclus|99\/100 brn|[from] drain|[of] p2a: Lycanroc
|faint|p2a: Lycanroc
|
|-damage|p1a: Reuniclus|94\/100 brn|[from] brn
|upkeep
|
|t:|1657494062
|switch|p2a: Scrafty|Scrafty, F|100\/100
|-ability|p2a: Scrafty|Intimidate|boost
|-unboost|p1a: Reuniclus|atk|1
|turn|20
|
|t:|1657494065
|move|p2a: Scrafty|Fake Out|p1a: Reuniclus
|-damage|p1a: Reuniclus|90\/100 brn
|cant|p1a: Reuniclus|flinch
|
|-damage|p1a: Reuniclus|84\/100 brn|[from] brn
|upkeep
|turn|21
|
|t:|1657494068
|move|p1a: Reuniclus|Drain Punch|p2a: Scrafty
|-supereffective|p2a: Scrafty
|-damage|p2a: Scrafty|37\/100
|-heal|p1a: Reuniclus|100\/100 brn|[from] drain|[of] p2a: Scrafty
|move|p2a: Scrafty|Super Fang|p1a: Reuniclus
|-damage|p1a: Reuniclus|51\/100 brn
|
|-damage|p1a: Reuniclus|45\/100 brn|[from] brn
|upkeep
|turn|22
|c|☆regic boat|gg
|
|t:|1657494073
|move|p1a: Reuniclus|Drain Punch|p2a: Scrafty
|-supereffective|p2a: Scrafty
|-damage|p2a: Scrafty|0 fnt
|-heal|p1a: Reuniclus|61\/100 brn|[from] drain|[of] p2a: Scrafty
|faint|p2a: Scrafty
|
|win|abismal
|c|☆abismal|gg
|l|☆regic boat</script>
</div>
<div class="battle-log battle-log-inline"><div class="inner"><div class="battle-options"><div style="padding-top: 3px; padding-right: 3px; text-align: right"><button class="icon button" name="openBattleOptions" title="Options">Battle Options</button></div></div><div class="inner message-log"><div class="chat"><small>☆abismal and ☆regic boat joined</small></div><div class=""><small>Format:</small> <br><strong>[Gen 8] Evolution Project</strong></div><div class=""><small><em>HP Percentage Mod:</em> HP is shown in percentages</small></div><div class=""><small><em>Endless Battle Clause:</em> Forcing endless battles is banned</small></div><div class=""><small><em>OHKO Clause:</em> OHKO moves are banned</small></div><div class=""><small><em>Evasion Moves Clause:</em> Evasion moves are banned</small></div><div class=""><small><em>Species Clause:</em> Limit one of each Pokémon</small></div><div class=""><small><em>Dynamax Clause:</em> You cannot dynamax</small></div><div class=""><small><em>Sleep Clause Mod:</em> Limit one foe put to sleep</small></div><div class=""><small><em>Z-Move Clause:</em> Type-based Z-Moves are banned</small></div><div class="chat battle-history"><strong>abismal's team:</strong> <em style="color:#445566;display:block;">Aleon / Nown / Gigalith-Kalos / Leafeon / Constabull / Reuniclus-Neural</em></div><div class="chat battle-history"><strong>regic boat's team:</strong> <em style="color:#445566;display:block;">Gardevoir / Scrafty / Curski / Pollugonal / Mantine-Variant / Lycanroc-Arctara</em></div><div class="chat"><small>~inkbug1 joined</small></div><div class="chat chatmessage-regicboat"><strong style="color:#7732e7"><small>☆</small><span class="username" data-name="regic boat">regic boat</span>:</strong> <em>glhf</em></div><div class="chat chatmessage-abismal"><strong style="color:#68a730"><small>☆</small><span class="username" data-name="abismal">abismal</span>:</strong> <em>u2</em></div><div class="spacer battle-history"><br></div><div class="battle-history">Battle started between abismal and regic boat!<br></div><div class="spacer battle-history"><br></div><div class="battle-history">Go! Gigalith (<strong>Gigalith-Kalos</strong>)!<br></div><div class="spacer battle-history"><br></div><div class="battle-history">regic boat sent out <strong>Curski</strong>!<br></div><div class="chat"><ul class="utilichart"><li class="result"><span class="col pokemonnamecol" style="white-space: nowrap">Curski</span> <span class="col typecol"><img src="https://dragonheaven.herokuapp.com/sprites/types/Dark.png" alt="Dark" height="14" width="32"></span> <span style="float: left ; min-height: 26px"><span class="col abilitycol">Dark Aura / Infiltrator</span><span class="col abilitycol"></span></span></li><li style="clear: both"></li></ul></div><div class="chat"><ul class="utilichart"><li class="result"><span style="float: left ; min-height: 26px"><span class="col statcol"><em>HP</em><br>50</span> <span class="col statcol"><em>Atk</em><br>117</span> <span class="col statcol"><em>Def</em><br>108</span> <span class="col statcol"><em>SpA</em><br>92</span> <span class="col statcol"><em>SpD</em><br>108</span> <span class="col statcol"><em>Spe</em><br>35</span> </span></li><li style="clear: both"></li></ul></div><div class="battle-history"><small>(Curski was created by KeroseneZanchu!)</small><br></div><div class="battle-history">[The opposing Curski's Dark Aura]<br><small>The opposing Curski is radiating a dark aura!</small><br></div><div class="chat"><ul class="utilichart"><li class="result"><span class="col pokemonnamecol" style="white-space: nowrap">Gigalith-Kalos</span> <span class="col typecol"><img src="https://dragonheaven.herokuapp.com/sprites/types/Rock.png" alt="Rock" height="14" width="32"><img src="https://dragonheaven.herokuapp.com/sprites/types/Electric.png" alt="Electric" height="14" width="32"></span> <span style="float: left ; min-height: 26px"><span class="col abilitycol">Sturdy / Drought / Solar Power</span><span class="col abilitycol"></span></span></li><li style="clear: both"></li></ul></div><div class="chat"><ul class="utilichart"><li class="result"><span style="float: left ; min-height: 26px"><span class="col statcol"><em>HP</em><br>85</span> <span class="col statcol"><em>Atk</em><br>60</span> <span class="col statcol"><em>Def</em><br>130</span> <span class="col statcol"><em>SpA</em><br>135</span> <span class="col statcol"><em>SpD</em><br>80</span> <span class="col statcol"><em>Spe</em><br>25</span> </span></li><li style="clear: both"></li></ul></div><div class="battle-history"><small>(Gigalith-Kalos was created by Violet!)</small><br></div><div class="battle-history">[Gigalith's Drought]<br><small>The sunlight turned harsh!</small><br></div><div class="spacer battle-history"><br></div><h2 class="battle-history">Turn 1</h2><div class="spacer battle-history"><br></div><div class="battle-history">Gigalith, come back!<br></div><div class="battle-history">Go! <strong>Constabull</strong>!<br></div><div class="chat"><ul class="utilichart"><li class="result"><span class="col pokemonnamecol" style="white-space: nowrap">Constabull</span> <span class="col typecol"><img src="https://dragonheaven.herokuapp.com/sprites/types/Fairy.png" alt="Fairy" height="14" width="32"></span> <span style="float: left ; min-height: 26px"><span class="col abilitycol">Intimidate / Early Bird / Iron Barbs</span><span class="col abilitycol"></span></span></li><li style="clear: both"></li></ul></div><div class="chat"><ul class="utilichart"><li class="result"><span style="float: left ; min-height: 26px"><span class="col statcol"><em>HP</em><br>93</span> <span class="col statcol"><em>Atk</em><br>130</span> <span class="col statcol"><em>Def</em><br>110</span> <span class="col statcol"><em>SpA</em><br>80</span> <span class="col statcol"><em>SpD</em><br>80</span> <span class="col statcol"><em>Spe</em><br>32</span> </span></li><li style="clear: both"></li></ul></div><div class="battle-history"><small>(Constabull was created by inkbug!)</small><br></div><div class="battle-history">[Constabull's Intimidate]<br></div><div class="battle-history"><small>The opposing Curski's Attack fell!</small><br></div><div class="spacer battle-history"><br></div><div class="battle-history">The opposing Curski used <strong>Baddy Bad</strong>!<br></div><div class="battle-history"><small>It's not very effective...</small><br></div><div class="battle-history"><small>(Constabull lost 20% of its health!)</small><br></div><div class="battle-history"><small>Reflect made the opposing team stronger against physical moves!</small><br></div><div class="spacer battle-history"><br></div><div class="battle-history"><small>(The sunlight is strong.)</small><br></div><div class="spacer battle-history"><br></div><h2 class="battle-history">Turn 2</h2><div class="spacer battle-history"><br></div><div class="battle-history">regic boat withdrew Curski!<br></div><div class="battle-history">regic boat sent out <strong>Gardevoir</strong>!<br></div><div class="battle-history">[The opposing Gardevoir's Trace]<br>[The opposing Gardevoir's Intimidate]<br><small>The opposing Gardevoir traced Constabull's Intimidate!</small><br></div><div class="battle-history">[The opposing Gardevoir's Intimidate]<br></div><div class="battle-history"><small>Constabull's Attack fell!</small><br></div><div class="spacer battle-history"><br></div><div class="battle-history">Constabull used <strong>Overheat</strong>!<br></div><div class="battle-history"><small>(The opposing Gardevoir lost 43% of its health!)</small><br></div><div class="battle-history"><small>Constabull's Sp. Atk fell harshly!</small><br></div><div class="spacer battle-history"><br></div><div class="battle-history"><small>(The sunlight is strong.)</small><br></div><div class="spacer battle-history"><br></div><h2 class="battle-history">Turn 3</h2><div class="spacer battle-history"><br></div><div class="battle-history">The opposing Gardevoir used <strong>Moonblast</strong>!<br></div><div class="battle-history"><small>(Constabull lost 34% of its health!)</small><br></div><div class="spacer battle-history"><br></div><div class="battle-history">Constabull used <strong>Play Rough</strong>!<br></div><div class="battle-history"><small>(The opposing Gardevoir lost 32% of its health!)</small><br></div><div class="spacer battle-history"><br></div><div class="battle-history"><small>(The sunlight is strong.)</small><br></div><div class="spacer battle-history"><br></div><h2 class="battle-history">Turn 4</h2><div class="chat"><small> justletmeplaythx joined</small></div><div class="spacer battle-history"><br></div><div class="battle-history">The opposing Gardevoir used <strong>Moonblast</strong>!<br></div><div class="battle-history"><small>(Constabull lost 33% of its health!)</small><br></div><div class="spacer battle-history"><br></div><div class="battle-history">Constabull used <strong>Play Rough</strong>!<br></div><div class="battle-history"><small>(The opposing Gardevoir lost 25% of its health!)</small><br></div><div class="spacer battle-history"><br></div><div class="battle-history">The opposing Gardevoir fainted!<br></div><div class="spacer battle-history"><br></div><div class="battle-history"><small>(The sunlight is strong.)</small><br></div><div class="spacer battle-history"><br></div><div class="battle-history">regic boat sent out <strong>Pollugonal</strong>!<br></div><div class="chat"><ul class="utilichart"><li class="result"><span class="col pokemonnamecol" style="white-space: nowrap">Pollugonal</span> <span class="col typecol"><img src="https://dragonheaven.herokuapp.com/sprites/types/Ice.png" alt="Ice" height="14" width="32"><img src="https://dragonheaven.herokuapp.com/sprites/types/Poison.png" alt="Poison" height="14" width="32"></span> <span style="float: left ; min-height: 26px"><span class="col abilitycol">Levitate</span><span class="col abilitycol"></span></span></li><li style="clear: both"></li></ul></div><div class="chat"><ul class="utilichart"><li class="result"><span style="float: left ; min-height: 26px"><span class="col statcol"><em>HP</em><br>90</span> <span class="col statcol"><em>Atk</em><br>50</span> <span class="col statcol"><em>Def</em><br>50</span> <span class="col statcol"><em>SpA</em><br>95</span> <span class="col statcol"><em>SpD</em><br>140</span> <span class="col statcol"><em>Spe</em><br>105</span> </span></li><li style="clear: both"></li></ul></div><div class="battle-history"><small>(Pollugonal was created by Magmajudis!)</small><br></div><div class="spacer battle-history"><br></div><h2 class="battle-history">Turn 5</h2><div class="spacer battle-history"><br></div><div class="battle-history">The opposing Pollugonal used <strong>Sludge Bomb</strong>!<br></div><div class="battle-history"><small>It's super effective!</small><br></div><div class="battle-history"><small>(Constabull lost 13% of its health!)</small><br></div><div class="spacer battle-history"><br></div><div class="battle-history">Constabull fainted!<br></div><div class="spacer battle-history"><br></div><div class="battle-history"><small>(The sunlight is strong.)</small><br></div><div class="battle-history"><small>The opposing team's Reflect wore off!</small><br></div><div class="spacer battle-history"><br></div><div class="battle-history">Go! <strong>Aleon</strong>!<br></div><div class="chat"><ul class="utilichart"><li class="result"><span class="col pokemonnamecol" style="white-space: nowrap">Aleon</span> <span class="col typecol"><img src="https://dragonheaven.herokuapp.com/sprites/types/Normal.png" alt="Normal" height="14" width="32"></span> <span style="float: left ; min-height: 26px"><span class="col abilitycol">Adaptability / Normalize / Beast Boost</span><span class="col abilitycol"></span></span></li><li style="clear: both"></li></ul></div><div class="chat"><ul class="utilichart"><li class="result"><span style="float: left ; min-height: 26px"><span class="col statcol"><em>HP</em><br>103</span> <span class="col statcol"><em>Atk</em><br>79</span> <span class="col statcol"><em>Def</em><br>53</span> <span class="col statcol"><em>SpA</em><br>89</span> <span class="col statcol"><em>SpD</em><br>67</span> <span class="col statcol"><em>Spe</em><br>134</span> </span></li><li style="clear: both"></li></ul></div><div class="battle-history"><small>(Aleon was created by inkbug!)</small><br></div><div class="spacer battle-history"><br></div><h2 class="battle-history">Turn 6</h2><div class="spacer battle-history"><br></div><div class="battle-history">Aleon used <strong>Weather Ball</strong>!<br></div><div class="battle-history"><small>It's super effective!</small><br></div><div class="battle-history"><small>(The opposing Pollugonal lost 89% of its health!)</small><br></div><div class="battle-history"><small>Aleon lost some of its HP!</small><br></div><div class="spacer battle-history"><br></div><div class="battle-history">The opposing Pollugonal used <strong>Sludge Bomb</strong>!<br></div><div class="battle-history"><small>(Aleon lost 52% of its health!)</small><br></div><div class="spacer battle-history"><br></div><div class="battle-history"><small>(The sunlight is strong.)</small><br></div><div class="spacer battle-history"><br></div><h2 class="battle-history">Turn 7</h2><div class="spacer battle-history"><br></div><div class="battle-history">Aleon used <strong>Weather Ball</strong>!<br></div><div class="battle-history"><small>It's super effective!</small><br></div><div class="battle-history"><small>(The opposing Pollugonal lost 11% of its health!)</small><br></div><div class="battle-history"><small>Aleon lost some of its HP!</small><br></div><div class="spacer battle-history"><br></div><div class="battle-history">The opposing Pollugonal fainted!<br></div><div class="spacer battle-history"><br></div><div class="battle-history"><small>(The sunlight is strong.)</small><br></div><div class="spacer battle-history"><br></div><div class="battle-history">regic boat sent out <strong>Curski</strong>!<br></div><div class="battle-history">[The opposing Curski's Dark Aura]<br><small>The opposing Curski is radiating a dark aura!</small><br></div><div class="spacer battle-history"><br></div><h2 class="battle-history">Turn 8</h2><div class="spacer battle-history"><br></div><div class="battle-history">The opposing Curski used <strong>Sucker Punch</strong>!<br></div><div class="battle-history"><small>(Aleon lost 29% of its health!)</small><br></div><div class="spacer battle-history"><br></div><div class="battle-history">Aleon fainted!<br></div><div class="spacer battle-history"><br></div><div class="battle-history"><small>The harsh sunlight faded.</small><br></div><div class="spacer battle-history"><br></div><div class="battle-history">Go! Reuniclus (<strong>Reuniclus-Neural</strong>)!<br></div><div class="chat"><ul class="utilichart"><li class="result"><span class="col pokemonnamecol" style="white-space: nowrap">Reuniclus-Neural</span> <span class="col typecol"><img src="https://dragonheaven.herokuapp.com/sprites/types/Fighting.png" alt="Fighting" height="14" width="32"></span> <span style="float: left ; min-height: 26px"><span class="col abilitycol">Overcoat / Electric Surge / Regenerator</span><span class="col abilitycol"></span></span></li><li style="clear: both"></li></ul></div><div class="chat"><ul class="utilichart"><li class="result"><span style="float: left ; min-height: 26px"><span class="col statcol"><em>HP</em><br>110</span> <span class="col statcol"><em>Atk</em><br>125</span> <span class="col statcol"><em>Def</em><br>65</span> <span class="col statcol"><em>SpA</em><br>65</span> <span class="col statcol"><em>SpD</em><br>85</span> <span class="col statcol"><em>Spe</em><br>40</span> </span></li><li style="clear: both"></li></ul></div><div class="battle-history"><small>(Reuniclus-Neural was created by ausma!)</small><br></div><div class="battle-history">[Reuniclus's Electric Surge]<br><small>An electric current ran across the battlefield!</small><br></div><div class="battle-history"><small>(Reuniclus used its Electric Seed!)</small><br></div><div class="battle-history"><small>The Electric Seed raised Reuniclus's Defense!</small><br></div><div class="spacer battle-history"><br></div><h2 class="battle-history">Turn 9</h2><div class="spacer battle-history"><br></div><div class="battle-history">regic boat withdrew Curski!<br></div><div class="battle-history">regic boat sent out Mantine (<strong>Mantine-Variant</strong>)!<br></div><div class="chat"><ul class="utilichart"><li class="result"><span class="col pokemonnamecol" style="white-space: nowrap">Mantine-Variant</span> <span class="col typecol"><img src="https://dragonheaven.herokuapp.com/sprites/types/Fire.png" alt="Fire" height="14" width="32"></span> <span style="float: left ; min-height: 26px"><span class="col abilitycol">Cloud Nine / Levitate / Flame Body</span><span class="col abilitycol"></span></span></li><li style="clear: both"></li></ul></div><div class="chat"><ul class="utilichart"><li class="result"><span style="float: left ; min-height: 26px"><span class="col statcol"><em>HP</em><br>85</span> <span class="col statcol"><em>Atk</em><br>40</span> <span class="col statcol"><em>Def</em><br>70</span> <span class="col statcol"><em>SpA</em><br>70</span> <span class="col statcol"><em>SpD</em><br>140</span> <span class="col statcol"><em>Spe</em><br>80</span> </span></li><li style="clear: both"></li></ul></div><div class="battle-history"><small>(Mantine-Variant was created by Violet!)</small><br></div><div class="spacer battle-history"><br></div><div class="battle-history">Reuniclus used <strong>Axon Rush</strong>!<br></div><div class="battle-history"><small>Reuniclus's Attack rose!</small><br></div><div class="battle-history"><small>Reuniclus's Defense rose!</small><br></div><div class="battle-history"><small>Reuniclus's Speed rose!</small><br></div><div class="spacer battle-history"><br></div><h2 class="battle-history">Turn 10</h2><div class="chat"><small>justletmeplaythx left</small></div><div class="spacer battle-history"><br></div><div class="battle-history">Reuniclus used <strong>Axon Rush</strong>!<br></div><div class="battle-history"><small>Reuniclus's Attack rose!</small><br></div><div class="battle-history"><small>Reuniclus's Defense rose!</small><br></div><div class="battle-history"><small>Reuniclus's Speed rose!</small><br></div><div class="spacer battle-history"><br></div><div class="battle-history">The opposing Mantine used <strong>Will-O-Wisp</strong>!<br></div><div class="battle-history"><small>Reuniclus was burned!</small><br></div><div class="spacer battle-history"><br></div><div class="battle-history"><small>Reuniclus was hurt by its burn!</small><br></div><div class="spacer battle-history"><br></div><h2 class="battle-history">Turn 11</h2><div class="spacer battle-history"><br></div><div class="battle-history">Reuniclus used <strong>Axon Rush</strong>!<br></div><div class="battle-history"><small>Reuniclus's Attack rose!</small><br></div><div class="battle-history"><small>Reuniclus's Defense rose!</small><br></div><div class="battle-history"><small>Reuniclus's Speed rose!</small><br></div><div class="spacer battle-history"><br></div><div class="battle-history">The opposing Mantine used <strong>Flamethrower</strong>!<br></div><div class="battle-history"><small>(Reuniclus lost 26% of its health!)</small><br></div><div class="spacer battle-history"><br></div><div class="battle-history"><small>Reuniclus was hurt by its burn!</small><br></div><div class="spacer battle-history"><br></div><h2 class="battle-history">Turn 12</h2><div class="spacer battle-history"><br></div><div class="battle-history">Reuniclus used <strong>Axon Rush</strong>!<br></div><div class="battle-history"><small>Reuniclus's Attack rose!</small><br></div><div class="battle-history"><small>Reuniclus's Defense rose!</small><br></div><div class="battle-history"><small>Reuniclus's Speed rose!</small><br></div><div class="spacer battle-history"><br></div><div class="battle-history">The opposing Mantine used <strong>Flamethrower</strong>!<br></div><div class="battle-history"><small>(Reuniclus lost 28% of its health!)</small><br></div><div class="spacer battle-history"><br></div><div class="battle-history"><small>Reuniclus was hurt by its burn!</small><br></div><div class="spacer battle-history"><br></div><h2 class="battle-history">Turn 13</h2><div class="spacer battle-history"><br></div><div class="battle-history">Reuniclus used <strong>Recover</strong>!<br></div><div class="battle-history"><small>Reuniclus had its HP restored.</small><br></div><div class="spacer battle-history"><br></div><div class="battle-history">The opposing Mantine used <strong>Flamethrower</strong>!<br></div><div class="battle-history"><small>(Reuniclus lost 27% of its health!)</small><br></div><div class="spacer battle-history"><br></div><div class="battle-history"><small>Reuniclus was hurt by its burn!</small><br></div><div class="battle-history"><small>The electricity disappeared from the battlefield.</small><br></div><div class="spacer battle-history"><br></div><h2 class="battle-history">Turn 14</h2><div class="spacer battle-history"><br></div><div class="battle-history">Reuniclus used <strong>Recover</strong>!<br></div><div class="battle-history"><small>Reuniclus had its HP restored.</small><br></div><div class="spacer battle-history"><br></div><div class="battle-history">The opposing Mantine used <strong>Flamethrower</strong>!<br></div><div class="battle-history"><small>(Reuniclus lost 26% of its health!)</small><br></div><div class="spacer battle-history"><br></div><div class="battle-history"><small>Reuniclus was hurt by its burn!</small><br></div><div class="spacer battle-history"><br></div><h2 class="battle-history">Turn 15</h2><div class="spacer battle-history"><br></div><div class="battle-history">Reuniclus used <strong>Drain Punch</strong>!<br></div><div class="battle-history"><small>(The opposing Mantine lost 73% of its health!)</small><br></div><div class="battle-history"><small>The opposing Mantine had its energy drained!</small><br></div><div class="spacer battle-history"><br></div><div class="battle-history">The opposing Mantine used <strong>Flamethrower</strong>!<br></div><div class="battle-history"><small>(Reuniclus lost 25% of its health!)</small><br></div><div class="spacer battle-history"><br></div><div class="battle-history"><small>Reuniclus was hurt by its burn!</small><br></div><div class="spacer battle-history"><br></div><h2 class="battle-history">Turn 16</h2><div class="chat"><small>+moretto joined</small></div><div class="spacer battle-history"><br></div><div class="battle-history">Reuniclus used <strong>Drain Punch</strong>!<br></div><div class="battle-history"><small>(The opposing Mantine lost 27% of its health!)</small><br></div><div class="battle-history"><small>The opposing Mantine had its energy drained!</small><br></div><div class="spacer battle-history"><br></div><div class="battle-history">The opposing Mantine fainted!<br></div><div class="spacer battle-history"><br></div><div class="battle-history"><small>Reuniclus was hurt by its burn!</small><br></div><div class="spacer battle-history"><br></div><div class="battle-history">regic boat sent out <strong>Curski</strong>!<br></div><div class="battle-history">[The opposing Curski's Dark Aura]<br><small>The opposing Curski is radiating a dark aura!</small><br></div><div class="spacer battle-history"><br></div><h2 class="battle-history">Turn 17</h2><div class="spacer battle-history"><br></div><div class="battle-history">Reuniclus used <strong>Drain Punch</strong>!<br></div><div class="battle-history"><small>It's super effective!</small><br></div><div class="battle-history"><small>(The opposing Curski lost 100% of its health!)</small><br></div><div class="battle-history"><small>The opposing Curski had its energy drained!</small><br></div><div class="spacer battle-history"><br></div><div class="battle-history">The opposing Curski fainted!<br></div><div class="spacer battle-history"><br></div><div class="battle-history"><small>Reuniclus was hurt by its burn!</small><br></div><div class="spacer battle-history"><br></div><div class="battle-history">regic boat sent out Lycanroc (<strong>Lycanroc-Arctara</strong>)!<br></div><div class="chat"><ul class="utilichart"><li class="result"><span class="col pokemonnamecol" style="white-space: nowrap">Lycanroc-Arctara</span> <span class="col typecol"><img src="https://dragonheaven.herokuapp.com/sprites/types/Rock.png" alt="Rock" height="14" width="32"><img src="https://dragonheaven.herokuapp.com/sprites/types/Ice.png" alt="Ice" height="14" width="32"></span> <span style="float: left ; min-height: 26px"><span class="col abilitycol">Fur Coat / Tough Claws / Sand Rush</span><span class="col abilitycol"></span></span></li><li style="clear: both"></li></ul></div><div class="chat"><ul class="utilichart"><li class="result"><span style="float: left ; min-height: 26px"><span class="col statcol"><em>HP</em><br>95</span> <span class="col statcol"><em>Atk</em><br>70</span> <span class="col statcol"><em>Def</em><br>80</span> <span class="col statcol"><em>SpA</em><br>55</span> <span class="col statcol"><em>SpD</em><br>120</span> <span class="col statcol"><em>Spe</em><br>67</span> </span></li><li style="clear: both"></li></ul></div><div class="battle-history"><small>(Lycanroc-Arctara was created by KeroseneZanchu!)</small><br></div><div class="spacer battle-history"><br></div><h2 class="battle-history">Turn 18</h2><div class="spacer battle-history"><br></div><div class="battle-history">Reuniclus used <strong>Drain Punch</strong>!<br></div><div class="battle-history"><small>It's super effective!</small><br></div><div class="battle-history"><small>(The opposing Lycanroc lost 91% of its health!)</small><br></div><div class="battle-history"><small>The opposing Lycanroc had its energy drained!</small><br></div><div class="spacer battle-history"><br></div><div class="battle-history">The opposing Lycanroc used <strong>Triple Axel</strong>!<br></div><div class="battle-history"><small>(Reuniclus lost 2% of its health!)</small><br></div><div class="battle-history"><small>The Pokémon was hit 1 time!</small><br></div><div class="spacer battle-history"><br></div><div class="battle-history"><small>The opposing Lycanroc restored a little HP using its Leftovers!</small><br></div><div class="battle-history"><small>Reuniclus was hurt by its burn!</small><br></div><div class="spacer battle-history"><br></div><h2 class="battle-history">Turn 19</h2><div class="spacer battle-history"><br></div><div class="battle-history">Reuniclus used <strong>Drain Punch</strong>!<br></div><div class="battle-history"><small>It's super effective!</small><br></div><div class="battle-history"><small>(The opposing Lycanroc lost 15% of its health!)</small><br></div><div class="battle-history"><small>The opposing Lycanroc had its energy drained!</small><br></div><div class="spacer battle-history"><br></div><div class="battle-history">The opposing Lycanroc fainted!<br></div><div class="spacer battle-history"><br></div><div class="battle-history"><small>Reuniclus was hurt by its burn!</small><br></div><div class="spacer battle-history"><br></div><div class="battle-history">regic boat sent out <strong>Scrafty</strong>!<br></div><div class="battle-history">[The opposing Scrafty's Intimidate]<br></div><div class="battle-history"><small>Reuniclus's Attack fell!</small><br></div><div class="spacer battle-history"><br></div><h2 class="battle-history">Turn 20</h2><div class="spacer battle-history"><br></div><div class="battle-history">The opposing Scrafty used <strong>Fake Out</strong>!<br></div><div class="battle-history"><small>(Reuniclus lost 4% of its health!)</small><br></div><div class="spacer battle-history"><br></div><div class="battle-history">Reuniclus flinched and couldn't move!<br></div><div class="spacer battle-history"><br></div><div class="battle-history"><small>Reuniclus was hurt by its burn!</small><br></div><div class="spacer battle-history"><br></div><h2 class="battle-history">Turn 21</h2><div class="spacer battle-history"><br></div><div class="battle-history">Reuniclus used <strong>Drain Punch</strong>!<br></div><div class="battle-history"><small>It's super effective!</small><br></div><div class="battle-history"><small>(The opposing Scrafty lost 63% of its health!)</small><br></div><div class="battle-history"><small>The opposing Scrafty had its energy drained!</small><br></div><div class="spacer battle-history"><br></div><div class="battle-history">The opposing Scrafty used <strong>Super Fang</strong>!<br></div><div class="battle-history"><small>(Reuniclus lost 49% of its health!)</small><br></div><div class="spacer battle-history"><br></div><div class="battle-history"><small>Reuniclus was hurt by its burn!</small><br></div><div class="spacer battle-history"><br></div><h2 class="battle-history">Turn 22</h2><div class="chat chatmessage-regicboat"><strong style="color:#7732e7"><small>☆</small><span class="username" data-name="regic boat">regic boat</span>:</strong> <em>gg</em></div><div class="spacer battle-history"><br></div><div class="battle-history">Reuniclus used <strong>Drain Punch</strong>!<br></div><div class="battle-history"><small>It's super effective!</small><br></div><div class="battle-history"><small>(The opposing Scrafty lost 37% of its health!)</small><br></div><div class="battle-history"><small>The opposing Scrafty had its energy drained!</small><br></div><div class="spacer battle-history"><br></div><div class="battle-history">The opposing Scrafty fainted!<br></div><div class="spacer battle-history"><br></div><div class="battle-history"><strong>abismal</strong> won the battle!<br></div><div class="chat chatmessage-abismal"><strong style="color:#68a730"><small>☆</small><span class="username" data-name="abismal">abismal</span>:</strong> <em>gg</em></div><div class="chat"><small>☆regic boat left</small></div></div><div class="inner-preempt message-log"></div></div></div>
</div>
<script>
let daily = Math.floor(Date.now()/1000/60/60/24);document.write('<script src="https://dragonheaven.herokuapp.com/js/replay-embed.js?version'+daily+'"></'+'script>');
</script>
