<!DOCTYPE html>
<meta charset="utf-8" />
<!-- version 1 -->
<title>[Gen 8] Evolution Project replay: inkbug1 vs. god of joe</title>
<style>
html,body {font-family:Verdana, sans-serif;font-size:10pt;margin:0;padding:0;}body{padding:12px 0;} .battle-log {font-family:Verdana, sans-serif;font-size:10pt;} .battle-log-inline {border:1px solid #AAAAAA;background:#EEF2F5;color:black;max-width:640px;margin:0 auto 80px;padding-bottom:5px;} .battle-log .inner {padding:4px 8px 0px 8px;} .battle-log .inner-preempt {padding:0 8px 4px 8px;} .battle-log .inner-after {margin-top:0.5em;} .battle-log h2 {margin:0.5em -8px;padding:4px 8px;border:1px solid #AAAAAA;background:#E0E7EA;border-left:0;border-right:0;font-family:Verdana, sans-serif;font-size:13pt;} .battle-log .chat {vertical-align:middle;padding:3px 0 3px 0;font-size:8pt;} .battle-log .chat strong {color:#40576A;} .battle-log .chat em {padding:1px 4px 1px 3px;color:#000000;font-style:normal;} .chat.mine {background:rgba(0,0,0,0.05);margin-left:-8px;margin-right:-8px;padding-left:8px;padding-right:8px;} .spoiler {color:#BBBBBB;background:#BBBBBB;padding:0px 3px;} .spoiler:hover, .spoiler:active, .spoiler-shown {color:#000000;background:#E2E2E2;padding:0px 3px;} .spoiler a {color:#BBBBBB;} .spoiler:hover a, .spoiler:active a, .spoiler-shown a {color:#2288CC;} .chat code, .chat .spoiler:hover code, .chat .spoiler:active code, .chat .spoiler-shown code {border:1px solid #C0C0C0;background:#EEEEEE;color:black;padding:0 2px;} .chat .spoiler code {border:1px solid #CCCCCC;background:#CCCCCC;color:#CCCCCC;} .battle-log .rated {padding:3px 4px;} .battle-log .rated strong {color:white;background:#89A;padding:1px 4px;border-radius:4px;} .spacer {margin-top:0.5em;} .message-announce {background:#6688AA;color:white;padding:1px 4px 2px;} .message-announce a, .broadcast-green a, .broadcast-blue a, .broadcast-red a {color:#DDEEFF;} .broadcast-green {background-color:#559955;color:white;padding:2px 4px;} .broadcast-blue {background-color:#6688AA;color:white;padding:2px 4px;} .infobox {border:1px solid #6688AA;padding:2px 4px;} .infobox-limited {max-height:200px;overflow:auto;overflow-x:hidden;} .broadcast-red {background-color:#AA5544;color:white;padding:2px 4px;} .message-learn-canlearn {font-weight:bold;color:#228822;text-decoration:underline;} .message-learn-cannotlearn {font-weight:bold;color:#CC2222;text-decoration:underline;} .message-effect-weak {font-weight:bold;color:#CC2222;} .message-effect-resist {font-weight:bold;color:#6688AA;} .message-effect-immune {font-weight:bold;color:#666666;} .message-learn-list {margin-top:0;margin-bottom:0;} .message-throttle-notice, .message-error {color:#992222;} .message-overflow, .chat small.message-overflow {font-size:0pt;} .message-overflow::before {font-size:9pt;content:'...';} .subtle {color:#3A4A66;}
</style>
<div class="wrapper replay-wrapper" style="max-width:1180px;margin:0 auto">
<input type="hidden" name="replayid" value="dragonheaven-gen8evolutionproject-70" />
<div class="battle"></div><div class="battle-log"></div><div class="replay-controls"></div><div class="replay-controls-2"></div>
<h1 style="font-weight:normal;text-align:center"><strong>[Gen 8] Evolution Project</strong><br /><a href="http://pokemonshowdown.com/users/inkbug1" class="subtle" target="_blank">inkbug1</a> vs. <a href="http://pokemonshowdown.com/users/godofjoe" class="subtle" target="_blank">god of joe</a></h1>
<script type="text/plain" class="battle-log-data">|j|☆inkbug1

|j|☆god of joe
|t:|1657760843
|player|p1|inkbug1|emmet|
|player|p2|god of joe|caitlin|
|teamsize|p1|6
|teamsize|p2|6
|gametype|singles
|gen|8
|tier|[Gen 8] Evolution Project
|clearpoke
|poke|p1|Aleon, M|
|poke|p1|Gigalith-Kalos, F|
|poke|p1|Tsareena, F|
|poke|p1|Naganadel-Terrestrial, M|
|poke|p1|Tenoris, F|
|poke|p1|Drifblim-Variant, M|
|poke|p2|Klefki-Galar, M|
|poke|p2|Playdol, F|
|poke|p2|Michu, F|
|poke|p2|Gallade, M|
|poke|p2|Voltangent, F|
|poke|p2|Dewgong-Variant, M|
|rule|HP Percentage Mod: HP is shown in percentages
|rule|Endless Battle Clause: Forcing endless battles is banned
|rule|OHKO Clause: OHKO moves are banned
|rule|Evasion Moves Clause: Evasion moves are banned
|rule|Species Clause: Limit one of each Pokémon
|rule|Dynamax Clause: You cannot dynamax
|rule|Sleep Clause Mod: Limit one foe put to sleep
|rule|Z-Move Clause: Type-based Z-Moves are banned
|teampreview
|j|+H2OPulse
|c|☆inkbug1|fear 
|c|+H2OPulse|BABY
|c|+H2OPulse|ahem--
|c|☆god of joe|im a simple woman 
|c|+H2OPulse|Good luck and have fun both!!!!
|c|☆god of joe|i see gigalith and aleon on the same team
|c|☆god of joe|and i am terrified 
|c|+H2OPulse|Mmsfjf
|c|☆inkbug1|their color shcmees go so well together............ they are best friends
|c|+H2OPulse|This team is SO FUN I am obsessed
|c|☆god of joe|for real i love them
|
|t:|1657760891
|start
|switch|p1a: Carpenter|Naganadel-Terrestrial, M|287\/287
|switch|p2a: Gallade|Gallade, M|100\/100
|-start|p1a: Carpenter|typechange|Bug\/Dragon|[silent]
|raw|<ul class="utilichart"><li class="result"><span class="col pokemonnamecol" style="white-space: nowrap">Naganadel-Terrestrial<\/span> <span class="col typecol"><img src="https:\/\/dragonheaven.herokuapp.com\/sprites\/types\/Bug.png" alt="Bug" height="14" width="32"><img src="https:\/\/dragonheaven.herokuapp.com\/sprites\/types\/Dragon.png" alt="Dragon" height="14" width="32"><\/span> <span style="float: left ; min-height: 26px"><span class="col abilitycol">Regenerator \/ Beast Boost<\/span><span class="col abilitycol"><\/span><\/span><\/li><li style="clear: both"><\/li><\/ul>
|raw|<ul class="utilichart"><li class="result"><span style="float: left ; min-height: 26px"><span class="col statcol"><em>HP<\/em><br>73<\/span> <span class="col statcol"><em>Atk<\/em><br>127<\/span> <span class="col statcol"><em>Def<\/em><br>73<\/span> <span class="col statcol"><em>SpA<\/em><br>127<\/span> <span class="col statcol"><em>SpD<\/em><br>73<\/span> <span class="col statcol"><em>Spe<\/em><br>67<\/span> <\/span><\/li><li style="clear: both"><\/li><\/ul>
|-hint|Naganadel-Terrestrial was created by KeroseneZanchu!
|turn|1
|c|☆inkbug1|this team is like, bad, but its decidedly one of my favorite things ive built in a hot minute
|l|+H2OPulse
|
|t:|1657760934
|move|p2a: Gallade|Knock Off|p1a: Carpenter
|-damage|p1a: Carpenter|102\/287
|-enditem|p1a: Carpenter|Heavy-Duty Boots|[from] move: Knock Off|[of] p2a: Gallade
|-damage|p2a: Gallade|91\/100|[from] item: Life Orb
|move|p1a: Carpenter|Draco Meteor|p2a: Gallade
|-damage|p2a: Gallade|32\/100
|-unboost|p1a: Carpenter|spa|2
|
|upkeep
|turn|2
|c|☆god of joe|ow :( 
|c|☆inkbug1|h r m m 
|c|☆inkbug1|none of my options are very good here--
|j|+H2OPulse
|c|☆god of joe|gallade is a terror.
|c|☆god of joe|love he
|
|t:|1657761001
|switch|p1a: Eloise|Tsareena, F|348\/348
|move|p2a: Gallade|Knock Off|p1a: Eloise
|-damage|p1a: Eloise|209\/348
|-enditem|p1a: Eloise|Assault Vest|[from] move: Knock Off|[of] p2a: Gallade
|-damage|p2a: Gallade|22\/100|[from] item: Life Orb
|
|upkeep
|turn|3
|
|t:|1657761015
|move|p2a: Gallade|Close Combat|p1a: Eloise
|-damage|p1a: Eloise|0 fnt
|-unboost|p2a: Gallade|def|1
|-unboost|p2a: Gallade|spd|1
|-damage|p2a: Gallade|12\/100|[from] item: Life Orb
|faint|p1a: Eloise
|
|upkeep
|c|☆inkbug1|ow
|
|t:|1657761025
|switch|p1a: Trace|Aleon, M|409\/409
|-start|p1a: Trace|typechange|Normal|[silent]
|raw|<ul class="utilichart"><li class="result"><span class="col pokemonnamecol" style="white-space: nowrap">Aleon<\/span> <span class="col typecol"><img src="https:\/\/dragonheaven.herokuapp.com\/sprites\/types\/Normal.png" alt="Normal" height="14" width="32"><\/span> <span style="float: left ; min-height: 26px"><span class="col abilitycol">Adaptability \/ Normalize \/ Beast Boost<\/span><span class="col abilitycol"><\/span><\/span><\/li><li style="clear: both"><\/li><\/ul>
|raw|<ul class="utilichart"><li class="result"><span style="float: left ; min-height: 26px"><span class="col statcol"><em>HP<\/em><br>103<\/span> <span class="col statcol"><em>Atk<\/em><br>79<\/span> <span class="col statcol"><em>Def<\/em><br>53<\/span> <span class="col statcol"><em>SpA<\/em><br>89<\/span> <span class="col statcol"><em>SpD<\/em><br>67<\/span> <span class="col statcol"><em>Spe<\/em><br>134<\/span> <\/span><\/li><li style="clear: both"><\/li><\/ul>
|-hint|Aleon was created by inkbug!
|turn|4
|
|t:|1657761032
|switch|p2a: Playdol|Playdol, F|100\/100
|-start|p2a: Playdol|typechange|Normal\/Ghost|[silent]
|raw|<ul class="utilichart"><li class="result"><span class="col pokemonnamecol" style="white-space: nowrap">Playdol<\/span> <span class="col typecol"><img src="https:\/\/dragonheaven.herokuapp.com\/sprites\/types\/Normal.png" alt="Normal" height="14" width="32"><img src="https:\/\/dragonheaven.herokuapp.com\/sprites\/types\/Ghost.png" alt="Ghost" height="14" width="32"><\/span> <span style="float: left ; min-height: 26px"><span class="col abilitycol">Telepathy \/ Anticipation<\/span><span class="col abilitycol"><\/span><\/span><\/li><li style="clear: both"><\/li><\/ul>
|raw|<ul class="utilichart"><li class="result"><span style="float: left ; min-height: 26px"><span class="col statcol"><em>HP<\/em><br>60<\/span> <span class="col statcol"><em>Atk<\/em><br>85<\/span> <span class="col statcol"><em>Def<\/em><br>90<\/span> <span class="col statcol"><em>SpA<\/em><br>85<\/span> <span class="col statcol"><em>SpD<\/em><br>105<\/span> <span class="col statcol"><em>Spe<\/em><br>75<\/span> <\/span><\/li><li style="clear: both"><\/li><\/ul>
|-hint|Playdol was created by Violet!
|move|p1a: Trace|Volt Switch|p2a: Playdol
|-immune|p2a: Playdol
|
|upkeep
|turn|5
|c|☆inkbug1|yeah
|
|t:|1657761040
|switch|p1a: Sable|Gigalith-Kalos, F|374\/374
|-start|p1a: Sable|typechange|Rock\/Electric|[silent]
|raw|<ul class="utilichart"><li class="result"><span class="col pokemonnamecol" style="white-space: nowrap">Gigalith-Kalos<\/span> <span class="col typecol"><img src="https:\/\/dragonheaven.herokuapp.com\/sprites\/types\/Rock.png" alt="Rock" height="14" width="32"><img src="https:\/\/dragonheaven.herokuapp.com\/sprites\/types\/Electric.png" alt="Electric" height="14" width="32"><\/span> <span style="float: left ; min-height: 26px"><span class="col abilitycol">Sturdy \/ Drought \/ Solar Power<\/span><span class="col abilitycol"><\/span><\/span><\/li><li style="clear: both"><\/li><\/ul>
|raw|<ul class="utilichart"><li class="result"><span style="float: left ; min-height: 26px"><span class="col statcol"><em>HP<\/em><br>85<\/span> <span class="col statcol"><em>Atk<\/em><br>60<\/span> <span class="col statcol"><em>Def<\/em><br>130<\/span> <span class="col statcol"><em>SpA<\/em><br>135<\/span> <span class="col statcol"><em>SpD<\/em><br>80<\/span> <span class="col statcol"><em>Spe<\/em><br>25<\/span> <\/span><\/li><li style="clear: both"><\/li><\/ul>
|-hint|Gigalith-Kalos was created by Violet!
|-weather|SunnyDay|[from] ability: Drought|[of] p1a: Sable
|move|p2a: Playdol|Stealth Rock|p1a: Sable
|-sidestart|p1: inkbug1|move: Stealth Rock
|
|-weather|SunnyDay|[upkeep]
|upkeep
|turn|6
|c|☆inkbug1|well thats bad 
|c|☆inkbug1|uh 
|c|☆inkbug1|really bad 
|c|☆inkbug1|tht might end it right there
|
|t:|1657761094
|move|p1a: Sable|Solar Beam||[still]
|-prepare|p1a: Sable|Solar Beam
|-anim|p1a: Sable|Solar Beam|p2a: Playdol
|-damage|p2a: Playdol|39\/100
|move|p2a: Playdol|Teleport|p2a: Playdol
|
|t:|1657761101
|switch|p2a: Gallade|Gallade, M|12\/100|[from]move: Teleport
|
|-weather|SunnyDay|[upkeep]
|upkeep
|turn|7
|
|t:|1657761115
|switch|p1a: Carpenter|Naganadel-Terrestrial, M|197\/287
|-start|p1a: Carpenter|typechange|Bug\/Dragon|[silent]
|-damage|p1a: Carpenter|126\/287|[from] Stealth Rock
|move|p2a: Gallade|Close Combat|p1a: Carpenter
|-resisted|p1a: Carpenter
|-damage|p1a: Carpenter|0 fnt
|-unboost|p2a: Gallade|def|1
|-unboost|p2a: Gallade|spd|1
|-damage|p2a: Gallade|3\/100|[from] item: Life Orb
|faint|p1a: Carpenter
|
|-weather|SunnyDay|[upkeep]
|upkeep
|
|t:|1657761127
|switch|p1a: Trace|Aleon, M|409\/409
|-damage|p1a: Trace|358\/409|[from] Stealth Rock
|-start|p1a: Trace|typechange|Normal|[silent]
|turn|8
|c|☆god of joe|oh no
|
|t:|1657761134
|switch|p2a: Voltangent|Voltangent, F|100\/100
|-start|p2a: Voltangent|typechange|Electric\/Dragon|[silent]
|raw|<ul class="utilichart"><li class="result"><span class="col pokemonnamecol" style="white-space: nowrap">Voltangent<\/span> <span class="col typecol"><img src="https:\/\/dragonheaven.herokuapp.com\/sprites\/types\/Electric.png" alt="Electric" height="14" width="32"><img src="https:\/\/dragonheaven.herokuapp.com\/sprites\/types\/Dragon.png" alt="Dragon" height="14" width="32"><\/span> <span style="float: left ; min-height: 26px"><span class="col abilitycol">Regenerator \/ Minus<\/span><span class="col abilitycol"><\/span><\/span><\/li><li style="clear: both"><\/li><\/ul>
|raw|<ul class="utilichart"><li class="result"><span style="float: left ; min-height: 26px"><span class="col statcol"><em>HP<\/em><br>100<\/span> <span class="col statcol"><em>Atk<\/em><br>115<\/span> <span class="col statcol"><em>Def<\/em><br>85<\/span> <span class="col statcol"><em>SpA<\/em><br>75<\/span> <span class="col statcol"><em>SpD<\/em><br>90<\/span> <span class="col statcol"><em>Spe<\/em><br>45<\/span> <\/span><\/li><li style="clear: both"><\/li><\/ul>
|-hint|Voltangent was created by Paulluxx!
|move|p1a: Trace|Weather Ball|p2a: Voltangent
|-resisted|p2a: Voltangent
|-damage|p2a: Voltangent|90\/100
|
|-weather|SunnyDay|[upkeep]
|upkeep
|turn|9
|
|t:|1657761143
|move|p1a: Trace|Solar Beam||[still]
|-prepare|p1a: Trace|Solar Beam
|-anim|p1a: Trace|Solar Beam|p2a: Voltangent
|-damage|p2a: Voltangent|61\/100
|move|p2a: Voltangent|Light Screen|p2a: Voltangent
|-sidestart|p2: god of joe|move: Light Screen
|
|-weather|SunnyDay|[upkeep]
|upkeep
|turn|10
|
|t:|1657761154
|move|p1a: Trace|Wish|p1a: Trace
|move|p2a: Voltangent|Volt Switch|p1a: Trace
|-damage|p1a: Trace|265\/409
|
|t:|1657761156
|switch|p2a: Dewgong|Dewgong-Variant, M|100\/100|[from]move: Volt Switch
|-start|p2a: Dewgong|typechange|Normal|[silent]
|raw|<ul class="utilichart"><li class="result"><span class="col pokemonnamecol" style="white-space: nowrap">Dewgong-Variant<\/span> <span class="col typecol"><img src="https:\/\/dragonheaven.herokuapp.com\/sprites\/types\/Normal.png" alt="Normal" height="14" width="32"><\/span> <span style="float: left ; min-height: 26px"><span class="col abilitycol">Hydration \/ Adaptability \/ Thick Fat<\/span><span class="col abilitycol"><\/span><\/span><\/li><li style="clear: both"><\/li><\/ul>
|raw|<ul class="utilichart"><li class="result"><span style="float: left ; min-height: 26px"><span class="col statcol"><em>HP<\/em><br>90<\/span> <span class="col statcol"><em>Atk<\/em><br>50<\/span> <span class="col statcol"><em>Def<\/em><br>80<\/span> <span class="col statcol"><em>SpA<\/em><br>110<\/span> <span class="col statcol"><em>SpD<\/em><br>95<\/span> <span class="col statcol"><em>Spe<\/em><br>50<\/span> <\/span><\/li><li style="clear: both"><\/li><\/ul>
|-hint|Dewgong-Variant was created by Magmajudis!
|
|-weather|SunnyDay|[upkeep]
|upkeep
|turn|11
|c|+H2OPulse|:eyes:
|
|t:|1657761172
|move|p1a: Trace|Volt Switch|p2a: Dewgong
|-damage|p2a: Dewgong|91\/100
|
|t:|1657761176
|switch|p1a: Tomato|Drifblim-Variant, M|421\/421
|-damage|p1a: Tomato|211\/421|[from] Stealth Rock
|-start|p1a: Tomato|typechange|Fire\/Flying|[silent]
|raw|<ul class="utilichart"><li class="result"><span class="col pokemonnamecol" style="white-space: nowrap">Drifblim-Variant<\/span> <span class="col typecol"><img src="https:\/\/dragonheaven.herokuapp.com\/sprites\/types\/Fire.png" alt="Fire" height="14" width="32"><img src="https:\/\/dragonheaven.herokuapp.com\/sprites\/types\/Flying.png" alt="Flying" height="14" width="32"><\/span> <span style="float: left ; min-height: 26px"><span class="col abilitycol">Emergency Exit<\/span><span class="col abilitycol"><\/span><\/span><\/li><li style="clear: both"><\/li><\/ul>
|raw|<ul class="utilichart"><li class="result"><span style="float: left ; min-height: 26px"><span class="col statcol"><em>HP<\/em><br>140<\/span> <span class="col statcol"><em>Atk<\/em><br>70<\/span> <span class="col statcol"><em>Def<\/em><br>24<\/span> <span class="col statcol"><em>SpA<\/em><br>84<\/span> <span class="col statcol"><em>SpD<\/em><br>74<\/span> <span class="col statcol"><em>Spe<\/em><br>106<\/span> <\/span><\/li><li style="clear: both"><\/li><\/ul>
|-hint|Drifblim-Variant was created by inkbug!
|move|p2a: Dewgong|Stockpile|p2a: Dewgong
|-start|p2a: Dewgong|stockpile1
|-boost|p2a: Dewgong|def|1
|-boost|p2a: Dewgong|spd|1
|
|-weather|SunnyDay|[upkeep]
|-heal|p1a: Tomato|415\/421|[from] move: Wish|[wisher] Trace
|-heal|p2a: Dewgong|97\/100|[from] item: Leftovers
|upkeep
|turn|12
|
|t:|1657761188
|move|p1a: Tomato|Trick|p2a: Dewgong
|-activate|p1a: Tomato|move: Trick|[of] p2a: Dewgong
|-item|p2a: Dewgong|Choice Scarf|[from] move: Trick
|-item|p1a: Tomato|Leftovers|[from] move: Trick
|move|p2a: Dewgong|Stockpile|p2a: Dewgong
|-start|p2a: Dewgong|stockpile2
|-boost|p2a: Dewgong|def|1
|-boost|p2a: Dewgong|spd|1
|
|-weather|none
|-heal|p1a: Tomato|421\/421|[from] item: Leftovers
|upkeep
|turn|13
|c|☆god of joe|NOOOOOOOOOOOOOOOOOOOOOOOOOOOOOOO
|c|☆god of joe|ASKJEF;LKWJEFLK
|c|☆inkbug1|oh thank god
|c|+H2OPulse|AH
|c|+H2OPulse|KSHFJF
|c|☆god of joe|this thing with
|c|☆god of joe|a scarf
|c|☆god of joe|is so great
|c|+H2OPulse|I love Drifblim-V.......
|
|t:|1657761231
|switch|p2a: Voltangent|Voltangent, F|95\/100
|-start|p2a: Voltangent|typechange|Electric\/Dragon|[silent]
|move|p1a: Tomato|Strength Sap|p2a: Voltangent
|-unboost|p2a: Voltangent|atk|1
|
|upkeep
|turn|14
|
|t:|1657761240
|switch|p1a: Sable|Gigalith-Kalos, F|374\/374
|-damage|p1a: Sable|328\/374|[from] Stealth Rock
|-start|p1a: Sable|typechange|Rock\/Electric|[silent]
|-weather|SunnyDay|[from] ability: Drought|[of] p1a: Sable
|move|p2a: Voltangent|Volt Switch|p1a: Sable
|-resisted|p1a: Sable
|-damage|p1a: Sable|292\/374
|
|t:|1657761244
|switch|p2a: Michu|Michu, F|100\/100|[from]move: Volt Switch
|-start|p2a: Michu|typechange|Normal\/Fairy|[silent]
|raw|<ul class="utilichart"><li class="result"><span class="col pokemonnamecol" style="white-space: nowrap">Michu<\/span> <span class="col typecol"><img src="https:\/\/dragonheaven.herokuapp.com\/sprites\/types\/Normal.png" alt="Normal" height="14" width="32"><img src="https:\/\/dragonheaven.herokuapp.com\/sprites\/types\/Fairy.png" alt="Fairy" height="14" width="32"><\/span> <span style="float: left ; min-height: 26px"><span class="col abilitycol">Rattled<\/span><span class="col abilitycol"><\/span><\/span><\/li><li style="clear: both"><\/li><\/ul>
|raw|<ul class="utilichart"><li class="result"><span style="float: left ; min-height: 26px"><span class="col statcol"><em>HP<\/em><br>35<\/span> <span class="col statcol"><em>Atk<\/em><br>80<\/span> <span class="col statcol"><em>Def<\/em><br>60<\/span> <span class="col statcol"><em>SpA<\/em><br>30<\/span> <span class="col statcol"><em>SpD<\/em><br>95<\/span> <span class="col statcol"><em>Spe<\/em><br>101<\/span> <\/span><\/li><li style="clear: both"><\/li><\/ul>
|-hint|Michu was created by Hematite!
|
|-weather|SunnyDay|[upkeep]
|upkeep
|turn|15
|c|☆god of joe|:) baby
|c|+H2OPulse|BABY
|c|☆inkbug1|little creature 
|j|+regic boat
|
|t:|1657761284
|move|p2a: Michu|Swords Dance|p2a: Michu
|-boost|p2a: Michu|atk|2
|move|p1a: Sable|Solar Beam||[still]
|-prepare|p1a: Sable|Solar Beam
|-anim|p1a: Sable|Solar Beam|p2a: Michu
|-damage|p2a: Michu|77\/100
|
|-weather|SunnyDay|[upkeep]
|upkeep
|turn|16
|c|☆inkbug1|oh i dont like that
|c|☆inkbug1|oh screens still up 
|c|☆inkbug1|thank god
|
|t:|1657761316
|switch|p1a: Tomato|Drifblim-Variant, M|421\/421
|-damage|p1a: Tomato|211\/421|[from] Stealth Rock
|-start|p1a: Tomato|typechange|Fire\/Flying|[silent]
|move|p2a: Michu|Swords Dance|p2a: Michu
|-boost|p2a: Michu|atk|2
|
|-weather|SunnyDay|[upkeep]
|-heal|p1a: Tomato|237\/421|[from] item: Leftovers
|-sideend|p2: god of joe|move: Light Screen
|upkeep
|turn|17
|
|t:|1657761334
|move|p1a: Tomato|Strength Sap|p2a: Michu
|-unboost|p2a: Michu|atk|1
|-heal|p1a: Tomato|421\/421
|move|p2a: Michu|Pain Split|p1a: Tomato
|-sethp|p1a: Tomato|305\/421|[from] move: Pain Split|[silent]
|-sethp|p2a: Michu|100\/100|[from] move: Pain Split
|
|-weather|SunnyDay|[upkeep]
|-heal|p1a: Tomato|331\/421|[from] item: Leftovers
|upkeep
|turn|18
|
|t:|1657761344
|move|p1a: Tomato|Mind Blown|p2a: Michu
|-crit|p2a: Michu
|-damage|p2a: Michu|0 fnt
|-damage|p1a: Tomato|120\/421|[from] mindblown
|-activate|p1a: Tomato|ability: Emergency Exit
|faint|p2a: Michu
|c|☆inkbug1|WHGDKJFGHFKG<MDFn
|c|☆god of joe|I W A AN LKA;WJ FLKJA G
|c|+H2OPulse|AHSHDJFJF
|c|☆god of joe|wOULD I HAVE LIVED THAT
|c|☆god of joe|im eviolite
|c|☆inkbug1|i... whats your investment hold on
|c|+H2OPulse|I HAVE NO IDEA
|c|☆god of joe|144 hp
|c|+H2OPulse|to be fair it has 225 BP but--
|c|+H2OPulse|(in the sun)
|c|☆inkbug1|calc says guaranteed 2hko
|c|☆inkbug1|so 
|c|☆inkbug1|ngbdfhj
|c|☆god of joe|oh my god little baby would have chewed
|c|☆inkbug1|waui t
|l|+H2OPulse
|c|☆inkbug1|i forgot to put sun but its the same yeah
|c|☆inkbug1|252 SpA Drifblim-Variant Mind Blown vs. 144 HP \/ 0 SpD Eviolite Michu in Sun: 192-226 (77.7 - 91.4%) -- guaranteed 2HKO
|j|+H2OPulse
|c|+H2OPulse|sorryIdisconnected--
|c|+H2OPulse|Mmskdhfj
|c|☆inkbug1|you werent at full so maybe would have killed it would b a range
|c|+H2OPulse|She was at full from Pain Split!
|c|☆god of joe|i was at full 
|c|☆inkbug1|i thought 
|c|+H2OPulse|(It says it did 100%)
|c|☆god of joe|i Pain Splitted:tm:
|c|☆inkbug1|ok i must have misread 
|c|☆inkbug1|yeah i remembered that 
|
|t:|1657761512
|switch|p1a: Trace|Aleon, M|265\/409
|-damage|p1a: Trace|214\/409|[from] Stealth Rock
|-start|p1a: Trace|typechange|Normal|[silent]
|
|-weather|SunnyDay|[upkeep]
|upkeep
|c|☆god of joe|little michu chewing...
|c|+H2OPulse|That's so funny okay--
|c|+H2OPulse|I can't believe she could live
|c|☆god of joe|incredible
|c|☆god of joe|that's a sun and stab boosted 225 bp move 
|c|☆god of joe|oh wait uh
|c|☆god of joe|150 bp
|c|☆god of joe|same thing.
|c|+H2OPulse|yeah :'D
|
|t:|1657761542
|switch|p2a: Klefki|Klefki-Galar, M|100\/100
|-start|p2a: Klefki|typechange|Steel\/Dark|[silent]
|raw|<ul class="utilichart"><li class="result"><span class="col pokemonnamecol" style="white-space: nowrap">Klefki-Galar<\/span> <span class="col typecol"><img src="https:\/\/dragonheaven.herokuapp.com\/sprites\/types\/Steel.png" alt="Steel" height="14" width="32"><img src="https:\/\/dragonheaven.herokuapp.com\/sprites\/types\/Dark.png" alt="Dark" height="14" width="32"><\/span> <span style="float: left ; min-height: 26px"><span class="col abilitycol">Hunger Switch<\/span><span class="col abilitycol"><\/span><\/span><\/li><li style="clear: both"><\/li><\/ul>
|raw|<ul class="utilichart"><li class="result"><span style="float: left ; min-height: 26px"><span class="col statcol"><em>HP<\/em><br>57<\/span> <span class="col statcol"><em>Atk<\/em><br>60<\/span> <span class="col statcol"><em>Def<\/em><br>106<\/span> <span class="col statcol"><em>SpA<\/em><br>70<\/span> <span class="col statcol"><em>SpD<\/em><br>87<\/span> <span class="col statcol"><em>Spe<\/em><br>90<\/span> <\/span><\/li><li style="clear: both"><\/li><\/ul>
|-hint|Klefki-Galar was created by Albatross!
|turn|19
|
|t:|1657761547
|move|p1a: Trace|Weather Ball|p2a: Klefki
|-supereffective|p2a: Klefki
|-damage|p2a: Klefki|28\/100
|move|p2a: Klefki|Swords Dance|p2a: Klefki
|-boost|p2a: Klefki|atk|2
|
|-weather|SunnyDay|[upkeep]
|-heal|p2a: Klefki|34\/100|[from] item: Leftovers
|-formechange|p2a: Klefki|Klefki-Galar-Revealed||[from] ability: Hunger Switch
|-start|p2a: Klefki|typechange|Fairy\/Dark|[silent]
|-message|Klefki changed to Revealed Mode!
|raw|<ul class="utilichart"><li class="result"><span class="col pokemonnamecol" style="white-space: nowrap">Klefki-Galar-Revealed<\/span> <span class="col typecol"><img src="https:\/\/dragonheaven.herokuapp.com\/sprites\/types\/Fairy.png" alt="Fairy" height="14" width="32"><img src="https:\/\/dragonheaven.herokuapp.com\/sprites\/types\/Dark.png" alt="Dark" height="14" width="32"><\/span> <span style="float: left ; min-height: 26px"><span class="col abilitycol">Hunger Switch<\/span><span class="col abilitycol"><\/span><\/span><span style="float: left ; min-height: 26px"><span class="col statcol"><em>HP<\/em><br>57<\/span> <span class="col statcol"><em>Atk<\/em><br>116<\/span> <span class="col statcol"><em>Def<\/em><br>50<\/span> <span class="col statcol"><em>SpA<\/em><br>70<\/span> <span class="col statcol"><em>SpD<\/em><br>87<\/span> <span class="col statcol"><em>Spe<\/em><br>90<\/span> <\/span><\/li><li style="clear: both"><\/li><\/ul>
|upkeep
|turn|20
|c|☆inkbug1|that didtn do as much as i hoped it would
|
|t:|1657761581
|move|p2a: Klefki|Protect|p2a: Klefki
|-singleturn|p2a: Klefki|Protect
|move|p1a: Trace|Solar Beam||[still]
|-prepare|p1a: Trace|Solar Beam
|-anim|p1a: Trace|Solar Beam|p2a: Klefki
|-activate|p2a: Klefki|move: Protect
|
|-weather|SunnyDay|[upkeep]
|-heal|p2a: Klefki|39\/100|[from] item: Leftovers
|-formechange|p2a: Klefki|Klefki-Galar||[from] ability: Hunger Switch
|-start|p2a: Klefki|typechange|Steel\/Dark|[silent]
|-message|Klefki changed to Lure Mode!
|upkeep
|turn|21
|
|t:|1657761592
|switch|p2a: Playdol|Playdol, F|39\/100
|-start|p2a: Playdol|typechange|Normal\/Ghost|[silent]
|move|p1a: Trace|Weather Ball|p2a: Playdol
|-damage|p2a: Playdol|0 fnt
|faint|p2a: Playdol
|
|-weather|none
|upkeep
|
|t:|1657761594
|switch|p2a: Klefki|Klefki-Galar, M|39\/100
|-start|p2a: Klefki|typechange|Steel\/Dark|[silent]
|turn|22
|c|☆inkbug1|oh fuck right i forgot drifblim just cant switch in again 
|c|☆inkbug1|dang 
|c|☆inkbug1|well fun while it lasted
|c|☆god of joe|the funny...
|c|+H2OPulse|he went out on incredible terms though......
|
|t:|1657761672
|move|p1a: Trace|Wish|p1a: Trace
|move|p2a: Klefki|Swords Dance|p2a: Klefki
|-boost|p2a: Klefki|atk|2
|
|-heal|p2a: Klefki|45\/100|[from] item: Leftovers
|-formechange|p2a: Klefki|Klefki-Galar-Revealed||[from] ability: Hunger Switch
|-start|p2a: Klefki|typechange|Fairy\/Dark|[silent]
|-message|Klefki changed to Revealed Mode!
|upkeep
|turn|23
|
|t:|1657761681
|move|p2a: Klefki|Protect|p2a: Klefki
|-singleturn|p2a: Klefki|Protect
|move|p1a: Trace|Solar Beam||[still]
|-prepare|p1a: Trace|Solar Beam
|-enditem|p1a: Trace|Power Herb
|-anim|p1a: Trace|Solar Beam|p2a: Klefki
|-activate|p2a: Klefki|move: Protect
|
|-heal|p1a: Trace|409\/409|[from] move: Wish|[wisher] Trace
|-heal|p2a: Klefki|51\/100|[from] item: Leftovers
|-formechange|p2a: Klefki|Klefki-Galar||[from] ability: Hunger Switch
|-start|p2a: Klefki|typechange|Steel\/Dark|[silent]
|-message|Klefki changed to Lure Mode!
|upkeep
|turn|24
|c|☆inkbug1|lol
|c|+H2OPulse|Oof fair--
|c|☆god of joe|that was rly close to working fwiw
|
|t:|1657761699
|move|p1a: Trace|Wish|p1a: Trace
|move|p2a: Klefki|Play Rough|p1a: Trace
|-damage|p1a: Trace|257\/409
|
|-heal|p2a: Klefki|57\/100|[from] item: Leftovers
|-formechange|p2a: Klefki|Klefki-Galar-Revealed||[from] ability: Hunger Switch
|-start|p2a: Klefki|typechange|Fairy\/Dark|[silent]
|-message|Klefki changed to Revealed Mode!
|upkeep
|turn|25
|
|t:|1657761711
|switch|p1a: Sable|Gigalith-Kalos, F|292\/374
|-start|p1a: Sable|typechange|Rock\/Electric|[silent]
|-damage|p1a: Sable|246\/374|[from] Stealth Rock
|-weather|SunnyDay|[from] ability: Drought|[of] p1a: Sable
|move|p2a: Klefki|Protect||[still]
|-fail|p2a: Klefki
|
|-weather|SunnyDay|[upkeep]
|-heal|p1a: Sable|374\/374|[from] move: Wish|[wisher] Trace
|-heal|p2a: Klefki|63\/100|[from] item: Leftovers
|-formechange|p2a: Klefki|Klefki-Galar||[from] ability: Hunger Switch
|-start|p2a: Klefki|typechange|Steel\/Dark|[silent]
|-message|Klefki changed to Lure Mode!
|upkeep
|turn|26
|
|t:|1657761728
|move|p2a: Klefki|Protect|p2a: Klefki
|-singleturn|p2a: Klefki|Protect
|move|p1a: Sable|Weather Ball|p2a: Klefki
|-activate|p2a: Klefki|move: Protect
|
|-weather|SunnyDay|[upkeep]
|-heal|p2a: Klefki|69\/100|[from] item: Leftovers
|-formechange|p2a: Klefki|Klefki-Galar-Revealed||[from] ability: Hunger Switch
|-start|p2a: Klefki|typechange|Fairy\/Dark|[silent]
|-message|Klefki changed to Revealed Mode!
|upkeep
|turn|27
|
|t:|1657761753
|move|p2a: Klefki|Knock Off|p1a: Sable
|-damage|p1a: Sable|172\/374
|-enditem|p1a: Sable|Heat Rock|[from] move: Knock Off|[of] p2a: Klefki
|move|p1a: Sable|Solar Beam||[still]
|-prepare|p1a: Sable|Solar Beam
|-anim|p1a: Sable|Solar Beam|p2a: Klefki
|-damage|p2a: Klefki|9\/100
|
|-weather|SunnyDay|[upkeep]
|-heal|p2a: Klefki|15\/100|[from] item: Leftovers
|-formechange|p2a: Klefki|Klefki-Galar||[from] ability: Hunger Switch
|-start|p2a: Klefki|typechange|Steel\/Dark|[silent]
|-message|Klefki changed to Lure Mode!
|upkeep
|turn|28
|c|+H2OPulse|Klefki is so cool
|c|+H2OPulse|It's definitely worth Protect
|c|+H2OPulse|I was running Spikes in the last slot for a bit but I also switched to Protect a few games ago
|
|t:|1657761776
|switch|p1a: Trace|Aleon, M|257\/409
|-damage|p1a: Trace|206\/409|[from] Stealth Rock
|-start|p1a: Trace|typechange|Normal|[silent]
|move|p2a: Klefki|Protect||[still]
|-fail|p2a: Klefki
|
|-weather|SunnyDay|[upkeep]
|-heal|p2a: Klefki|21\/100|[from] item: Leftovers
|-formechange|p2a: Klefki|Klefki-Galar-Revealed||[from] ability: Hunger Switch
|-start|p2a: Klefki|typechange|Fairy\/Dark|[silent]
|-message|Klefki changed to Revealed Mode!
|upkeep
|turn|29
|c|+H2OPulse|Man I love its icons mskfj
|
|t:|1657761789
|move|p1a: Trace|Wish|p1a: Trace
|move|p2a: Klefki|Play Rough|p1a: Trace
|-damage|p1a: Trace|0 fnt
|faint|p1a: Trace
|
|-weather|SunnyDay|[upkeep]
|-heal|p2a: Klefki|27\/100|[from] item: Leftovers
|-formechange|p2a: Klefki|Klefki-Galar||[from] ability: Hunger Switch
|-start|p2a: Klefki|typechange|Steel\/Dark|[silent]
|-message|Klefki changed to Lure Mode!
|upkeep
|c|☆inkbug1|a 
|c|+H2OPulse|Ow,,,
|c|☆god of joe|this thing with protect is
|
|t:|1657761809
|switch|p1a: Oreo|Tenoris, F|291\/291
|-damage|p1a: Oreo|219\/291|[from] Stealth Rock
|-start|p1a: Oreo|typechange|Ice\/Dragon|[silent]
|raw|<ul class="utilichart"><li class="result"><span class="col pokemonnamecol" style="white-space: nowrap">Tenoris<\/span> <span class="col typecol"><img src="https:\/\/dragonheaven.herokuapp.com\/sprites\/types\/Ice.png" alt="Ice" height="14" width="32"><img src="https:\/\/dragonheaven.herokuapp.com\/sprites\/types\/Dragon.png" alt="Dragon" height="14" width="32"><\/span> <span style="float: left ; min-height: 26px"><span class="col abilitycol">Volt Absorb \/ Slush Rush<\/span><span class="col abilitycol"><\/span><\/span><\/li><li style="clear: both"><\/li><\/ul>
|raw|<ul class="utilichart"><li class="result"><span style="float: left ; min-height: 26px"><span class="col statcol"><em>HP<\/em><br>75<\/span> <span class="col statcol"><em>Atk<\/em><br>110<\/span> <span class="col statcol"><em>Def<\/em><br>70<\/span> <span class="col statcol"><em>SpA<\/em><br>80<\/span> <span class="col statcol"><em>SpD<\/em><br>75<\/span> <span class="col statcol"><em>Spe<\/em><br>80<\/span> <\/span><\/li><li style="clear: both"><\/li><\/ul>
|-hint|Tenoris was created by Albatross!
|turn|30
|c|☆god of joe|terrifyingly durable
|c|+H2OPulse|Y e s
|
|t:|1657761824
|move|p2a: Klefki|Protect|p2a: Klefki
|-singleturn|p2a: Klefki|Protect
|move|p1a: Oreo|Heat Wave|p2a: Klefki
|-activate|p2a: Klefki|move: Protect
|
|-weather|SunnyDay|[upkeep]
|-heal|p1a: Oreo|291\/291|[from] move: Wish|[wisher] Trace
|-heal|p2a: Klefki|33\/100|[from] item: Leftovers
|-formechange|p2a: Klefki|Klefki-Galar-Revealed||[from] ability: Hunger Switch
|-start|p2a: Klefki|typechange|Fairy\/Dark|[silent]
|-message|Klefki changed to Revealed Mode!
|upkeep
|turn|31
|
|t:|1657761840
|move|p2a: Klefki|Play Rough|p1a: Oreo
|-supereffective|p1a: Oreo
|-enditem|p1a: Oreo|Focus Sash
|-damage|p1a: Oreo|1\/291
|move|p1a: Oreo|Ice Beam|p2a: Klefki
|-damage|p2a: Klefki|0 fnt
|faint|p2a: Klefki
|
|-weather|SunnyDay|[upkeep]
|upkeep
|c|☆inkbug1|exhales
|
|t:|1657761852
|switch|p2a: Dewgong|Dewgong-Variant, M|97\/100
|-start|p2a: Dewgong|typechange|Normal|[silent]
|turn|32
|
|t:|1657761859
|move|p1a: Oreo|Heat Wave|p2a: Dewgong
|-damage|p2a: Dewgong|71\/100
|move|p2a: Dewgong|Echoed Voice|p1a: Oreo
|-damage|p1a: Oreo|0 fnt
|faint|p1a: Oreo
|
|-weather|none
|upkeep
|
|t:|1657761867
|switch|p1a: Tomato|Drifblim-Variant, M|120\/421
|-damage|p1a: Tomato|0 fnt|[from] Stealth Rock
|-start|p1a: Tomato|typechange|Fire\/Flying|[silent]
|faint|p1a: Tomato
|c|☆inkbug1|gg
|
|t:|1657761871
|switch|p1a: Sable|Gigalith-Kalos, F|172\/374
|-damage|p1a: Sable|126\/374|[from] Stealth Rock
|-start|p1a: Sable|typechange|Rock\/Electric|[silent]
|-weather|SunnyDay|[from] ability: Drought|[of] p1a: Sable
|turn|33
|c|☆god of joe|gg!
|
|t:|1657761879
|move|p2a: Dewgong|Echoed Voice|p1a: Sable
|-resisted|p1a: Sable
|-damage|p1a: Sable|47\/374
|move|p1a: Sable|Solar Beam||[still]
|-prepare|p1a: Sable|Solar Beam
|-anim|p1a: Sable|Solar Beam|p2a: Dewgong
|-damage|p2a: Dewgong|39\/100
|
|-weather|SunnyDay|[upkeep]
|upkeep
|turn|34
|
|t:|1657761887
|move|p2a: Dewgong|Echoed Voice|p1a: Sable
|-resisted|p1a: Sable
|-damage|p1a: Sable|0 fnt
|faint|p1a: Sable
|
|win|god of joe
|c|☆god of joe|i love that drifblim
|c|+H2OPulse|That was a really good game!!! Well played both O:
|c|+H2OPulse|s a m e
|c|☆inkbug1|i also love that drifblim
|c|☆inkbug1|usually this team works a little better if i dont lose my spinner 2 turns in but also who am i kidding its always like that its type matchups are all over the place-
|c|+H2OPulse|Kshdjdjfkf--
|c|+H2OPulse|__I mean historically it has been very successful__
|c|☆inkbug1|i mean i dont think its actually __won__ one-
|l|+regic boat
|c|+H2OPulse|fair but it feels very threatening to fight--
|c|☆inkbug1|i think this team has a 0% win rate so far but every game is hilarious
|c|+H2OPulse|it's gotten very close and also been incredibly funny at all times</script>
</div>
<div class="battle-log battle-log-inline"><div class="inner"><div class="battle-options"><div style="padding-top: 3px; padding-right: 3px; text-align: right"><button class="icon button" name="openBattleOptions" title="Options">Battle Options</button></div></div><div class="inner message-log"><div class="chat"><small>☆inkbug1 and ☆god of joe joined</small></div><div class=""><small>Format:</small> <br><strong>[Gen 8] Evolution Project</strong></div><div class=""><small><em>HP Percentage Mod:</em> HP is shown in percentages</small></div><div class=""><small><em>Endless Battle Clause:</em> Forcing endless battles is banned</small></div><div class=""><small><em>OHKO Clause:</em> OHKO moves are banned</small></div><div class=""><small><em>Evasion Moves Clause:</em> Evasion moves are banned</small></div><div class=""><small><em>Species Clause:</em> Limit one of each Pokémon</small></div><div class=""><small><em>Dynamax Clause:</em> You cannot dynamax</small></div><div class=""><small><em>Sleep Clause Mod:</em> Limit one foe put to sleep</small></div><div class=""><small><em>Z-Move Clause:</em> Type-based Z-Moves are banned</small></div><div class="chat battle-history"><strong>inkbug1's team:</strong> <em style="color:#445566;display:block;">Aleon / Gigalith-Kalos / Tsareena / Naganadel-Terrestrial / Tenoris / Drifblim-Variant</em></div><div class="chat battle-history"><strong>god of joe's team:</strong> <em style="color:#445566;display:block;">Klefki-Galar / Playdol / Michu / Gallade / Voltangent / Dewgong-Variant</em></div><div class="chat"><small>+H2OPulse joined</small></div><div class="chat chatmessage-inkbug1 mine"><strong style="color:#e46e0f"><small>☆</small><span class="username" data-name="inkbug1">inkbug1</span>:</strong> <em>fear </em></div><div class="chat chatmessage-h2opulse"><strong style="color:#6e8c2b"><small>+</small><span class="username" data-name="H2OPulse">H2OPulse</span>:</strong> <em>BABY</em></div><div class="chat chatmessage-h2opulse"><strong style="color:#6e8c2b"><small>+</small><span class="username" data-name="H2OPulse">H2OPulse</span>:</strong> <em>ahem--</em></div><div class="chat chatmessage-godofjoe"><strong style="color:#a523c9"><small>☆</small><span class="username" data-name="god of joe">god of joe</span>:</strong> <em>im a simple woman </em></div><div class="chat chatmessage-h2opulse"><strong style="color:#6e8c2b"><small>+</small><span class="username" data-name="H2OPulse">H2OPulse</span>:</strong> <em>Good luck and have fun both!!!!</em></div><div class="chat chatmessage-godofjoe"><strong style="color:#a523c9"><small>☆</small><span class="username" data-name="god of joe">god of joe</span>:</strong> <em>i see gigalith and aleon on the same team</em></div><div class="chat chatmessage-godofjoe"><strong style="color:#a523c9"><small>☆</small><span class="username" data-name="god of joe">god of joe</span>:</strong> <em>and i am terrified </em></div><div class="chat chatmessage-h2opulse"><strong style="color:#6e8c2b"><small>+</small><span class="username" data-name="H2OPulse">H2OPulse</span>:</strong> <em>Mmsfjf</em></div><div class="chat chatmessage-inkbug1 mine"><strong style="color:#e46e0f"><small>☆</small><span class="username" data-name="inkbug1">inkbug1</span>:</strong> <em>their color shcmees go so well together............ they are best friends</em></div><div class="chat chatmessage-h2opulse"><strong style="color:#6e8c2b"><small>+</small><span class="username" data-name="H2OPulse">H2OPulse</span>:</strong> <em>This team is SO FUN I am obsessed</em></div><div class="chat chatmessage-godofjoe"><strong style="color:#a523c9"><small>☆</small><span class="username" data-name="god of joe">god of joe</span>:</strong> <em>for real i love them</em></div><div class="spacer battle-history"><br></div><div class="battle-history">Battle started between inkbug1 and god of joe!<br></div><div class="spacer battle-history"><br></div><div class="battle-history">Go! Carpenter (<strong>Naganadel-Terrestrial</strong>)!<br></div><div class="spacer battle-history"><br></div><div class="battle-history">god of joe sent out <strong>Gallade</strong>!<br></div><div class="chat"><ul class="utilichart"><li class="result"><span class="col pokemonnamecol" style="white-space: nowrap">Naganadel-Terrestrial</span> <span class="col typecol"><img src="https://dragonheaven.herokuapp.com/sprites/types/Bug.png" alt="Bug" height="14" width="32"><img src="https://dragonheaven.herokuapp.com/sprites/types/Dragon.png" alt="Dragon" height="14" width="32"></span> <span style="float: left ; min-height: 26px"><span class="col abilitycol">Regenerator / Beast Boost</span><span class="col abilitycol"></span></span></li><li style="clear: both"></li></ul></div><div class="chat"><ul class="utilichart"><li class="result"><span style="float: left ; min-height: 26px"><span class="col statcol"><em>HP</em><br>73</span> <span class="col statcol"><em>Atk</em><br>127</span> <span class="col statcol"><em>Def</em><br>73</span> <span class="col statcol"><em>SpA</em><br>127</span> <span class="col statcol"><em>SpD</em><br>73</span> <span class="col statcol"><em>Spe</em><br>67</span> </span></li><li style="clear: both"></li></ul></div><div class="battle-history"><small>(Naganadel-Terrestrial was created by KeroseneZanchu!)</small><br></div><div class="spacer battle-history"><br></div><h2 class="battle-history">Turn 1</h2><div class="chat chatmessage-inkbug1 mine"><strong style="color:#e46e0f"><small>☆</small><span class="username" data-name="inkbug1">inkbug1</span>:</strong> <em>this team is like, bad, but its decidedly one of my favorite things ive built in a hot minute</em></div><div class="chat"><small>+H2OPulse left</small></div><div class="spacer battle-history"><br></div><div class="battle-history">The opposing Gallade used <strong>Knock Off</strong>!<br></div><div class="battle-history"><small>(Carpenter lost <abbr title="−185/287">64.5%</abbr> of its health!)</small><br></div><div class="battle-history"><small>The opposing Gallade knocked off Carpenter's Heavy-Duty Boots!</small><br></div><div class="battle-history"><small>The opposing Gallade lost some of its HP!</small><br></div><div class="spacer battle-history"><br></div><div class="battle-history">Carpenter used <strong>Draco Meteor</strong>!<br></div><div class="battle-history"><small>(The opposing Gallade lost 59% of its health!)</small><br></div><div class="battle-history"><small>Carpenter's Sp. Atk fell harshly!</small><br></div><div class="spacer battle-history"><br></div><h2 class="battle-history">Turn 2</h2><div class="chat chatmessage-godofjoe"><strong style="color:#a523c9"><small>☆</small><span class="username" data-name="god of joe">god of joe</span>:</strong> <em>ow :( </em></div><div class="chat chatmessage-inkbug1 mine"><strong style="color:#e46e0f"><small>☆</small><span class="username" data-name="inkbug1">inkbug1</span>:</strong> <em>h r m m </em></div><div class="chat chatmessage-inkbug1 mine"><strong style="color:#e46e0f"><small>☆</small><span class="username" data-name="inkbug1">inkbug1</span>:</strong> <em>none of my options are very good here--</em></div><div class="chat"><small>+H2OPulse joined</small></div><div class="chat chatmessage-godofjoe"><strong style="color:#a523c9"><small>☆</small><span class="username" data-name="god of joe">god of joe</span>:</strong> <em>gallade is a terror.</em></div><div class="chat chatmessage-godofjoe"><strong style="color:#a523c9"><small>☆</small><span class="username" data-name="god of joe">god of joe</span>:</strong> <em>love he</em></div><div class="spacer battle-history"><br></div><div class="battle-history">Carpenter, come back!<br></div><div class="battle-history">Go! Eloise (<strong>Tsareena</strong>)!<br></div><div class="spacer battle-history"><br></div><div class="battle-history">The opposing Gallade used <strong>Knock Off</strong>!<br></div><div class="battle-history"><small>(Eloise lost <abbr title="−139/348">39.9%</abbr> of its health!)</small><br></div><div class="battle-history"><small>The opposing Gallade knocked off Eloise's Assault Vest!</small><br></div><div class="battle-history"><small>The opposing Gallade lost some of its HP!</small><br></div><div class="spacer battle-history"><br></div><h2 class="battle-history">Turn 3</h2><div class="spacer battle-history"><br></div><div class="battle-history">The opposing Gallade used <strong>Close Combat</strong>!<br></div><div class="battle-history"><small>(Eloise lost <abbr title="−209/348">60.1%</abbr> of its health!)</small><br></div><div class="battle-history"><small>The opposing Gallade's Defense fell!</small><br></div><div class="battle-history"><small>The opposing Gallade's Sp. Def fell!</small><br></div><div class="battle-history"><small>The opposing Gallade lost some of its HP!</small><br></div><div class="spacer battle-history"><br></div><div class="battle-history">Eloise fainted!<br></div><div class="chat chatmessage-inkbug1 mine"><strong style="color:#e46e0f"><small>☆</small><span class="username" data-name="inkbug1">inkbug1</span>:</strong> <em>ow</em></div><div class="spacer battle-history"><br></div><div class="battle-history">Go! Trace (<strong>Aleon</strong>)!<br></div><div class="chat"><ul class="utilichart"><li class="result"><span class="col pokemonnamecol" style="white-space: nowrap">Aleon</span> <span class="col typecol"><img src="https://dragonheaven.herokuapp.com/sprites/types/Normal.png" alt="Normal" height="14" width="32"></span> <span style="float: left ; min-height: 26px"><span class="col abilitycol">Adaptability / Normalize / Beast Boost</span><span class="col abilitycol"></span></span></li><li style="clear: both"></li></ul></div><div class="chat"><ul class="utilichart"><li class="result"><span style="float: left ; min-height: 26px"><span class="col statcol"><em>HP</em><br>103</span> <span class="col statcol"><em>Atk</em><br>79</span> <span class="col statcol"><em>Def</em><br>53</span> <span class="col statcol"><em>SpA</em><br>89</span> <span class="col statcol"><em>SpD</em><br>67</span> <span class="col statcol"><em>Spe</em><br>134</span> </span></li><li style="clear: both"></li></ul></div><div class="battle-history"><small>(Aleon was created by inkbug!)</small><br></div><div class="spacer battle-history"><br></div><h2 class="battle-history">Turn 4</h2><div class="spacer battle-history"><br></div><div class="battle-history">god of joe withdrew Gallade!<br></div><div class="battle-history">god of joe sent out <strong>Playdol</strong>!<br></div><div class="chat"><ul class="utilichart"><li class="result"><span class="col pokemonnamecol" style="white-space: nowrap">Playdol</span> <span class="col typecol"><img src="https://dragonheaven.herokuapp.com/sprites/types/Normal.png" alt="Normal" height="14" width="32"><img src="https://dragonheaven.herokuapp.com/sprites/types/Ghost.png" alt="Ghost" height="14" width="32"></span> <span style="float: left ; min-height: 26px"><span class="col abilitycol">Telepathy / Anticipation</span><span class="col abilitycol"></span></span></li><li style="clear: both"></li></ul></div><div class="chat"><ul class="utilichart"><li class="result"><span style="float: left ; min-height: 26px"><span class="col statcol"><em>HP</em><br>60</span> <span class="col statcol"><em>Atk</em><br>85</span> <span class="col statcol"><em>Def</em><br>90</span> <span class="col statcol"><em>SpA</em><br>85</span> <span class="col statcol"><em>SpD</em><br>105</span> <span class="col statcol"><em>Spe</em><br>75</span> </span></li><li style="clear: both"></li></ul></div><div class="battle-history"><small>(Playdol was created by Violet!)</small><br></div><div class="spacer battle-history"><br></div><div class="battle-history">Trace used <strong>Volt Switch</strong>!<br></div><div class="battle-history"><small>It doesn't affect the opposing Playdol...</small><br></div><div class="spacer battle-history"><br></div><h2 class="battle-history">Turn 5</h2><div class="chat chatmessage-inkbug1 mine"><strong style="color:#e46e0f"><small>☆</small><span class="username" data-name="inkbug1">inkbug1</span>:</strong> <em>yeah</em></div><div class="spacer battle-history"><br></div><div class="battle-history">Trace went back to inkbug1!<br></div><div class="battle-history">Go! Sable (<strong>Gigalith-Kalos</strong>)!<br></div><div class="chat"><ul class="utilichart"><li class="result"><span class="col pokemonnamecol" style="white-space: nowrap">Gigalith-Kalos</span> <span class="col typecol"><img src="https://dragonheaven.herokuapp.com/sprites/types/Rock.png" alt="Rock" height="14" width="32"><img src="https://dragonheaven.herokuapp.com/sprites/types/Electric.png" alt="Electric" height="14" width="32"></span> <span style="float: left ; min-height: 26px"><span class="col abilitycol">Sturdy / Drought / Solar Power</span><span class="col abilitycol"></span></span></li><li style="clear: both"></li></ul></div><div class="chat"><ul class="utilichart"><li class="result"><span style="float: left ; min-height: 26px"><span class="col statcol"><em>HP</em><br>85</span> <span class="col statcol"><em>Atk</em><br>60</span> <span class="col statcol"><em>Def</em><br>130</span> <span class="col statcol"><em>SpA</em><br>135</span> <span class="col statcol"><em>SpD</em><br>80</span> <span class="col statcol"><em>Spe</em><br>25</span> </span></li><li style="clear: both"></li></ul></div><div class="battle-history"><small>(Gigalith-Kalos was created by Violet!)</small><br></div><div class="battle-history">[Sable's Drought]<br><small>The sunlight turned harsh!</small><br></div><div class="spacer battle-history"><br></div><div class="battle-history">The opposing Playdol used <strong>Stealth Rock</strong>!<br></div><div class="battle-history"><small>Pointed stones float in the air around your team!</small><br></div><div class="spacer battle-history"><br></div><div class="battle-history"><small>(The sunlight is strong.)</small><br></div><div class="spacer battle-history"><br></div><h2 class="battle-history">Turn 6</h2><div class="chat chatmessage-inkbug1 mine"><strong style="color:#e46e0f"><small>☆</small><span class="username" data-name="inkbug1">inkbug1</span>:</strong> <em>well thats bad </em></div><div class="chat chatmessage-inkbug1 mine"><strong style="color:#e46e0f"><small>☆</small><span class="username" data-name="inkbug1">inkbug1</span>:</strong> <em>uh </em></div><div class="chat chatmessage-inkbug1 mine"><strong style="color:#e46e0f"><small>☆</small><span class="username" data-name="inkbug1">inkbug1</span>:</strong> <em>really bad </em></div><div class="chat chatmessage-inkbug1 mine"><strong style="color:#e46e0f"><small>☆</small><span class="username" data-name="inkbug1">inkbug1</span>:</strong> <em>tht might end it right there</em></div><div class="spacer battle-history"><br></div><div class="battle-history">Sable used <strong>Solar Beam</strong>!<br></div><div class="battle-history"><small>Sable absorbed light!</small><br></div><div class="battle-history"><small>(The opposing Playdol lost 61% of its health!)</small><br></div><div class="spacer battle-history"><br></div><div class="battle-history">The opposing Playdol used <strong>Teleport</strong>!<br></div><div class="spacer battle-history"><br></div><div class="battle-history">god of joe withdrew Playdol!<br></div><div class="battle-history">god of joe sent out <strong>Gallade</strong>!<br></div><div class="spacer battle-history"><br></div><div class="battle-history"><small>(The sunlight is strong.)</small><br></div><div class="spacer battle-history"><br></div><h2 class="battle-history">Turn 7</h2><div class="spacer battle-history"><br></div><div class="battle-history">Sable, come back!<br></div><div class="battle-history">Go! Carpenter (<strong>Naganadel-Terrestrial</strong>)!<br></div><div class="battle-history"><small>Pointed stones dug into Carpenter!</small><br></div><div class="spacer battle-history"><br></div><div class="battle-history">The opposing Gallade used <strong>Close Combat</strong>!<br></div><div class="battle-history"><small>It's not very effective...</small><br></div><div class="battle-history"><small>(Carpenter lost <abbr title="−126/287">43.9%</abbr> of its health!)</small><br></div><div class="battle-history"><small>The opposing Gallade's Defense fell!</small><br></div><div class="battle-history"><small>The opposing Gallade's Sp. Def fell!</small><br></div><div class="battle-history"><small>The opposing Gallade lost some of its HP!</small><br></div><div class="spacer battle-history"><br></div><div class="battle-history">Carpenter fainted!<br></div><div class="spacer battle-history"><br></div><div class="battle-history"><small>(The sunlight is strong.)</small><br></div><div class="spacer battle-history"><br></div><div class="battle-history">Go! Trace (<strong>Aleon</strong>)!<br></div><div class="battle-history"><small>Pointed stones dug into Trace!</small><br></div><div class="spacer battle-history"><br></div><h2 class="battle-history">Turn 8</h2><div class="chat chatmessage-godofjoe"><strong style="color:#a523c9"><small>☆</small><span class="username" data-name="god of joe">god of joe</span>:</strong> <em>oh no</em></div><div class="spacer battle-history"><br></div><div class="battle-history">god of joe withdrew Gallade!<br></div><div class="battle-history">god of joe sent out <strong>Voltangent</strong>!<br></div><div class="chat"><ul class="utilichart"><li class="result"><span class="col pokemonnamecol" style="white-space: nowrap">Voltangent</span> <span class="col typecol"><img src="https://dragonheaven.herokuapp.com/sprites/types/Electric.png" alt="Electric" height="14" width="32"><img src="https://dragonheaven.herokuapp.com/sprites/types/Dragon.png" alt="Dragon" height="14" width="32"></span> <span style="float: left ; min-height: 26px"><span class="col abilitycol">Regenerator / Minus</span><span class="col abilitycol"></span></span></li><li style="clear: both"></li></ul></div><div class="chat"><ul class="utilichart"><li class="result"><span style="float: left ; min-height: 26px"><span class="col statcol"><em>HP</em><br>100</span> <span class="col statcol"><em>Atk</em><br>115</span> <span class="col statcol"><em>Def</em><br>85</span> <span class="col statcol"><em>SpA</em><br>75</span> <span class="col statcol"><em>SpD</em><br>90</span> <span class="col statcol"><em>Spe</em><br>45</span> </span></li><li style="clear: both"></li></ul></div><div class="battle-history"><small>(Voltangent was created by Paulluxx!)</small><br></div><div class="spacer battle-history"><br></div><div class="battle-history">Trace used <strong>Weather Ball</strong>!<br></div><div class="battle-history"><small>It's not very effective...</small><br></div><div class="battle-history"><small>(The opposing Voltangent lost 10% of its health!)</small><br></div><div class="spacer battle-history"><br></div><div class="battle-history"><small>(The sunlight is strong.)</small><br></div><div class="spacer battle-history"><br></div><h2 class="battle-history">Turn 9</h2><div class="spacer battle-history"><br></div><div class="battle-history">Trace used <strong>Solar Beam</strong>!<br></div><div class="battle-history"><small>Trace absorbed light!</small><br></div><div class="battle-history"><small>(The opposing Voltangent lost 29% of its health!)</small><br></div><div class="spacer battle-history"><br></div><div class="battle-history">The opposing Voltangent used <strong>Light Screen</strong>!<br></div><div class="battle-history"><small>Light Screen made the opposing team stronger against special moves!</small><br></div><div class="spacer battle-history"><br></div><div class="battle-history"><small>(The sunlight is strong.)</small><br></div><div class="spacer battle-history"><br></div><h2 class="battle-history">Turn 10</h2><div class="spacer battle-history"><br></div><div class="battle-history">Trace used <strong>Wish</strong>!<br></div><div class="spacer battle-history"><br></div><div class="battle-history">The opposing Voltangent used <strong>Volt Switch</strong>!<br></div><div class="battle-history"><small>(Trace lost <abbr title="−93/409">22.7%</abbr> of its health!)</small><br></div><div class="spacer battle-history"><br></div><div class="battle-history">The opposing Voltangent went back to god of joe!<br></div><div class="battle-history">god of joe sent out Dewgong (<strong>Dewgong-Variant</strong>)!<br></div><div class="chat"><ul class="utilichart"><li class="result"><span class="col pokemonnamecol" style="white-space: nowrap">Dewgong-Variant</span> <span class="col typecol"><img src="https://dragonheaven.herokuapp.com/sprites/types/Normal.png" alt="Normal" height="14" width="32"></span> <span style="float: left ; min-height: 26px"><span class="col abilitycol">Hydration / Adaptability / Thick Fat</span><span class="col abilitycol"></span></span></li><li style="clear: both"></li></ul></div><div class="chat"><ul class="utilichart"><li class="result"><span style="float: left ; min-height: 26px"><span class="col statcol"><em>HP</em><br>90</span> <span class="col statcol"><em>Atk</em><br>50</span> <span class="col statcol"><em>Def</em><br>80</span> <span class="col statcol"><em>SpA</em><br>110</span> <span class="col statcol"><em>SpD</em><br>95</span> <span class="col statcol"><em>Spe</em><br>50</span> </span></li><li style="clear: both"></li></ul></div><div class="battle-history"><small>(Dewgong-Variant was created by Magmajudis!)</small><br></div><div class="spacer battle-history"><br></div><div class="battle-history"><small>(The sunlight is strong.)</small><br></div><div class="spacer battle-history"><br></div><h2 class="battle-history">Turn 11</h2><div class="chat chatmessage-h2opulse"><strong style="color:#6e8c2b"><small>+</small><span class="username" data-name="H2OPulse">H2OPulse</span>:</strong> <em>:eyes:</em></div><div class="spacer battle-history"><br></div><div class="battle-history">Trace used <strong>Volt Switch</strong>!<br></div><div class="battle-history"><small>(The opposing Dewgong lost 9% of its health!)</small><br></div><div class="spacer battle-history"><br></div><div class="battle-history">Trace went back to inkbug1!<br></div><div class="battle-history">Go! Tomato (<strong>Drifblim-Variant</strong>)!<br></div><div class="battle-history"><small>Pointed stones dug into Tomato!</small><br></div><div class="chat"><ul class="utilichart"><li class="result"><span class="col pokemonnamecol" style="white-space: nowrap">Drifblim-Variant</span> <span class="col typecol"><img src="https://dragonheaven.herokuapp.com/sprites/types/Fire.png" alt="Fire" height="14" width="32"><img src="https://dragonheaven.herokuapp.com/sprites/types/Flying.png" alt="Flying" height="14" width="32"></span> <span style="float: left ; min-height: 26px"><span class="col abilitycol">Emergency Exit</span><span class="col abilitycol"></span></span></li><li style="clear: both"></li></ul></div><div class="chat"><ul class="utilichart"><li class="result"><span style="float: left ; min-height: 26px"><span class="col statcol"><em>HP</em><br>140</span> <span class="col statcol"><em>Atk</em><br>70</span> <span class="col statcol"><em>Def</em><br>24</span> <span class="col statcol"><em>SpA</em><br>84</span> <span class="col statcol"><em>SpD</em><br>74</span> <span class="col statcol"><em>Spe</em><br>106</span> </span></li><li style="clear: both"></li></ul></div><div class="battle-history"><small>(Drifblim-Variant was created by inkbug!)</small><br></div><div class="spacer battle-history"><br></div><div class="battle-history">The opposing Dewgong used <strong>Stockpile</strong>!<br></div><div class="battle-history"><small>The opposing Dewgong stockpiled 1!</small><br></div><div class="battle-history"><small>The opposing Dewgong's Defense rose!</small><br></div><div class="battle-history"><small>The opposing Dewgong's Sp. Def rose!</small><br></div><div class="spacer battle-history"><br></div><div class="battle-history"><small>(The sunlight is strong.)</small><br></div><div class="battle-history"><small>Trace's wish came true!</small><br></div><div class="battle-history"><small>The opposing Dewgong restored a little HP using its Leftovers!</small><br></div><div class="spacer battle-history"><br></div><h2 class="battle-history">Turn 12</h2><div class="spacer battle-history"><br></div><div class="battle-history">Tomato used <strong>Trick</strong>!<br></div><div class="battle-history"><small>Tomato switched items with its target!</small><br></div><div class="battle-history"><small>The opposing Dewgong obtained one Choice Scarf.</small><br></div><div class="battle-history"><small>Tomato obtained one Leftovers.</small><br></div><div class="spacer battle-history"><br></div><div class="battle-history">The opposing Dewgong used <strong>Stockpile</strong>!<br></div><div class="battle-history"><small>The opposing Dewgong stockpiled 2!</small><br></div><div class="battle-history"><small>The opposing Dewgong's Defense rose!</small><br></div><div class="battle-history"><small>The opposing Dewgong's Sp. Def rose!</small><br></div><div class="spacer battle-history"><br></div><div class="battle-history"><small>The harsh sunlight faded.</small><br></div><div class="battle-history"><small>Tomato restored a little HP using its Leftovers!</small><br></div><div class="spacer battle-history"><br></div><h2 class="battle-history">Turn 13</h2><div class="chat chatmessage-godofjoe"><strong style="color:#a523c9"><small>☆</small><span class="username" data-name="god of joe">god of joe</span>:</strong> <em>NOOOOOOOOOOOOOOOOOOOOOOOOOOOOOOO</em></div><div class="chat chatmessage-godofjoe"><strong style="color:#a523c9"><small>☆</small><span class="username" data-name="god of joe">god of joe</span>:</strong> <em>ASKJEF;LKWJEFLK</em></div><div class="chat chatmessage-inkbug1 mine"><strong style="color:#e46e0f"><small>☆</small><span class="username" data-name="inkbug1">inkbug1</span>:</strong> <em>oh thank god</em></div><div class="chat chatmessage-h2opulse"><strong style="color:#6e8c2b"><small>+</small><span class="username" data-name="H2OPulse">H2OPulse</span>:</strong> <em>AH</em></div><div class="chat chatmessage-h2opulse"><strong style="color:#6e8c2b"><small>+</small><span class="username" data-name="H2OPulse">H2OPulse</span>:</strong> <em>KSHFJF</em></div><div class="chat chatmessage-godofjoe"><strong style="color:#a523c9"><small>☆</small><span class="username" data-name="god of joe">god of joe</span>:</strong> <em>this thing with</em></div><div class="chat chatmessage-godofjoe"><strong style="color:#a523c9"><small>☆</small><span class="username" data-name="god of joe">god of joe</span>:</strong> <em>a scarf</em></div><div class="chat chatmessage-godofjoe"><strong style="color:#a523c9"><small>☆</small><span class="username" data-name="god of joe">god of joe</span>:</strong> <em>is so great</em></div><div class="chat chatmessage-h2opulse"><strong style="color:#6e8c2b"><small>+</small><span class="username" data-name="H2OPulse">H2OPulse</span>:</strong> <em>I love Drifblim-V.......</em></div><div class="spacer battle-history"><br></div><div class="battle-history">god of joe withdrew Dewgong!<br></div><div class="battle-history">god of joe sent out <strong>Voltangent</strong>!<br></div><div class="spacer battle-history"><br></div><div class="battle-history">Tomato used <strong>Strength Sap</strong>!<br></div><div class="battle-history"><small>The opposing Voltangent's Attack fell!</small><br></div><div class="spacer battle-history"><br></div><h2 class="battle-history">Turn 14</h2><div class="spacer battle-history"><br></div><div class="battle-history">Tomato, come back!<br></div><div class="battle-history">Go! Sable (<strong>Gigalith-Kalos</strong>)!<br></div><div class="battle-history"><small>Pointed stones dug into Sable!</small><br></div><div class="battle-history">[Sable's Drought]<br><small>The sunlight turned harsh!</small><br></div><div class="spacer battle-history"><br></div><div class="battle-history">The opposing Voltangent used <strong>Volt Switch</strong>!<br></div><div class="battle-history"><small>It's not very effective...</small><br></div><div class="battle-history"><small>(Sable lost <abbr title="−36/374">9.6%</abbr> of its health!)</small><br></div><div class="spacer battle-history"><br></div><div class="battle-history">The opposing Voltangent went back to god of joe!<br></div><div class="battle-history">god of joe sent out <strong>Michu</strong>!<br></div><div class="chat"><ul class="utilichart"><li class="result"><span class="col pokemonnamecol" style="white-space: nowrap">Michu</span> <span class="col typecol"><img src="https://dragonheaven.herokuapp.com/sprites/types/Normal.png" alt="Normal" height="14" width="32"><img src="https://dragonheaven.herokuapp.com/sprites/types/Fairy.png" alt="Fairy" height="14" width="32"></span> <span style="float: left ; min-height: 26px"><span class="col abilitycol">Rattled</span><span class="col abilitycol"></span></span></li><li style="clear: both"></li></ul></div><div class="chat"><ul class="utilichart"><li class="result"><span style="float: left ; min-height: 26px"><span class="col statcol"><em>HP</em><br>35</span> <span class="col statcol"><em>Atk</em><br>80</span> <span class="col statcol"><em>Def</em><br>60</span> <span class="col statcol"><em>SpA</em><br>30</span> <span class="col statcol"><em>SpD</em><br>95</span> <span class="col statcol"><em>Spe</em><br>101</span> </span></li><li style="clear: both"></li></ul></div><div class="battle-history"><small>(Michu was created by Hematite!)</small><br></div><div class="spacer battle-history"><br></div><div class="battle-history"><small>(The sunlight is strong.)</small><br></div><div class="spacer battle-history"><br></div><h2 class="battle-history">Turn 15</h2><div class="chat chatmessage-godofjoe"><strong style="color:#a523c9"><small>☆</small><span class="username" data-name="god of joe">god of joe</span>:</strong> <em>:) baby</em></div><div class="chat chatmessage-h2opulse"><strong style="color:#6e8c2b"><small>+</small><span class="username" data-name="H2OPulse">H2OPulse</span>:</strong> <em>BABY</em></div><div class="chat chatmessage-inkbug1 mine"><strong style="color:#e46e0f"><small>☆</small><span class="username" data-name="inkbug1">inkbug1</span>:</strong> <em>little creature </em></div><div class="chat"><small>+regic boat joined</small></div><div class="spacer battle-history"><br></div><div class="battle-history">The opposing Michu used <strong>Swords Dance</strong>!<br></div><div class="battle-history"><small>The opposing Michu's Attack rose sharply!</small><br></div><div class="spacer battle-history"><br></div><div class="battle-history">Sable used <strong>Solar Beam</strong>!<br></div><div class="battle-history"><small>Sable absorbed light!</small><br></div><div class="battle-history"><small>(The opposing Michu lost 23% of its health!)</small><br></div><div class="spacer battle-history"><br></div><div class="battle-history"><small>(The sunlight is strong.)</small><br></div><div class="spacer battle-history"><br></div><h2 class="battle-history">Turn 16</h2><div class="chat chatmessage-inkbug1 mine"><strong style="color:#e46e0f"><small>☆</small><span class="username" data-name="inkbug1">inkbug1</span>:</strong> <em>oh i dont like that</em></div><div class="chat chatmessage-inkbug1 mine"><strong style="color:#e46e0f"><small>☆</small><span class="username" data-name="inkbug1">inkbug1</span>:</strong> <em>oh screens still up </em></div><div class="chat chatmessage-inkbug1 mine"><strong style="color:#e46e0f"><small>☆</small><span class="username" data-name="inkbug1">inkbug1</span>:</strong> <em>thank god</em></div><div class="spacer battle-history"><br></div><div class="battle-history">Sable, come back!<br></div><div class="battle-history">Go! Tomato (<strong>Drifblim-Variant</strong>)!<br></div><div class="battle-history"><small>Pointed stones dug into Tomato!</small><br></div><div class="spacer battle-history"><br></div><div class="battle-history">The opposing Michu used <strong>Swords Dance</strong>!<br></div><div class="battle-history"><small>The opposing Michu's Attack rose sharply!</small><br></div><div class="spacer battle-history"><br></div><div class="battle-history"><small>(The sunlight is strong.)</small><br></div><div class="battle-history"><small>Tomato restored a little HP using its Leftovers!</small><br></div><div class="battle-history"><small>The opposing team's Light Screen wore off!</small><br></div><div class="spacer battle-history"><br></div><h2 class="battle-history">Turn 17</h2><div class="spacer battle-history"><br></div><div class="battle-history">Tomato used <strong>Strength Sap</strong>!<br></div><div class="battle-history"><small>The opposing Michu's Attack fell!</small><br></div><div class="battle-history"><small>Tomato had its HP restored.</small><br></div><div class="spacer battle-history"><br></div><div class="battle-history">The opposing Michu used <strong>Pain Split</strong>!<br></div><div class="battle-history"><small>The battlers shared their pain!</small><br></div><div class="spacer battle-history"><br></div><div class="battle-history"><small>(The sunlight is strong.)</small><br></div><div class="battle-history"><small>Tomato restored a little HP using its Leftovers!</small><br></div><div class="spacer battle-history"><br></div><h2 class="battle-history">Turn 18</h2><div class="spacer battle-history"><br></div><div class="battle-history">Tomato used <strong>Mind Blown</strong>!<br></div><div class="battle-history"><small>A critical hit!</small><br></div><div class="battle-history"><small>(The opposing Michu lost 100% of its health!)</small><br></div><div class="battle-history"><small>(Tomato cut its own HP to power up its move!)</small><br></div><div class="battle-history">[Tomato's Emergency Exit]<br></div><div class="spacer battle-history"><br></div><div class="battle-history">The opposing Michu fainted!<br></div><div class="chat chatmessage-inkbug1 mine"><strong style="color:#e46e0f"><small>☆</small><span class="username" data-name="inkbug1">inkbug1</span>:</strong> <em>WHGDKJFGHFKG&lt;MDFn</em></div><div class="chat chatmessage-godofjoe"><strong style="color:#a523c9"><small>☆</small><span class="username" data-name="god of joe">god of joe</span>:</strong> <em>I W A AN LKA;WJ FLKJA G</em></div><div class="chat chatmessage-h2opulse"><strong style="color:#6e8c2b"><small>+</small><span class="username" data-name="H2OPulse">H2OPulse</span>:</strong> <em>AHSHDJFJF</em></div><div class="chat chatmessage-godofjoe"><strong style="color:#a523c9"><small>☆</small><span class="username" data-name="god of joe">god of joe</span>:</strong> <em>wOULD I HAVE LIVED THAT</em></div><div class="chat chatmessage-godofjoe"><strong style="color:#a523c9"><small>☆</small><span class="username" data-name="god of joe">god of joe</span>:</strong> <em>im eviolite</em></div><div class="chat chatmessage-inkbug1 mine"><strong style="color:#e46e0f"><small>☆</small><span class="username" data-name="inkbug1">inkbug1</span>:</strong> <em>i... whats your investment hold on</em></div><div class="chat chatmessage-h2opulse"><strong style="color:#6e8c2b"><small>+</small><span class="username" data-name="H2OPulse">H2OPulse</span>:</strong> <em>I HAVE NO IDEA</em></div><div class="chat chatmessage-godofjoe"><strong style="color:#a523c9"><small>☆</small><span class="username" data-name="god of joe">god of joe</span>:</strong> <em>144 hp</em></div><div class="chat chatmessage-h2opulse"><strong style="color:#6e8c2b"><small>+</small><span class="username" data-name="H2OPulse">H2OPulse</span>:</strong> <em>to be fair it has 225 BP but--</em></div><div class="chat chatmessage-h2opulse"><strong style="color:#6e8c2b"><small>+</small><span class="username" data-name="H2OPulse">H2OPulse</span>:</strong> <em>(in the sun)</em></div><div class="chat chatmessage-inkbug1 mine"><strong style="color:#e46e0f"><small>☆</small><span class="username" data-name="inkbug1">inkbug1</span>:</strong> <em>calc says guaranteed 2hko</em></div><div class="chat chatmessage-inkbug1 mine"><strong style="color:#e46e0f"><small>☆</small><span class="username" data-name="inkbug1">inkbug1</span>:</strong> <em>so </em></div><div class="chat chatmessage-inkbug1 mine"><strong style="color:#e46e0f"><small>☆</small><span class="username" data-name="inkbug1">inkbug1</span>:</strong> <em>ngbdfhj</em></div><div class="chat chatmessage-godofjoe"><strong style="color:#a523c9"><small>☆</small><span class="username" data-name="god of joe">god of joe</span>:</strong> <em>oh my god little baby would have chewed</em></div><div class="chat chatmessage-inkbug1 mine"><strong style="color:#e46e0f"><small>☆</small><span class="username" data-name="inkbug1">inkbug1</span>:</strong> <em>waui t</em></div><div class="chat"><small>+H2OPulse left</small></div><div class="chat chatmessage-inkbug1 mine"><strong style="color:#e46e0f"><small>☆</small><span class="username" data-name="inkbug1">inkbug1</span>:</strong> <em>i forgot to put sun but its the same yeah</em></div><div class="chat chatmessage-inkbug1 mine"><strong style="color:#e46e0f"><small>☆</small><span class="username" data-name="inkbug1">inkbug1</span>:</strong> <em>252 SpA Drifblim-Variant Mind Blown vs. 144 HP / 0 SpD Eviolite Michu in Sun: 192-226 (77.7 - 91.4%) -- guaranteed 2HKO</em></div><div class="chat"><small>+H2OPulse joined</small></div><div class="chat chatmessage-h2opulse"><strong style="color:#6e8c2b"><small>+</small><span class="username" data-name="H2OPulse">H2OPulse</span>:</strong> <em>sorryIdisconnected--</em></div><div class="chat chatmessage-h2opulse"><strong style="color:#6e8c2b"><small>+</small><span class="username" data-name="H2OPulse">H2OPulse</span>:</strong> <em>Mmskdhfj</em></div><div class="chat chatmessage-inkbug1 mine"><strong style="color:#e46e0f"><small>☆</small><span class="username" data-name="inkbug1">inkbug1</span>:</strong> <em>you werent at full so maybe would have killed it would b a range</em></div><div class="chat chatmessage-h2opulse"><strong style="color:#6e8c2b"><small>+</small><span class="username" data-name="H2OPulse">H2OPulse</span>:</strong> <em>She was at full from Pain Split!</em></div><div class="chat chatmessage-godofjoe"><strong style="color:#a523c9"><small>☆</small><span class="username" data-name="god of joe">god of joe</span>:</strong> <em>i was at full </em></div><div class="chat chatmessage-inkbug1 mine"><strong style="color:#e46e0f"><small>☆</small><span class="username" data-name="inkbug1">inkbug1</span>:</strong> <em>i thought </em></div><div class="chat chatmessage-h2opulse"><strong style="color:#6e8c2b"><small>+</small><span class="username" data-name="H2OPulse">H2OPulse</span>:</strong> <em>(It says it did 100%)</em></div><div class="chat chatmessage-godofjoe"><strong style="color:#a523c9"><small>☆</small><span class="username" data-name="god of joe">god of joe</span>:</strong> <em>i Pain Splitted:tm:</em></div><div class="chat chatmessage-inkbug1 mine"><strong style="color:#e46e0f"><small>☆</small><span class="username" data-name="inkbug1">inkbug1</span>:</strong> <em>ok i must have misread </em></div><div class="chat chatmessage-inkbug1 mine"><strong style="color:#e46e0f"><small>☆</small><span class="username" data-name="inkbug1">inkbug1</span>:</strong> <em>yeah i remembered that </em></div><div class="spacer battle-history"><br></div><div class="battle-history">Tomato, come back!<br></div><div class="battle-history">Go! Trace (<strong>Aleon</strong>)!<br></div><div class="battle-history"><small>Pointed stones dug into Trace!</small><br></div><div class="spacer battle-history"><br></div><div class="battle-history"><small>(The sunlight is strong.)</small><br></div><div class="chat chatmessage-godofjoe"><strong style="color:#a523c9"><small>☆</small><span class="username" data-name="god of joe">god of joe</span>:</strong> <em>little michu chewing...</em></div><div class="chat chatmessage-h2opulse"><strong style="color:#6e8c2b"><small>+</small><span class="username" data-name="H2OPulse">H2OPulse</span>:</strong> <em>That's so funny okay--</em></div><div class="chat chatmessage-h2opulse"><strong style="color:#6e8c2b"><small>+</small><span class="username" data-name="H2OPulse">H2OPulse</span>:</strong> <em>I can't believe she could live</em></div><div class="chat chatmessage-godofjoe"><strong style="color:#a523c9"><small>☆</small><span class="username" data-name="god of joe">god of joe</span>:</strong> <em>incredible</em></div><div class="chat chatmessage-godofjoe"><strong style="color:#a523c9"><small>☆</small><span class="username" data-name="god of joe">god of joe</span>:</strong> <em>that's a sun and stab boosted 225 bp move </em></div><div class="chat chatmessage-godofjoe"><strong style="color:#a523c9"><small>☆</small><span class="username" data-name="god of joe">god of joe</span>:</strong> <em>oh wait uh</em></div><div class="chat chatmessage-godofjoe"><strong style="color:#a523c9"><small>☆</small><span class="username" data-name="god of joe">god of joe</span>:</strong> <em>150 bp</em></div><div class="chat chatmessage-godofjoe"><strong style="color:#a523c9"><small>☆</small><span class="username" data-name="god of joe">god of joe</span>:</strong> <em>same thing.</em></div><div class="chat chatmessage-h2opulse"><strong style="color:#6e8c2b"><small>+</small><span class="username" data-name="H2OPulse">H2OPulse</span>:</strong> <em>yeah :'D</em></div><div class="spacer battle-history"><br></div><div class="battle-history">god of joe sent out Klefki (<strong>Klefki-Galar</strong>)!<br></div><div class="chat"><ul class="utilichart"><li class="result"><span class="col pokemonnamecol" style="white-space: nowrap">Klefki-Galar</span> <span class="col typecol"><img src="https://dragonheaven.herokuapp.com/sprites/types/Steel.png" alt="Steel" height="14" width="32"><img src="https://dragonheaven.herokuapp.com/sprites/types/Dark.png" alt="Dark" height="14" width="32"></span> <span style="float: left ; min-height: 26px"><span class="col abilitycol">Hunger Switch</span><span class="col abilitycol"></span></span></li><li style="clear: both"></li></ul></div><div class="chat"><ul class="utilichart"><li class="result"><span style="float: left ; min-height: 26px"><span class="col statcol"><em>HP</em><br>57</span> <span class="col statcol"><em>Atk</em><br>60</span> <span class="col statcol"><em>Def</em><br>106</span> <span class="col statcol"><em>SpA</em><br>70</span> <span class="col statcol"><em>SpD</em><br>87</span> <span class="col statcol"><em>Spe</em><br>90</span> </span></li><li style="clear: both"></li></ul></div><div class="battle-history"><small>(Klefki-Galar was created by Albatross!)</small><br></div><div class="spacer battle-history"><br></div><h2 class="battle-history">Turn 19</h2><div class="spacer battle-history"><br></div><div class="battle-history">Trace used <strong>Weather Ball</strong>!<br></div><div class="battle-history"><small>It's super effective!</small><br></div><div class="battle-history"><small>(The opposing Klefki lost 72% of its health!)</small><br></div><div class="spacer battle-history"><br></div><div class="battle-history">The opposing Klefki used <strong>Swords Dance</strong>!<br></div><div class="battle-history"><small>The opposing Klefki's Attack rose sharply!</small><br></div><div class="spacer battle-history"><br></div><div class="battle-history"><small>(The sunlight is strong.)</small><br></div><div class="battle-history"><small>The opposing Klefki restored a little HP using its Leftovers!</small><br></div><div class="battle-history">[The opposing Klefki's Hunger Switch]<br></div><div class="battle-history"><small>Klefki changed to Revealed Mode!</small><br></div><div class="chat"><ul class="utilichart"><li class="result"><span class="col pokemonnamecol" style="white-space: nowrap">Klefki-Galar-Revealed</span> <span class="col typecol"><img src="https://dragonheaven.herokuapp.com/sprites/types/Fairy.png" alt="Fairy" height="14" width="32"><img src="https://dragonheaven.herokuapp.com/sprites/types/Dark.png" alt="Dark" height="14" width="32"></span> <span style="float: left ; min-height: 26px"><span class="col abilitycol">Hunger Switch</span><span class="col abilitycol"></span></span><span style="float: left ; min-height: 26px"><span class="col statcol"><em>HP</em><br>57</span> <span class="col statcol"><em>Atk</em><br>116</span> <span class="col statcol"><em>Def</em><br>50</span> <span class="col statcol"><em>SpA</em><br>70</span> <span class="col statcol"><em>SpD</em><br>87</span> <span class="col statcol"><em>Spe</em><br>90</span> </span></li><li style="clear: both"></li></ul></div><div class="spacer battle-history"><br></div><h2 class="battle-history">Turn 20</h2><div class="chat chatmessage-inkbug1 mine"><strong style="color:#e46e0f"><small>☆</small><span class="username" data-name="inkbug1">inkbug1</span>:</strong> <em>that didtn do as much as i hoped it would</em></div><div class="spacer battle-history"><br></div><div class="battle-history">The opposing Klefki used <strong>Protect</strong>!<br></div><div class="battle-history"><small>The opposing Klefki protected itself!</small><br></div><div class="spacer battle-history"><br></div><div class="battle-history">Trace used <strong>Solar Beam</strong>!<br></div><div class="battle-history"><small>Trace absorbed light!</small><br></div><div class="battle-history"><small>The opposing Klefki protected itself!</small><br></div><div class="spacer battle-history"><br></div><div class="battle-history"><small>(The sunlight is strong.)</small><br></div><div class="battle-history"><small>The opposing Klefki restored a little HP using its Leftovers!</small><br></div><div class="battle-history">[The opposing Klefki's Hunger Switch]<br></div><div class="battle-history"><small>Klefki changed to Lure Mode!</small><br></div><div class="spacer battle-history"><br></div><h2 class="battle-history">Turn 21</h2><div class="spacer battle-history"><br></div><div class="battle-history">god of joe withdrew Klefki!<br></div><div class="battle-history">god of joe sent out <strong>Playdol</strong>!<br></div><div class="spacer battle-history"><br></div><div class="battle-history">Trace used <strong>Weather Ball</strong>!<br></div><div class="battle-history"><small>(The opposing Playdol lost 39% of its health!)</small><br></div><div class="spacer battle-history"><br></div><div class="battle-history">The opposing Playdol fainted!<br></div><div class="spacer battle-history"><br></div><div class="battle-history"><small>The harsh sunlight faded.</small><br></div><div class="spacer battle-history"><br></div><div class="battle-history">god of joe sent out Klefki (<strong>Klefki-Galar</strong>)!<br></div><div class="spacer battle-history"><br></div><h2 class="battle-history">Turn 22</h2><div class="chat chatmessage-inkbug1 mine"><strong style="color:#e46e0f"><small>☆</small><span class="username" data-name="inkbug1">inkbug1</span>:</strong> <em>oh fuck right i forgot drifblim just cant switch in again </em></div><div class="chat chatmessage-inkbug1 mine"><strong style="color:#e46e0f"><small>☆</small><span class="username" data-name="inkbug1">inkbug1</span>:</strong> <em>dang </em></div><div class="chat chatmessage-inkbug1 mine"><strong style="color:#e46e0f"><small>☆</small><span class="username" data-name="inkbug1">inkbug1</span>:</strong> <em>well fun while it lasted</em></div><div class="chat chatmessage-godofjoe"><strong style="color:#a523c9"><small>☆</small><span class="username" data-name="god of joe">god of joe</span>:</strong> <em>the funny...</em></div><div class="chat chatmessage-h2opulse"><strong style="color:#6e8c2b"><small>+</small><span class="username" data-name="H2OPulse">H2OPulse</span>:</strong> <em>he went out on incredible terms though......</em></div><div class="spacer battle-history"><br></div><div class="battle-history">Trace used <strong>Wish</strong>!<br></div><div class="spacer battle-history"><br></div><div class="battle-history">The opposing Klefki used <strong>Swords Dance</strong>!<br></div><div class="battle-history"><small>The opposing Klefki's Attack rose sharply!</small><br></div><div class="spacer battle-history"><br></div><div class="battle-history"><small>The opposing Klefki restored a little HP using its Leftovers!</small><br></div><div class="battle-history">[The opposing Klefki's Hunger Switch]<br></div><div class="battle-history"><small>Klefki changed to Revealed Mode!</small><br></div><div class="spacer battle-history"><br></div><h2 class="battle-history">Turn 23</h2><div class="spacer battle-history"><br></div><div class="battle-history">The opposing Klefki used <strong>Protect</strong>!<br></div><div class="battle-history"><small>The opposing Klefki protected itself!</small><br></div><div class="spacer battle-history"><br></div><div class="battle-history">Trace used <strong>Solar Beam</strong>!<br></div><div class="battle-history"><small>Trace absorbed light!</small><br></div><div class="battle-history"><small>Trace became fully charged due to its Power Herb!</small><br></div><div class="battle-history"><small>The opposing Klefki protected itself!</small><br></div><div class="spacer battle-history"><br></div><div class="battle-history"><small>Trace's wish came true!</small><br></div><div class="battle-history"><small>The opposing Klefki restored a little HP using its Leftovers!</small><br></div><div class="battle-history">[The opposing Klefki's Hunger Switch]<br></div><div class="battle-history"><small>Klefki changed to Lure Mode!</small><br></div><div class="spacer battle-history"><br></div><h2 class="battle-history">Turn 24</h2><div class="chat chatmessage-inkbug1 mine"><strong style="color:#e46e0f"><small>☆</small><span class="username" data-name="inkbug1">inkbug1</span>:</strong> <em>lol</em></div><div class="chat chatmessage-h2opulse"><strong style="color:#6e8c2b"><small>+</small><span class="username" data-name="H2OPulse">H2OPulse</span>:</strong> <em>Oof fair--</em></div><div class="chat chatmessage-godofjoe"><strong style="color:#a523c9"><small>☆</small><span class="username" data-name="god of joe">god of joe</span>:</strong> <em>that was rly close to working fwiw</em></div><div class="spacer battle-history"><br></div><div class="battle-history">Trace used <strong>Wish</strong>!<br></div><div class="spacer battle-history"><br></div><div class="battle-history">The opposing Klefki used <strong>Play Rough</strong>!<br></div><div class="battle-history"><small>(Trace lost <abbr title="−152/409">37.2%</abbr> of its health!)</small><br></div><div class="spacer battle-history"><br></div><div class="battle-history"><small>The opposing Klefki restored a little HP using its Leftovers!</small><br></div><div class="battle-history">[The opposing Klefki's Hunger Switch]<br></div><div class="battle-history"><small>Klefki changed to Revealed Mode!</small><br></div><div class="spacer battle-history"><br></div><h2 class="battle-history">Turn 25</h2><div class="spacer battle-history"><br></div><div class="battle-history">Trace, come back!<br></div><div class="battle-history">Go! Sable (<strong>Gigalith-Kalos</strong>)!<br></div><div class="battle-history"><small>Pointed stones dug into Sable!</small><br></div><div class="battle-history">[Sable's Drought]<br><small>The sunlight turned harsh!</small><br></div><div class="spacer battle-history"><br></div><div class="battle-history">The opposing Klefki used <strong>Protect</strong>!<br></div><div class="battle-history"><small>But it failed!</small><br></div><div class="spacer battle-history"><br></div><div class="battle-history"><small>(The sunlight is strong.)</small><br></div><div class="battle-history"><small>Trace's wish came true!</small><br></div><div class="battle-history"><small>The opposing Klefki restored a little HP using its Leftovers!</small><br></div><div class="battle-history">[The opposing Klefki's Hunger Switch]<br></div><div class="battle-history"><small>Klefki changed to Lure Mode!</small><br></div><div class="spacer battle-history"><br></div><h2 class="battle-history">Turn 26</h2><div class="spacer battle-history"><br></div><div class="battle-history">The opposing Klefki used <strong>Protect</strong>!<br></div><div class="battle-history"><small>The opposing Klefki protected itself!</small><br></div><div class="spacer battle-history"><br></div><div class="battle-history">Sable used <strong>Weather Ball</strong>!<br></div><div class="battle-history"><small>The opposing Klefki protected itself!</small><br></div><div class="spacer battle-history"><br></div><div class="battle-history"><small>(The sunlight is strong.)</small><br></div><div class="battle-history"><small>The opposing Klefki restored a little HP using its Leftovers!</small><br></div><div class="battle-history">[The opposing Klefki's Hunger Switch]<br></div><div class="battle-history"><small>Klefki changed to Revealed Mode!</small><br></div><div class="spacer battle-history"><br></div><h2 class="battle-history">Turn 27</h2><div class="spacer battle-history"><br></div><div class="battle-history">The opposing Klefki used <strong>Knock Off</strong>!<br></div><div class="battle-history"><small>(Sable lost <abbr title="−202/374">54.0%</abbr> of its health!)</small><br></div><div class="battle-history"><small>The opposing Klefki knocked off Sable's Heat Rock!</small><br></div><div class="spacer battle-history"><br></div><div class="battle-history">Sable used <strong>Solar Beam</strong>!<br></div><div class="battle-history"><small>Sable absorbed light!</small><br></div><div class="battle-history"><small>(The opposing Klefki lost 60% of its health!)</small><br></div><div class="spacer battle-history"><br></div><div class="battle-history"><small>(The sunlight is strong.)</small><br></div><div class="battle-history"><small>The opposing Klefki restored a little HP using its Leftovers!</small><br></div><div class="battle-history">[The opposing Klefki's Hunger Switch]<br></div><div class="battle-history"><small>Klefki changed to Lure Mode!</small><br></div><div class="spacer battle-history"><br></div><h2 class="battle-history">Turn 28</h2><div class="chat chatmessage-h2opulse"><strong style="color:#6e8c2b"><small>+</small><span class="username" data-name="H2OPulse">H2OPulse</span>:</strong> <em>Klefki is so cool</em></div><div class="chat chatmessage-h2opulse"><strong style="color:#6e8c2b"><small>+</small><span class="username" data-name="H2OPulse">H2OPulse</span>:</strong> <em>It's definitely worth Protect</em></div><div class="chat chatmessage-h2opulse"><strong style="color:#6e8c2b"><small>+</small><span class="username" data-name="H2OPulse">H2OPulse</span>:</strong> <em>I was running Spikes in the last slot for a bit but I also switched to Protect a few games ago</em></div><div class="spacer battle-history"><br></div><div class="battle-history">Sable, come back!<br></div><div class="battle-history">Go! Trace (<strong>Aleon</strong>)!<br></div><div class="battle-history"><small>Pointed stones dug into Trace!</small><br></div><div class="spacer battle-history"><br></div><div class="battle-history">The opposing Klefki used <strong>Protect</strong>!<br></div><div class="battle-history"><small>But it failed!</small><br></div><div class="spacer battle-history"><br></div><div class="battle-history"><small>(The sunlight is strong.)</small><br></div><div class="battle-history"><small>The opposing Klefki restored a little HP using its Leftovers!</small><br></div><div class="battle-history">[The opposing Klefki's Hunger Switch]<br></div><div class="battle-history"><small>Klefki changed to Revealed Mode!</small><br></div><div class="spacer battle-history"><br></div><h2 class="battle-history">Turn 29</h2><div class="chat chatmessage-h2opulse"><strong style="color:#6e8c2b"><small>+</small><span class="username" data-name="H2OPulse">H2OPulse</span>:</strong> <em>Man I love its icons mskfj</em></div><div class="spacer battle-history"><br></div><div class="battle-history">Trace used <strong>Wish</strong>!<br></div><div class="spacer battle-history"><br></div><div class="battle-history">The opposing Klefki used <strong>Play Rough</strong>!<br></div><div class="battle-history"><small>(Trace lost <abbr title="−206/409">50.4%</abbr> of its health!)</small><br></div><div class="spacer battle-history"><br></div><div class="battle-history">Trace fainted!<br></div><div class="spacer battle-history"><br></div><div class="battle-history"><small>(The sunlight is strong.)</small><br></div><div class="battle-history"><small>The opposing Klefki restored a little HP using its Leftovers!</small><br></div><div class="battle-history">[The opposing Klefki's Hunger Switch]<br></div><div class="battle-history"><small>Klefki changed to Lure Mode!</small><br></div><div class="chat chatmessage-inkbug1 mine"><strong style="color:#e46e0f"><small>☆</small><span class="username" data-name="inkbug1">inkbug1</span>:</strong> <em>a </em></div><div class="chat chatmessage-h2opulse"><strong style="color:#6e8c2b"><small>+</small><span class="username" data-name="H2OPulse">H2OPulse</span>:</strong> <em>Ow,,,</em></div><div class="chat chatmessage-godofjoe"><strong style="color:#a523c9"><small>☆</small><span class="username" data-name="god of joe">god of joe</span>:</strong> <em>this thing with protect is</em></div><div class="spacer battle-history"><br></div><div class="battle-history">Go! Oreo (<strong>Tenoris</strong>)!<br></div><div class="battle-history"><small>Pointed stones dug into Oreo!</small><br></div><div class="chat"><ul class="utilichart"><li class="result"><span class="col pokemonnamecol" style="white-space: nowrap">Tenoris</span> <span class="col typecol"><img src="https://dragonheaven.herokuapp.com/sprites/types/Ice.png" alt="Ice" height="14" width="32"><img src="https://dragonheaven.herokuapp.com/sprites/types/Dragon.png" alt="Dragon" height="14" width="32"></span> <span style="float: left ; min-height: 26px"><span class="col abilitycol">Volt Absorb / Slush Rush</span><span class="col abilitycol"></span></span></li><li style="clear: both"></li></ul></div><div class="chat"><ul class="utilichart"><li class="result"><span style="float: left ; min-height: 26px"><span class="col statcol"><em>HP</em><br>75</span> <span class="col statcol"><em>Atk</em><br>110</span> <span class="col statcol"><em>Def</em><br>70</span> <span class="col statcol"><em>SpA</em><br>80</span> <span class="col statcol"><em>SpD</em><br>75</span> <span class="col statcol"><em>Spe</em><br>80</span> </span></li><li style="clear: both"></li></ul></div><div class="battle-history"><small>(Tenoris was created by Albatross!)</small><br></div><div class="spacer battle-history"><br></div><h2 class="battle-history">Turn 30</h2><div class="chat chatmessage-godofjoe"><strong style="color:#a523c9"><small>☆</small><span class="username" data-name="god of joe">god of joe</span>:</strong> <em>terrifyingly durable</em></div><div class="chat chatmessage-h2opulse"><strong style="color:#6e8c2b"><small>+</small><span class="username" data-name="H2OPulse">H2OPulse</span>:</strong> <em>Y e s</em></div><div class="spacer battle-history"><br></div><div class="battle-history">The opposing Klefki used <strong>Protect</strong>!<br></div><div class="battle-history"><small>The opposing Klefki protected itself!</small><br></div><div class="spacer battle-history"><br></div><div class="battle-history">Oreo used <strong>Heat Wave</strong>!<br></div><div class="battle-history"><small>The opposing Klefki protected itself!</small><br></div><div class="spacer battle-history"><br></div><div class="battle-history"><small>(The sunlight is strong.)</small><br></div><div class="battle-history"><small>Trace's wish came true!</small><br></div><div class="battle-history"><small>The opposing Klefki restored a little HP using its Leftovers!</small><br></div><div class="battle-history">[The opposing Klefki's Hunger Switch]<br></div><div class="battle-history"><small>Klefki changed to Revealed Mode!</small><br></div><div class="spacer battle-history"><br></div><h2 class="battle-history">Turn 31</h2><div class="spacer battle-history"><br></div><div class="battle-history">The opposing Klefki used <strong>Play Rough</strong>!<br></div><div class="battle-history"><small>It's super effective!</small><br></div><div class="battle-history"><small>Oreo hung on using its Focus Sash!</small><br></div><div class="battle-history"><small>(Oreo lost <abbr title="−290/291">99.7%</abbr> of its health!)</small><br></div><div class="spacer battle-history"><br></div><div class="battle-history">Oreo used <strong>Ice Beam</strong>!<br></div><div class="battle-history"><small>(The opposing Klefki lost 33% of its health!)</small><br></div><div class="spacer battle-history"><br></div><div class="battle-history">The opposing Klefki fainted!<br></div><div class="spacer battle-history"><br></div><div class="battle-history"><small>(The sunlight is strong.)</small><br></div><div class="chat chatmessage-inkbug1 mine"><strong style="color:#e46e0f"><small>☆</small><span class="username" data-name="inkbug1">inkbug1</span>:</strong> <em>exhales</em></div><div class="spacer battle-history"><br></div><div class="battle-history">god of joe sent out Dewgong (<strong>Dewgong-Variant</strong>)!<br></div><div class="spacer battle-history"><br></div><h2 class="battle-history">Turn 32</h2><div class="spacer battle-history"><br></div><div class="battle-history">Oreo used <strong>Heat Wave</strong>!<br></div><div class="battle-history"><small>(The opposing Dewgong lost 26% of its health!)</small><br></div><div class="spacer battle-history"><br></div><div class="battle-history">The opposing Dewgong used <strong>Echoed Voice</strong>!<br></div><div class="battle-history"><small>(Oreo lost <abbr title="−1/291">0.3%</abbr> of its health!)</small><br></div><div class="spacer battle-history"><br></div><div class="battle-history">Oreo fainted!<br></div><div class="spacer battle-history"><br></div><div class="battle-history"><small>The harsh sunlight faded.</small><br></div><div class="spacer battle-history"><br></div><div class="battle-history">Go! Tomato (<strong>Drifblim-Variant</strong>)!<br></div><div class="battle-history"><small>Pointed stones dug into Tomato!</small><br></div><div class="spacer battle-history"><br></div><div class="battle-history">Tomato fainted!<br></div><div class="chat chatmessage-inkbug1 mine"><strong style="color:#e46e0f"><small>☆</small><span class="username" data-name="inkbug1">inkbug1</span>:</strong> <em>gg</em></div><div class="spacer battle-history"><br></div><div class="battle-history">Go! Sable (<strong>Gigalith-Kalos</strong>)!<br></div><div class="battle-history"><small>Pointed stones dug into Sable!</small><br></div><div class="battle-history">[Sable's Drought]<br><small>The sunlight turned harsh!</small><br></div><div class="spacer battle-history"><br></div><h2 class="battle-history">Turn 33</h2><div class="chat chatmessage-godofjoe"><strong style="color:#a523c9"><small>☆</small><span class="username" data-name="god of joe">god of joe</span>:</strong> <em>gg!</em></div><div class="spacer battle-history"><br></div><div class="battle-history">The opposing Dewgong used <strong>Echoed Voice</strong>!<br></div><div class="battle-history"><small>It's not very effective...</small><br></div><div class="battle-history"><small>(Sable lost <abbr title="−79/374">21.1%</abbr> of its health!)</small><br></div><div class="spacer battle-history"><br></div><div class="battle-history">Sable used <strong>Solar Beam</strong>!<br></div><div class="battle-history"><small>Sable absorbed light!</small><br></div><div class="battle-history"><small>(The opposing Dewgong lost 32% of its health!)</small><br></div><div class="spacer battle-history"><br></div><div class="battle-history"><small>(The sunlight is strong.)</small><br></div><div class="spacer battle-history"><br></div><h2 class="battle-history">Turn 34</h2><div class="spacer battle-history"><br></div><div class="battle-history">The opposing Dewgong used <strong>Echoed Voice</strong>!<br></div><div class="battle-history"><small>It's not very effective...</small><br></div><div class="battle-history"><small>(Sable lost <abbr title="−47/374">12.6%</abbr> of its health!)</small><br></div><div class="spacer battle-history"><br></div><div class="battle-history">Sable fainted!<br></div><div class="spacer battle-history"><br></div><div class="battle-history"><strong>god of joe</strong> won the battle!<br></div><div class="chat chatmessage-godofjoe"><strong style="color:#a523c9"><small>☆</small><span class="username" data-name="god of joe">god of joe</span>:</strong> <em>i love that drifblim</em></div><div class="chat chatmessage-h2opulse"><strong style="color:#6e8c2b"><small>+</small><span class="username" data-name="H2OPulse">H2OPulse</span>:</strong> <em>That was a really good game!!! Well played both O:</em></div><div class="chat chatmessage-h2opulse"><strong style="color:#6e8c2b"><small>+</small><span class="username" data-name="H2OPulse">H2OPulse</span>:</strong> <em>s a m e</em></div><div class="chat chatmessage-inkbug1 mine"><strong style="color:#e46e0f"><small>☆</small><span class="username" data-name="inkbug1">inkbug1</span>:</strong> <em>i also love that drifblim</em></div><div class="chat chatmessage-inkbug1 mine"><strong style="color:#e46e0f"><small>☆</small><span class="username" data-name="inkbug1">inkbug1</span>:</strong> <em>usually this team works a little better if i dont lose my spinner 2 turns in but also who am i kidding its always like that its type matchups are all over the place-</em></div><div class="chat chatmessage-h2opulse"><strong style="color:#6e8c2b"><small>+</small><span class="username" data-name="H2OPulse">H2OPulse</span>:</strong> <em>Kshdjdjfkf--</em></div><div class="chat chatmessage-h2opulse"><strong style="color:#6e8c2b"><small>+</small><span class="username" data-name="H2OPulse">H2OPulse</span>:</strong> <em><i>I mean historically it has been very successful</i></em></div><div class="chat chatmessage-inkbug1 mine"><strong style="color:#e46e0f"><small>☆</small><span class="username" data-name="inkbug1">inkbug1</span>:</strong> <em>i mean i dont think its actually <i>won</i> one-</em></div><div class="chat"><small>+regic boat left</small></div><div class="chat chatmessage-h2opulse"><strong style="color:#6e8c2b"><small>+</small><span class="username" data-name="H2OPulse">H2OPulse</span>:</strong> <em>fair but it feels very threatening to fight--</em></div><div class="chat chatmessage-inkbug1 mine"><strong style="color:#e46e0f"><small>☆</small><span class="username" data-name="inkbug1">inkbug1</span>:</strong> <em>i think this team has a 0% win rate so far but every game is hilarious</em></div><div class="chat chatmessage-h2opulse"><strong style="color:#6e8c2b"><small>+</small><span class="username" data-name="H2OPulse">H2OPulse</span>:</strong> <em>it's gotten very close and also been incredibly funny at all times</em></div></div><div class="inner-preempt message-log"></div></div></div>
</div>
<script>
let daily = Math.floor(Date.now()/1000/60/60/24);document.write('<script src="https://dragonheaven.herokuapp.com/js/replay-embed.js?version'+daily+'"></'+'script>');
</script>
