<!DOCTYPE html>
<meta charset="utf-8" />
<!-- version 1 -->
<title>[Gen 8] Evolution Project replay: inkbug1 vs. H2OPulse</title>
<style>
html,body {font-family:Verdana, sans-serif;font-size:10pt;margin:0;padding:0;}body{padding:12px 0;} .battle-log {font-family:Verdana, sans-serif;font-size:10pt;} .battle-log-inline {border:1px solid #AAAAAA;background:#EEF2F5;color:black;max-width:640px;margin:0 auto 80px;padding-bottom:5px;} .battle-log .inner {padding:4px 8px 0px 8px;} .battle-log .inner-preempt {padding:0 8px 4px 8px;} .battle-log .inner-after {margin-top:0.5em;} .battle-log h2 {margin:0.5em -8px;padding:4px 8px;border:1px solid #AAAAAA;background:#E0E7EA;border-left:0;border-right:0;font-family:Verdana, sans-serif;font-size:13pt;} .battle-log .chat {vertical-align:middle;padding:3px 0 3px 0;font-size:8pt;} .battle-log .chat strong {color:#40576A;} .battle-log .chat em {padding:1px 4px 1px 3px;color:#000000;font-style:normal;} .chat.mine {background:rgba(0,0,0,0.05);margin-left:-8px;margin-right:-8px;padding-left:8px;padding-right:8px;} .spoiler {color:#BBBBBB;background:#BBBBBB;padding:0px 3px;} .spoiler:hover, .spoiler:active, .spoiler-shown {color:#000000;background:#E2E2E2;padding:0px 3px;} .spoiler a {color:#BBBBBB;} .spoiler:hover a, .spoiler:active a, .spoiler-shown a {color:#2288CC;} .chat code, .chat .spoiler:hover code, .chat .spoiler:active code, .chat .spoiler-shown code {border:1px solid #C0C0C0;background:#EEEEEE;color:black;padding:0 2px;} .chat .spoiler code {border:1px solid #CCCCCC;background:#CCCCCC;color:#CCCCCC;} .battle-log .rated {padding:3px 4px;} .battle-log .rated strong {color:white;background:#89A;padding:1px 4px;border-radius:4px;} .spacer {margin-top:0.5em;} .message-announce {background:#6688AA;color:white;padding:1px 4px 2px;} .message-announce a, .broadcast-green a, .broadcast-blue a, .broadcast-red a {color:#DDEEFF;} .broadcast-green {background-color:#559955;color:white;padding:2px 4px;} .broadcast-blue {background-color:#6688AA;color:white;padding:2px 4px;} .infobox {border:1px solid #6688AA;padding:2px 4px;} .infobox-limited {max-height:200px;overflow:auto;overflow-x:hidden;} .broadcast-red {background-color:#AA5544;color:white;padding:2px 4px;} .message-learn-canlearn {font-weight:bold;color:#228822;text-decoration:underline;} .message-learn-cannotlearn {font-weight:bold;color:#CC2222;text-decoration:underline;} .message-effect-weak {font-weight:bold;color:#CC2222;} .message-effect-resist {font-weight:bold;color:#6688AA;} .message-effect-immune {font-weight:bold;color:#666666;} .message-learn-list {margin-top:0;margin-bottom:0;} .message-throttle-notice, .message-error {color:#992222;} .message-overflow, .chat small.message-overflow {font-size:0pt;} .message-overflow::before {font-size:9pt;content:'...';} .subtle {color:#3A4A66;}
</style>
<div class="wrapper replay-wrapper" style="max-width:1180px;margin:0 auto">
<input type="hidden" name="replayid" value="dragonheaven-gen8evolutionproject-85" />
<div class="battle"></div><div class="battle-log"></div><div class="replay-controls"></div><div class="replay-controls-2"></div>
<h1 style="font-weight:normal;text-align:center"><strong>[Gen 8] Evolution Project</strong><br /><a href="http://pokemonshowdown.com/users/inkbug1" class="subtle" target="_blank">inkbug1</a> vs. <a href="http://pokemonshowdown.com/users/h2opulse" class="subtle" target="_blank">H2OPulse</a></h1>
<script type="text/plain" class="battle-log-data">|j|☆inkbug1

|j|☆H2OPulse
|t:|1657764590
|player|p1|inkbug1|emmet|
|player|p2|H2OPulse|aetherfoundation|
|teamsize|p1|6
|teamsize|p2|6
|gametype|singles
|gen|8
|tier|[Gen 8] Evolution Project
|clearpoke
|poke|p1|Rotom|
|poke|p1|Alchemissus, F|
|poke|p1|Dolorak, F|
|poke|p1|Tyrandra, F|
|poke|p1|Cofagrigus-Unbound, M|
|poke|p1|Drifblim-Variant, M|
|poke|p2|Reuniclus-Neural, M|
|poke|p2|Orbeetle-Variant, M|
|poke|p2|Resurrectric, M|
|poke|p2|Milotic, M|
|poke|p2|Togekiss-Unidentified, F|
|poke|p2|Aleon, F|
|rule|HP Percentage Mod: HP is shown in percentages
|rule|Endless Battle Clause: Forcing endless battles is banned
|rule|OHKO Clause: OHKO moves are banned
|rule|Evasion Moves Clause: Evasion moves are banned
|rule|Species Clause: Limit one of each Pokémon
|rule|Dynamax Clause: You cannot dynamax
|rule|Sleep Clause Mod: Limit one foe put to sleep
|rule|Z-Move Clause: Type-based Z-Moves are banned
|teampreview
|c|☆H2OPulse|Good luck and have fun!!!
|c|☆H2OPulse|COFAGRIGUS
|j|+god of joe
|c|☆H2OPulse|YESS
|
|t:|1657764650
|start
|switch|p1a: Ruxxtin the Great|Cofagrigus-Unbound, M|319\/319
|switch|p2a: Froelichia|Orbeetle-Variant, M|100\/100
|-start|p2a: Froelichia|typechange|Bug\/Electric|[silent]
|raw|<ul class="utilichart"><li class="result"><span class="col pokemonnamecol" style="white-space: nowrap">Orbeetle-Variant<\/span> <span class="col typecol"><img src="https:\/\/dragonheaven.herokuapp.com\/sprites\/types\/Bug.png" alt="Bug" height="14" width="32"><img src="https:\/\/dragonheaven.herokuapp.com\/sprites\/types\/Electric.png" alt="Electric" height="14" width="32"><\/span> <span style="float: left ; min-height: 26px"><span class="col abilitycol">Swarm \/ Frisk \/ Cotton Down<\/span><span class="col abilitycol"><\/span><\/span><\/li><li style="clear: both"><\/li><\/ul>
|raw|<ul class="utilichart"><li class="result"><span style="float: left ; min-height: 26px"><span class="col statcol"><em>HP<\/em><br>60<\/span> <span class="col statcol"><em>Atk<\/em><br>45<\/span> <span class="col statcol"><em>Def<\/em><br>110<\/span> <span class="col statcol"><em>SpA<\/em><br>120<\/span> <span class="col statcol"><em>SpD<\/em><br>80<\/span> <span class="col statcol"><em>Spe<\/em><br>90<\/span> <\/span><\/li><li style="clear: both"><\/li><\/ul>
|-hint|Orbeetle-Variant was created by Magmajudis!
|-item|p1a: Ruxxtin the Great|Rocky Helmet|[from] ability: Frisk|[of] p2a: Froelichia|[identify]
|-start|p1a: Ruxxtin the Great|typechange|Dark|[silent]
|raw|<ul class="utilichart"><li class="result"><span class="col pokemonnamecol" style="white-space: nowrap">Cofagrigus-Unbound<\/span> <span class="col typecol"><img src="https:\/\/dragonheaven.herokuapp.com\/sprites\/types\/Dark.png" alt="Dark" height="14" width="32"><\/span> <span style="float: left ; min-height: 26px"><span class="col abilitycol">Pickpocket \/ Unburden<\/span><span class="col abilitycol"><\/span><\/span><\/li><li style="clear: both"><\/li><\/ul>
|raw|<ul class="utilichart"><li class="result"><span style="float: left ; min-height: 26px"><span class="col statcol"><em>HP<\/em><br>58<\/span> <span class="col statcol"><em>Atk<\/em><br>95<\/span> <span class="col statcol"><em>Def<\/em><br>145<\/span> <span class="col statcol"><em>SpA<\/em><br>50<\/span> <span class="col statcol"><em>SpD<\/em><br>90<\/span> <span class="col statcol"><em>Spe<\/em><br>45<\/span> <\/span><\/li><li style="clear: both"><\/li><\/ul>
|-hint|Cofagrigus-Unbound was created by inkbug!
|turn|1
|c|☆inkbug1|sprry was typing 
|
|t:|1657764736
|switch|p1a: Hornet|Dolorak, F|374\/374
|-start|p1a: Hornet|typechange|Bug\/Poison|[silent]
|raw|<ul class="utilichart"><li class="result"><span class="col pokemonnamecol" style="white-space: nowrap">Dolorak<\/span> <span class="col typecol"><img src="https:\/\/dragonheaven.herokuapp.com\/sprites\/types\/Bug.png" alt="Bug" height="14" width="32"><img src="https:\/\/dragonheaven.herokuapp.com\/sprites\/types\/Poison.png" alt="Poison" height="14" width="32"><\/span> <span style="float: left ; min-height: 26px"><span class="col abilitycol">Swarm \/ Insomnia \/ Prankster<\/span><span class="col abilitycol"><\/span><\/span><\/li><li style="clear: both"><\/li><\/ul>
|raw|<ul class="utilichart"><li class="result"><span style="float: left ; min-height: 26px"><span class="col statcol"><em>HP<\/em><br>85<\/span> <span class="col statcol"><em>Atk<\/em><br>110<\/span> <span class="col statcol"><em>Def<\/em><br>80<\/span> <span class="col statcol"><em>SpA<\/em><br>70<\/span> <span class="col statcol"><em>SpD<\/em><br>80<\/span> <span class="col statcol"><em>Spe<\/em><br>90<\/span> <\/span><\/li><li style="clear: both"><\/li><\/ul>
|-hint|Dolorak was created by BlueRay!
|move|p2a: Froelichia|Sticky Web|p1a: Hornet
|-sidestart|p1: inkbug1|move: Sticky Web
|
|upkeep
|turn|2
|c|☆inkbug1|oh fuck right i knew i was forgetting something
|c|☆inkbug1|ok well 
|c|☆H2OPulse|Oh is it hazard control
|c|☆H2OPulse|If it's any consolation my only hazard control is Defog
|c|☆inkbug1|hypothetically 
|c|☆inkbug1|oh right yeah 
|c|☆inkbug1|well im stacking them as usual so thats a relief 
|
|t:|1657764794
|switch|p2a: Touch-Me-Not|Reuniclus-Neural, M|100\/100
|-start|p2a: Touch-Me-Not|typechange|Fighting|[silent]
|raw|<ul class="utilichart"><li class="result"><span class="col pokemonnamecol" style="white-space: nowrap">Reuniclus-Neural<\/span> <span class="col typecol"><img src="https:\/\/dragonheaven.herokuapp.com\/sprites\/types\/Fighting.png" alt="Fighting" height="14" width="32"><\/span> <span style="float: left ; min-height: 26px"><span class="col abilitycol">Overcoat \/ Electric Surge \/ Regenerator<\/span><span class="col abilitycol"><\/span><\/span><\/li><li style="clear: both"><\/li><\/ul>
|raw|<ul class="utilichart"><li class="result"><span style="float: left ; min-height: 26px"><span class="col statcol"><em>HP<\/em><br>110<\/span> <span class="col statcol"><em>Atk<\/em><br>125<\/span> <span class="col statcol"><em>Def<\/em><br>65<\/span> <span class="col statcol"><em>SpA<\/em><br>65<\/span> <span class="col statcol"><em>SpD<\/em><br>85<\/span> <span class="col statcol"><em>Spe<\/em><br>40<\/span> <\/span><\/li><li style="clear: both"><\/li><\/ul>
|-hint|Reuniclus-Neural was created by ausma!
|-fieldstart|move: Electric Terrain|[from] ability: Electric Surge|[of] p2a: Touch-Me-Not
|move|p1a: Hornet|Toxic Thread|p2a: Touch-Me-Not
|-unboost|p2a: Touch-Me-Not|spe|1
|-status|p2a: Touch-Me-Not|psn
|
|-damage|p2a: Touch-Me-Not|88\/100 psn|[from] psn
|upkeep
|turn|3
|c|☆H2OPulse|Oh I thought that was Toxic and got really scared for a moment but I thhhink I can work with regular poison
|
|t:|1657764830
|switch|p2a: Zantedeschia|Resurrectric, M|100\/100
|-start|p2a: Zantedeschia|typechange|Ground\/Electric|[silent]
|raw|<ul class="utilichart"><li class="result"><span class="col pokemonnamecol" style="white-space: nowrap">Resurrectric<\/span> <span class="col typecol"><img src="https:\/\/dragonheaven.herokuapp.com\/sprites\/types\/Ground.png" alt="Ground" height="14" width="32"><img src="https:\/\/dragonheaven.herokuapp.com\/sprites\/types\/Electric.png" alt="Electric" height="14" width="32"><\/span> <span style="float: left ; min-height: 26px"><span class="col abilitycol">Inner Focus \/ Lightning Rod \/ Battle Armor<\/span><span class="col abilitycol"><\/span><\/span><\/li><li style="clear: both"><\/li><\/ul>
|raw|<ul class="utilichart"><li class="result"><span style="float: left ; min-height: 26px"><span class="col statcol"><em>HP<\/em><br>80<\/span> <span class="col statcol"><em>Atk<\/em><br>60<\/span> <span class="col statcol"><em>Def<\/em><br>130<\/span> <span class="col statcol"><em>SpA<\/em><br>125<\/span> <span class="col statcol"><em>SpD<\/em><br>80<\/span> <span class="col statcol"><em>Spe<\/em><br>45<\/span> <\/span><\/li><li style="clear: both"><\/li><\/ul>
|-hint|Resurrectric was created by Hematite!
|move|p1a: Hornet|Sticky Web|p2a: Zantedeschia
|-sidestart|p2: H2OPulse|move: Sticky Web
|
|upkeep
|turn|4
|
|t:|1657764851
|move|p1a: Hornet|Toxic Thread|p2a: Zantedeschia
|-unboost|p2a: Zantedeschia|spe|1
|-status|p2a: Zantedeschia|psn
|move|p2a: Zantedeschia|Rising Voltage|p1a: Hornet
|-damage|p1a: Hornet|110\/374
|
|-damage|p2a: Zantedeschia|88\/100 psn|[from] psn
|upkeep
|turn|5
|
|t:|1657764865
|switch|p1a: Cyd|Rotom|303\/303
|move|p2a: Zantedeschia|Volt Switch|p1a: Cyd
|-resisted|p1a: Cyd
|-damage|p1a: Cyd|193\/303
|c|☆inkbug1|oh right 
|c|☆inkbug1|fuck 
|
|t:|1657764881
|switch|p2a: Astera|Aleon, F|100\/100|[from]move: Volt Switch
|-start|p2a: Astera|typechange|Normal|[silent]
|raw|<ul class="utilichart"><li class="result"><span class="col pokemonnamecol" style="white-space: nowrap">Aleon<\/span> <span class="col typecol"><img src="https:\/\/dragonheaven.herokuapp.com\/sprites\/types\/Normal.png" alt="Normal" height="14" width="32"><\/span> <span style="float: left ; min-height: 26px"><span class="col abilitycol">Adaptability \/ Normalize \/ Beast Boost<\/span><span class="col abilitycol"><\/span><\/span><\/li><li style="clear: both"><\/li><\/ul>
|raw|<ul class="utilichart"><li class="result"><span style="float: left ; min-height: 26px"><span class="col statcol"><em>HP<\/em><br>103<\/span> <span class="col statcol"><em>Atk<\/em><br>79<\/span> <span class="col statcol"><em>Def<\/em><br>53<\/span> <span class="col statcol"><em>SpA<\/em><br>89<\/span> <span class="col statcol"><em>SpD<\/em><br>67<\/span> <span class="col statcol"><em>Spe<\/em><br>134<\/span> <\/span><\/li><li style="clear: both"><\/li><\/ul>
|-hint|Aleon was created by inkbug!
|-activate|p2a: Astera|move: Sticky Web
|-unboost|p2a: Astera|spe|1
|
|-heal|p1a: Cyd|211\/303|[from] item: Leftovers
|upkeep
|turn|6
|c|☆inkbug1|i made a note to myself earlier abt what to do, 
|c|☆inkbug1|and then immediately forgot it, 
|c|☆inkbug1|so, good job me
|c|☆H2OPulse|Oh fair,,
|
|t:|1657764901
|move|p1a: Cyd|Light Screen|p1a: Cyd
|-sidestart|p1: inkbug1|move: Light Screen
|move|p2a: Astera|Terrain Pulse|p1a: Cyd
|-resisted|p1a: Cyd
|-damage|p1a: Cyd|185\/303
|
|-heal|p1a: Cyd|203\/303|[from] item: Leftovers
|upkeep
|turn|7
|c|+god of joe|side note but seeing all of these mini icons makes me so happy
|c|+god of joe|im so looking forward to when they all have em
|c|☆inkbug1|i like 
|c|☆H2OPulse|Okay fair I am not completely sure why I went into Astera because that's the only move that um. works--
|c|☆H2OPulse|YEAH I LOVE THEM
|c|☆inkbug1|hematite you have to make a version of this team with a naga 
|c|☆inkbug1|because i realized 
|c|☆inkbug1|slate 4 was not only the aleon invasion 
|c|☆H2OPulse|:eyes:
|c|☆H2OPulse|TRUE
|c|☆inkbug1|but an alien invasion in general
|c|+god of joe|LMFAO
|c|☆inkbug1|and you have 
|c|☆inkbug1|ALMOST 
|c|☆inkbug1|completed the set
|c|☆H2OPulse|HAHA I HAVE THREE OF THEM
|c|+god of joe|THESE ARE ACTUALLY 
|c|+god of joe|ALIENS
|c|+god of joe|I LOVE
|c|☆H2OPulse|Man okay--
|
|t:|1657764993
|switch|p1a: Cackletta|Tyrandra, F|317\/317
|-activate|p1a: Cackletta|move: Sticky Web
|-unboost|p1a: Cackletta|spe|1
|-start|p1a: Cackletta|typechange|Dark\/Dragon|[silent]
|raw|<ul class="utilichart"><li class="result"><span class="col pokemonnamecol" style="white-space: nowrap">Tyrandra<\/span> <span class="col typecol"><img src="https:\/\/dragonheaven.herokuapp.com\/sprites\/types\/Dark.png" alt="Dark" height="14" width="32"><img src="https:\/\/dragonheaven.herokuapp.com\/sprites\/types\/Dragon.png" alt="Dragon" height="14" width="32"><\/span> <span style="float: left ; min-height: 26px"><span class="col abilitycol">Poison Point \/ Merciless \/ Damp<\/span><span class="col abilitycol"><\/span><\/span><\/li><li style="clear: both"><\/li><\/ul>
|raw|<ul class="utilichart"><li class="result"><span style="float: left ; min-height: 26px"><span class="col statcol"><em>HP<\/em><br>70<\/span> <span class="col statcol"><em>Atk<\/em><br>90<\/span> <span class="col statcol"><em>Def<\/em><br>95<\/span> <span class="col statcol"><em>SpA<\/em><br>90<\/span> <span class="col statcol"><em>SpD<\/em><br>95<\/span> <span class="col statcol"><em>Spe<\/em><br>100<\/span> <\/span><\/li><li style="clear: both"><\/li><\/ul>
|-hint|Tyrandra was created by ausma!
|switch|p2a: Zantedeschia|Resurrectric, M|88\/100 psn
|-start|p2a: Zantedeschia|typechange|Ground\/Electric|[silent]
|-activate|p2a: Zantedeschia|move: Sticky Web
|-unboost|p2a: Zantedeschia|spe|1
|
|-damage|p2a: Zantedeschia|76\/100 psn|[from] psn
|upkeep
|turn|8
|
|t:|1657765006
|move|p1a: Cackletta|Draco Meteor|p2a: Zantedeschia
|-crit|p2a: Zantedeschia
|-damage|p2a: Zantedeschia|0 fnt
|-unboost|p1a: Cackletta|spa|2
|faint|p2a: Zantedeschia
|
|upkeep
|c|☆H2OPulse|Yeah I deserved that um
|
|t:|1657765034
|switch|p2a: Senecio|Milotic, M|100\/100
|-activate|p2a: Senecio|move: Sticky Web
|-unboost|p2a: Senecio|spe|1
|-ability|p2a: Senecio|Competitive
|-boost|p2a: Senecio|spa|2
|turn|9
|
|t:|1657765043
|move|p1a: Cackletta|Draco Meteor|p2a: Senecio
|-damage|p2a: Senecio|73\/100
|-unboost|p1a: Cackletta|spa|2
|move|p2a: Senecio|Ice Beam|p1a: Cackletta
|-supereffective|p1a: Cackletta
|-damage|p1a: Cackletta|178\/317
|
|-heal|p2a: Senecio|79\/100|[from] item: Leftovers
|-fieldend|move: Electric Terrain
|upkeep
|turn|10
|c|☆inkbug1|oh right i forgot to poison you 
|c|☆inkbug1|brb 
|
|t:|1657765062
|switch|p1a: Cyd|Rotom|203\/303
|move|p2a: Senecio|Ice Beam|p1a: Cyd
|-damage|p1a: Cyd|113\/303
|
|-heal|p1a: Cyd|131\/303|[from] item: Leftovers
|-heal|p2a: Senecio|85\/100|[from] item: Leftovers
|-sideend|p1: inkbug1|move: Light Screen
|upkeep
|turn|11
|
|t:|1657765071
|move|p1a: Cyd|Toxic|p2a: Senecio
|-status|p2a: Senecio|tox
|move|p2a: Senecio|Scald|p1a: Cyd
|-damage|p1a: Cyd|0 fnt
|faint|p1a: Cyd
|
|-heal|p2a: Senecio|91\/100 tox|[from] item: Leftovers
|-damage|p2a: Senecio|85\/100 tox|[from] psn
|upkeep
|c|☆H2OPulse|I'm not sure why I allowed that I am very sleepy--
|
|t:|1657765089
|switch|p1a: Cackletta|Tyrandra, F|178\/317
|-activate|p1a: Cackletta|move: Sticky Web
|-unboost|p1a: Cackletta|spe|1
|-start|p1a: Cackletta|typechange|Dark\/Dragon|[silent]
|turn|12
|
|t:|1657765110
|switch|p2a: Pilea Pepero|Togekiss-Unidentified, F|100\/100
|-start|p2a: Pilea Pepero|typechange|Steel\/Flying|[silent]
|raw|<ul class="utilichart"><li class="result"><span class="col pokemonnamecol" style="white-space: nowrap">Togekiss-Unidentified<\/span> <span class="col typecol"><img src="https:\/\/dragonheaven.herokuapp.com\/sprites\/types\/Steel.png" alt="Steel" height="14" width="32"><img src="https:\/\/dragonheaven.herokuapp.com\/sprites\/types\/Flying.png" alt="Flying" height="14" width="32"><\/span> <span style="float: left ; min-height: 26px"><span class="col abilitycol">Hustle \/ Light Metal \/ Super Luck<\/span><span class="col abilitycol"><\/span><\/span><\/li><li style="clear: both"><\/li><\/ul>
|raw|<ul class="utilichart"><li class="result"><span style="float: left ; min-height: 26px"><span class="col statcol"><em>HP<\/em><br>85<\/span> <span class="col statcol"><em>Atk<\/em><br>120<\/span> <span class="col statcol"><em>Def<\/em><br>95<\/span> <span class="col statcol"><em>SpA<\/em><br>60<\/span> <span class="col statcol"><em>SpD<\/em><br>95<\/span> <span class="col statcol"><em>Spe<\/em><br>90<\/span> <\/span><\/li><li style="clear: both"><\/li><\/ul>
|-hint|Togekiss-Unidentified was created by quagsi!
|move|p1a: Cackletta|Flip Turn|p2a: Pilea Pepero
|-damage|p2a: Pilea Pepero|91\/100
|
|t:|1657765117
|switch|p1a: Tomato|Drifblim-Variant, M|421\/421
|-start|p1a: Tomato|typechange|Fire\/Flying|[silent]
|raw|<ul class="utilichart"><li class="result"><span class="col pokemonnamecol" style="white-space: nowrap">Drifblim-Variant<\/span> <span class="col typecol"><img src="https:\/\/dragonheaven.herokuapp.com\/sprites\/types\/Fire.png" alt="Fire" height="14" width="32"><img src="https:\/\/dragonheaven.herokuapp.com\/sprites\/types\/Flying.png" alt="Flying" height="14" width="32"><\/span> <span style="float: left ; min-height: 26px"><span class="col abilitycol">Emergency Exit<\/span><span class="col abilitycol"><\/span><\/span><\/li><li style="clear: both"><\/li><\/ul>
|raw|<ul class="utilichart"><li class="result"><span style="float: left ; min-height: 26px"><span class="col statcol"><em>HP<\/em><br>140<\/span> <span class="col statcol"><em>Atk<\/em><br>70<\/span> <span class="col statcol"><em>Def<\/em><br>24<\/span> <span class="col statcol"><em>SpA<\/em><br>84<\/span> <span class="col statcol"><em>SpD<\/em><br>74<\/span> <span class="col statcol"><em>Spe<\/em><br>106<\/span> <\/span><\/li><li style="clear: both"><\/li><\/ul>
|-hint|Drifblim-Variant was created by inkbug!
|
|-heal|p2a: Pilea Pepero|97\/100|[from] item: Leftovers
|upkeep
|turn|13
|c|☆H2OPulse|What if I
|c|☆H2OPulse|Hm
|c|☆H2OPulse|Morbidly curious so I am going to do something stupid
|
|t:|1657765141
|move|p2a: Pilea Pepero|Extreme Speed|p1a: Tomato
|-damage|p1a: Tomato|23\/421
|-activate|p1a: Tomato|ability: Emergency Exit
|c|+god of joe|.
|c|☆inkbug1|GJKFDLJGHFKGHFD 
|c|☆H2OPulse|wHSNDJKF
|c|+god of joe|that
|c|+god of joe|almost
|c|+god of joe|killed
|c|☆inkbug1|valid
|
|t:|1657765155
|switch|p1a: Ruxxtin the Great|Cofagrigus-Unbound, M|319\/319
|-activate|p1a: Ruxxtin the Great|move: Sticky Web
|-unboost|p1a: Ruxxtin the Great|spe|1
|-start|p1a: Ruxxtin the Great|typechange|Dark|[silent]
|
|-heal|p2a: Pilea Pepero|100\/100|[from] item: Leftovers
|upkeep
|turn|14
|c|☆inkbug1|ahem
|
|t:|1657765175
|switch|p2a: Froelichia|Orbeetle-Variant, M|100\/100
|-start|p2a: Froelichia|typechange|Bug\/Electric|[silent]
|-item|p1a: Ruxxtin the Great|Rocky Helmet|[from] ability: Frisk|[of] p2a: Froelichia|[identify]
|move|p1a: Ruxxtin the Great|Toxic Spikes|p2a: Froelichia
|-sidestart|p2: H2OPulse|move: Toxic Spikes
|
|upkeep
|turn|15
|
|t:|1657765194
|move|p2a: Froelichia|Bug Buzz|p1a: Ruxxtin the Great
|-supereffective|p1a: Ruxxtin the Great
|-damage|p1a: Ruxxtin the Great|65\/319
|move|p1a: Ruxxtin the Great|Darkest Lariat|p2a: Froelichia
|-damage|p2a: Froelichia|72\/100
|
|upkeep
|turn|16
|c|☆inkbug1|oh i see 
|
|t:|1657765210
|switch|p1a: Hornet|Dolorak, F|110\/374
|-start|p1a: Hornet|typechange|Bug\/Poison|[silent]
|move|p2a: Froelichia|U-turn|p1a: Hornet
|-resisted|p1a: Hornet
|-damage|p1a: Hornet|88\/374
|
|t:|1657765221
|switch|p2a: Pilea Pepero|Togekiss-Unidentified, F|100\/100|[from]move: U-turn
|-start|p2a: Pilea Pepero|typechange|Steel\/Flying|[silent]
|
|upkeep
|turn|17
|c|☆inkbug1|i am 
|c|☆inkbug1|admittedly
|c|☆inkbug1|glad that 
|c|☆inkbug1|i had emergency exit there because i uh 
|c|☆inkbug1|i would have died anyway if i didnt-
|c|☆H2OPulse|Fair--
|c|☆H2OPulse|I am torn as to what I should do right now
|c|☆H2OPulse|Hm
|c|☆inkbug1|none of my options are great 
|c|☆inkbug1|actually all of them are bad
|c|☆H2OPulse|Fair--
|c|☆inkbug1|this thing rlly makes 
|c|☆H2OPulse|I think
|c|☆H2OPulse|there is a possibility that Togekiss is overpowered
|c|☆inkbug1|lose lose scenarios and i don t like it
|c|☆inkbug1|but for the record i am also bad 
|
|t:|1657765351
|switch|p1a: Ruxxtin the Great|Cofagrigus-Unbound, M|65\/319
|-start|p1a: Ruxxtin the Great|typechange|Dark|[silent]
|-activate|p1a: Ruxxtin the Great|move: Sticky Web
|-unboost|p1a: Ruxxtin the Great|spe|1
|move|p2a: Pilea Pepero|Smart Strike|p1a: Ruxxtin the Great
|-damage|p1a: Ruxxtin the Great|0 fnt
|-damage|p2a: Pilea Pepero|84\/100|[from] item: Rocky Helmet|[of] p1a: Ruxxtin the Great
|faint|p1a: Ruxxtin the Great
|
|-heal|p2a: Pilea Pepero|90\/100|[from] item: Leftovers
|upkeep
|c|☆H2OPulse|(I did also just get swept by a Band one it hits so hard
|c|☆H2OPulse|Mine is not even Band though,,)
|
|t:|1657765363
|switch|p1a: Tomato|Drifblim-Variant, M|23\/421
|-start|p1a: Tomato|typechange|Fire\/Flying|[silent]
|turn|18
|c|☆inkbug1|i cant even 
|c|☆inkbug1|god 
|c|☆inkbug1|theres nothing i can do here 
|
|t:|1657765408
|switch|p2a: Senecio|Milotic, M|85\/100 tox
|-activate|p2a: Senecio|move: Sticky Web
|-unboost|p2a: Senecio|spe|1
|-ability|p2a: Senecio|Competitive
|-boost|p2a: Senecio|spa|2
|move|p1a: Tomato|Strength Sap|p2a: Senecio
|-unboost|p2a: Senecio|atk|1
|-ability|p2a: Senecio|Competitive
|-boost|p2a: Senecio|spa|2
|-heal|p1a: Tomato|135\/421
|
|-heal|p2a: Senecio|91\/100 tox|[from] item: Leftovers
|-damage|p2a: Senecio|85\/100 tox|[from] psn
|upkeep
|turn|19
|c|☆inkbug1|or you could do that i fucking guess
|c|☆H2OPulse|oh
|c|☆H2OPulse|I was afraid of tempting fate with a second Extreme Speed
|
|t:|1657765441
|switch|p1a: Hornet|Dolorak, F|88\/374
|-start|p1a: Hornet|typechange|Bug\/Poison|[silent]
|move|p2a: Senecio|Scald|p1a: Hornet
|-damage|p1a: Hornet|0 fnt
|faint|p1a: Hornet
|
|-heal|p2a: Senecio|91\/100 tox|[from] item: Leftovers
|-damage|p2a: Senecio|79\/100 tox|[from] psn
|upkeep
|
|t:|1657765452
|switch|p1a: Tomato|Drifblim-Variant, M|135\/421
|-start|p1a: Tomato|typechange|Fire\/Flying|[silent]
|turn|20
|
|t:|1657765461
|move|p1a: Tomato|Trick|p2a: Senecio
|-activate|p1a: Tomato|move: Trick|[of] p2a: Senecio
|-item|p2a: Senecio|Choice Scarf|[from] move: Trick
|-item|p1a: Tomato|Leftovers|[from] move: Trick
|move|p2a: Senecio|Scald|p1a: Tomato
|-supereffective|p1a: Tomato
|-damage|p1a: Tomato|0 fnt
|faint|p1a: Tomato
|
|-damage|p2a: Senecio|61\/100 tox|[from] psn
|upkeep
|
|t:|1657765469
|switch|p1a: Cackletta|Tyrandra, F|178\/317
|-activate|p1a: Cackletta|move: Sticky Web
|-unboost|p1a: Cackletta|spe|1
|-start|p1a: Cackletta|typechange|Dark\/Dragon|[silent]
|turn|21
|
|t:|1657765473
|move|p2a: Senecio|Scald|p1a: Cackletta
|-resisted|p1a: Cackletta
|-damage|p1a: Cackletta|43\/317
|move|p1a: Cackletta|Draco Meteor|p2a: Senecio|[miss]
|-miss|p1a: Cackletta|p2a: Senecio
|
|-damage|p2a: Senecio|36\/100 tox|[from] psn
|upkeep
|turn|22
|c|☆inkbug1|CACKLETTA. 
|c|☆H2OPulse|__mmmsjdjfg__
|
|t:|1657765494
|switch|p1a: Mona|Alchemissus, F|273\/273
|-start|p1a: Mona|typechange|Ghost\/Poison|[silent]
|raw|<ul class="utilichart"><li class="result"><span class="col pokemonnamecol" style="white-space: nowrap">Alchemissus<\/span> <span class="col typecol"><img src="https:\/\/dragonheaven.herokuapp.com\/sprites\/types\/Ghost.png" alt="Ghost" height="14" width="32"><img src="https:\/\/dragonheaven.herokuapp.com\/sprites\/types\/Poison.png" alt="Poison" height="14" width="32"><\/span> <span style="float: left ; min-height: 26px"><span class="col abilitycol">Levitate \/ Corrosion \/ Gluttony<\/span><span class="col abilitycol"><\/span><\/span><\/li><li style="clear: both"><\/li><\/ul>
|raw|<ul class="utilichart"><li class="result"><span style="float: left ; min-height: 26px"><span class="col statcol"><em>HP<\/em><br>66<\/span> <span class="col statcol"><em>Atk<\/em><br>66<\/span> <span class="col statcol"><em>Def<\/em><br>66<\/span> <span class="col statcol"><em>SpA<\/em><br>114<\/span> <span class="col statcol"><em>SpD<\/em><br>113<\/span> <span class="col statcol"><em>Spe<\/em><br>107<\/span> <\/span><\/li><li style="clear: both"><\/li><\/ul>
|-hint|Alchemissus was created by KeroseneZanchu!
|-activate|p1a: Mona|move: Sticky Web
|-unboost|p1a: Mona|spe|1
|move|p2a: Senecio|Scald|p1a: Mona
|-damage|p1a: Mona|32\/273
|
|-heal|p1a: Mona|49\/273|[from] item: Black Sludge
|-damage|p2a: Senecio|6\/100 tox|[from] psn
|upkeep
|turn|23
|
|t:|1657765507
|move|p1a: Mona|Venoshock|p2a: Senecio
|-damage|p2a: Senecio|0 fnt
|faint|p2a: Senecio
|
|-heal|p1a: Mona|66\/273|[from] item: Black Sludge
|upkeep
|
|t:|1657765513
|switch|p2a: Touch-Me-Not|Reuniclus-Neural, M|88\/100 psn
|-activate|p2a: Touch-Me-Not|move: Sticky Web
|-unboost|p2a: Touch-Me-Not|spe|1
|-start|p2a: Touch-Me-Not|typechange|Fighting|[silent]
|-fieldstart|move: Electric Terrain|[from] ability: Electric Surge|[of] p2a: Touch-Me-Not
|turn|24
|
|t:|1657765523
|move|p1a: Mona|Hex|p2a: Touch-Me-Not
|-damage|p2a: Touch-Me-Not|39\/100 psn
|move|p2a: Touch-Me-Not|Axon Rush||[still]
|-anim|p2a: Touch-Me-Not|Acupressure|p2a: Touch-Me-Not
|-boost|p2a: Touch-Me-Not|atk|1
|-boost|p2a: Touch-Me-Not|def|1
|-boost|p2a: Touch-Me-Not|spe|1
|
|-heal|p1a: Mona|83\/273|[from] item: Black Sludge
|-damage|p2a: Touch-Me-Not|26\/100 psn|[from] psn
|upkeep
|turn|25
|c|☆H2OPulse|Oh that did slightly more than I expected that may have been stupid of me
|c|☆H2OPulse|I prrrobably don't outspeed even with webs
|
|t:|1657765558
|move|p1a: Mona|Hex|p2a: Touch-Me-Not
|-damage|p2a: Touch-Me-Not|0 fnt
|faint|p2a: Touch-Me-Not
|
|-heal|p1a: Mona|100\/273|[from] item: Black Sludge
|upkeep
|
|t:|1657765562
|switch|p2a: Pilea Pepero|Togekiss-Unidentified, F|90\/100
|-start|p2a: Pilea Pepero|typechange|Steel\/Flying|[silent]
|turn|26
|
|t:|1657765568
|move|p1a: Mona|Toxic|p2a: Pilea Pepero
|-status|p2a: Pilea Pepero|tox
|move|p2a: Pilea Pepero|Smart Strike|p1a: Mona
|-damage|p1a: Mona|0 fnt
|faint|p1a: Mona
|
|-heal|p2a: Pilea Pepero|96\/100 tox|[from] item: Leftovers
|-damage|p2a: Pilea Pepero|90\/100 tox|[from] psn
|upkeep
|c|☆inkbug1|WHAT 
|c|☆inkbug1|SHE OUTSPED THE WHOLE TIME? 
|c|☆H2OPulse|Oh this is an HP-invested Togekiss
|
|t:|1657765595
|switch|p1a: Cackletta|Tyrandra, F|43\/317
|-activate|p1a: Cackletta|move: Sticky Web
|-unboost|p1a: Cackletta|spe|1
|-start|p1a: Cackletta|typechange|Dark\/Dragon|[silent]
|turn|27
|c|☆inkbug1|please click a move tht wont kill me i just want to see 
|c|☆inkbug1|i dont have lefties anymore
|c|☆H2OPulse|Fair okay--
|
|t:|1657765622
|move|p2a: Pilea Pepero|Defog|p1a: Cackletta
|-unboost|p1a: Cackletta|evasion|1
|-sideend|p1: inkbug1|Sticky Web|[from] move: Defog|[of] p2a: Pilea Pepero
|-sideend|p2: H2OPulse|Toxic Spikes|[from] move: Defog|[of] p2a: Pilea Pepero
|-sideend|p2: H2OPulse|Sticky Web|[from] move: Defog|[of] p2a: Pilea Pepero
|-fieldend|move: Electric Terrain
|move|p1a: Cackletta|Foul Play|p2a: Pilea Pepero
|-crit|p2a: Pilea Pepero
|-damage|p2a: Pilea Pepero|18\/100 tox
|
|-heal|p2a: Pilea Pepero|25\/100 tox|[from] item: Leftovers
|-damage|p2a: Pilea Pepero|12\/100 tox|[from] psn
|upkeep
|turn|28
|c|☆H2OPulse|KSHJDFK
|c|☆inkbug1|Not Bad 
|c|☆inkbug1|for Zero Minus Specs \
|c|+god of joe|holy
|c|+god of joe|that is DAMAGE
|c|☆H2OPulse|Pppfff
|c|☆inkbug1|ig it ss foul play buit-
|
|t:|1657765667
|move|p2a: Pilea Pepero|Smart Strike|p1a: Cackletta
|-damage|p1a: Cackletta|0 fnt
|faint|p1a: Cackletta
|
|win|H2OPulse
|c|☆inkbug1|god 
|c|+god of joe|tyrandra a threat 
|c|☆H2OPulse|Good game :'D
|c|☆H2OPulse|Yesss
|c|☆inkbug1|i need a fire type
|c|☆inkbug1|that isnt 
|c|☆inkbug1|fucking drifblim
|c|☆inkbug1|hold on</script>
</div>
<div class="battle-log battle-log-inline"><div class="inner"><div class="battle-options"><div style="padding-top: 3px; padding-right: 3px; text-align: right"><button class="icon button" name="openBattleOptions" title="Options">Battle Options</button></div></div><div class="inner message-log"><div class="chat"><small>☆inkbug1 and ☆H2OPulse joined</small></div><div class=""><small>Format:</small> <br><strong>[Gen 8] Evolution Project</strong></div><div class=""><small><em>HP Percentage Mod:</em> HP is shown in percentages</small></div><div class=""><small><em>Endless Battle Clause:</em> Forcing endless battles is banned</small></div><div class=""><small><em>OHKO Clause:</em> OHKO moves are banned</small></div><div class=""><small><em>Evasion Moves Clause:</em> Evasion moves are banned</small></div><div class=""><small><em>Species Clause:</em> Limit one of each Pokémon</small></div><div class=""><small><em>Dynamax Clause:</em> You cannot dynamax</small></div><div class=""><small><em>Sleep Clause Mod:</em> Limit one foe put to sleep</small></div><div class=""><small><em>Z-Move Clause:</em> Type-based Z-Moves are banned</small></div><div class="chat battle-history"><strong>inkbug1's team:</strong> <em style="color:#445566;display:block;">Rotom / Alchemissus / Dolorak / Tyrandra / Cofagrigus-Unbound / Drifblim-Variant</em></div><div class="chat battle-history"><strong>H2OPulse's team:</strong> <em style="color:#445566;display:block;">Reuniclus-Neural / Orbeetle-Variant / Resurrectric / Milotic / Togekiss-Unidentified / Aleon</em></div><div class="chat chatmessage-h2opulse"><strong style="color:#6e8c2b"><small>☆</small><span class="username" data-name="H2OPulse">H2OPulse</span>:</strong> <em>Good luck and have fun!!!</em></div><div class="chat chatmessage-h2opulse"><strong style="color:#6e8c2b"><small>☆</small><span class="username" data-name="H2OPulse">H2OPulse</span>:</strong> <em>COFAGRIGUS</em></div><div class="chat"><small>+god of joe joined</small></div><div class="chat chatmessage-h2opulse"><strong style="color:#6e8c2b"><small>☆</small><span class="username" data-name="H2OPulse">H2OPulse</span>:</strong> <em>YESS</em></div><div class="spacer battle-history"><br></div><div class="battle-history">Battle started between inkbug1 and H2OPulse!<br></div><div class="spacer battle-history"><br></div><div class="battle-history">Go! Ruxxtin the Great (<strong>Cofagrigus-Unbound</strong>)!<br></div><div class="spacer battle-history"><br></div><div class="battle-history">H2OPulse sent out Froelichia (<strong>Orbeetle-Variant</strong>)!<br></div><div class="chat"><ul class="utilichart"><li class="result"><span class="col pokemonnamecol" style="white-space: nowrap">Orbeetle-Variant</span> <span class="col typecol"><img src="https://dragonheaven.herokuapp.com/sprites/types/Bug.png" alt="Bug" height="14" width="32"><img src="https://dragonheaven.herokuapp.com/sprites/types/Electric.png" alt="Electric" height="14" width="32"></span> <span style="float: left ; min-height: 26px"><span class="col abilitycol">Swarm / Frisk / Cotton Down</span><span class="col abilitycol"></span></span></li><li style="clear: both"></li></ul></div><div class="chat"><ul class="utilichart"><li class="result"><span style="float: left ; min-height: 26px"><span class="col statcol"><em>HP</em><br>60</span> <span class="col statcol"><em>Atk</em><br>45</span> <span class="col statcol"><em>Def</em><br>110</span> <span class="col statcol"><em>SpA</em><br>120</span> <span class="col statcol"><em>SpD</em><br>80</span> <span class="col statcol"><em>Spe</em><br>90</span> </span></li><li style="clear: both"></li></ul></div><div class="battle-history"><small>(Orbeetle-Variant was created by Magmajudis!)</small><br></div><div class="battle-history">[The opposing Froelichia's Frisk]<br><small>The opposing Froelichia frisked Ruxxtin the Great and found its Rocky Helmet!</small><br></div><div class="chat"><ul class="utilichart"><li class="result"><span class="col pokemonnamecol" style="white-space: nowrap">Cofagrigus-Unbound</span> <span class="col typecol"><img src="https://dragonheaven.herokuapp.com/sprites/types/Dark.png" alt="Dark" height="14" width="32"></span> <span style="float: left ; min-height: 26px"><span class="col abilitycol">Pickpocket / Unburden</span><span class="col abilitycol"></span></span></li><li style="clear: both"></li></ul></div><div class="chat"><ul class="utilichart"><li class="result"><span style="float: left ; min-height: 26px"><span class="col statcol"><em>HP</em><br>58</span> <span class="col statcol"><em>Atk</em><br>95</span> <span class="col statcol"><em>Def</em><br>145</span> <span class="col statcol"><em>SpA</em><br>50</span> <span class="col statcol"><em>SpD</em><br>90</span> <span class="col statcol"><em>Spe</em><br>45</span> </span></li><li style="clear: both"></li></ul></div><div class="battle-history"><small>(Cofagrigus-Unbound was created by inkbug!)</small><br></div><div class="spacer battle-history"><br></div><h2 class="battle-history">Turn 1</h2><div class="chat chatmessage-inkbug1 mine"><strong style="color:#e46e0f"><small>☆</small><span class="username" data-name="inkbug1">inkbug1</span>:</strong> <em>sprry was typing </em></div><div class="spacer battle-history"><br></div><div class="battle-history">Ruxxtin the Great, come back!<br></div><div class="battle-history">Go! Hornet (<strong>Dolorak</strong>)!<br></div><div class="chat"><ul class="utilichart"><li class="result"><span class="col pokemonnamecol" style="white-space: nowrap">Dolorak</span> <span class="col typecol"><img src="https://dragonheaven.herokuapp.com/sprites/types/Bug.png" alt="Bug" height="14" width="32"><img src="https://dragonheaven.herokuapp.com/sprites/types/Poison.png" alt="Poison" height="14" width="32"></span> <span style="float: left ; min-height: 26px"><span class="col abilitycol">Swarm / Insomnia / Prankster</span><span class="col abilitycol"></span></span></li><li style="clear: both"></li></ul></div><div class="chat"><ul class="utilichart"><li class="result"><span style="float: left ; min-height: 26px"><span class="col statcol"><em>HP</em><br>85</span> <span class="col statcol"><em>Atk</em><br>110</span> <span class="col statcol"><em>Def</em><br>80</span> <span class="col statcol"><em>SpA</em><br>70</span> <span class="col statcol"><em>SpD</em><br>80</span> <span class="col statcol"><em>Spe</em><br>90</span> </span></li><li style="clear: both"></li></ul></div><div class="battle-history"><small>(Dolorak was created by BlueRay!)</small><br></div><div class="spacer battle-history"><br></div><div class="battle-history">The opposing Froelichia used <strong>Sticky Web</strong>!<br></div><div class="battle-history"><small>A sticky web has been laid out on the ground around your team!</small><br></div><div class="spacer battle-history"><br></div><h2 class="battle-history">Turn 2</h2><div class="chat chatmessage-inkbug1 mine"><strong style="color:#e46e0f"><small>☆</small><span class="username" data-name="inkbug1">inkbug1</span>:</strong> <em>oh fuck right i knew i was forgetting something</em></div><div class="chat chatmessage-inkbug1 mine"><strong style="color:#e46e0f"><small>☆</small><span class="username" data-name="inkbug1">inkbug1</span>:</strong> <em>ok well </em></div><div class="chat chatmessage-h2opulse"><strong style="color:#6e8c2b"><small>☆</small><span class="username" data-name="H2OPulse">H2OPulse</span>:</strong> <em>Oh is it hazard control</em></div><div class="chat chatmessage-h2opulse"><strong style="color:#6e8c2b"><small>☆</small><span class="username" data-name="H2OPulse">H2OPulse</span>:</strong> <em>If it's any consolation my only hazard control is Defog</em></div><div class="chat chatmessage-inkbug1 mine"><strong style="color:#e46e0f"><small>☆</small><span class="username" data-name="inkbug1">inkbug1</span>:</strong> <em>hypothetically </em></div><div class="chat chatmessage-inkbug1 mine"><strong style="color:#e46e0f"><small>☆</small><span class="username" data-name="inkbug1">inkbug1</span>:</strong> <em>oh right yeah </em></div><div class="chat chatmessage-inkbug1 mine"><strong style="color:#e46e0f"><small>☆</small><span class="username" data-name="inkbug1">inkbug1</span>:</strong> <em>well im stacking them as usual so thats a relief </em></div><div class="spacer battle-history"><br></div><div class="battle-history">H2OPulse withdrew Froelichia!<br></div><div class="battle-history">H2OPulse sent out Touch-Me-Not (<strong>Reuniclus-Neural</strong>)!<br></div><div class="chat"><ul class="utilichart"><li class="result"><span class="col pokemonnamecol" style="white-space: nowrap">Reuniclus-Neural</span> <span class="col typecol"><img src="https://dragonheaven.herokuapp.com/sprites/types/Fighting.png" alt="Fighting" height="14" width="32"></span> <span style="float: left ; min-height: 26px"><span class="col abilitycol">Overcoat / Electric Surge / Regenerator</span><span class="col abilitycol"></span></span></li><li style="clear: both"></li></ul></div><div class="chat"><ul class="utilichart"><li class="result"><span style="float: left ; min-height: 26px"><span class="col statcol"><em>HP</em><br>110</span> <span class="col statcol"><em>Atk</em><br>125</span> <span class="col statcol"><em>Def</em><br>65</span> <span class="col statcol"><em>SpA</em><br>65</span> <span class="col statcol"><em>SpD</em><br>85</span> <span class="col statcol"><em>Spe</em><br>40</span> </span></li><li style="clear: both"></li></ul></div><div class="battle-history"><small>(Reuniclus-Neural was created by ausma!)</small><br></div><div class="battle-history">[The opposing Touch-Me-Not's Electric Surge]<br><small>An electric current ran across the battlefield!</small><br></div><div class="spacer battle-history"><br></div><div class="battle-history">Hornet used <strong>Toxic Thread</strong>!<br></div><div class="battle-history"><small>The opposing Touch-Me-Not's Speed fell!</small><br></div><div class="battle-history"><small>The opposing Touch-Me-Not was poisoned!</small><br></div><div class="spacer battle-history"><br></div><div class="battle-history"><small>The opposing Touch-Me-Not was hurt by poison!</small><br></div><div class="spacer battle-history"><br></div><h2 class="battle-history">Turn 3</h2><div class="chat chatmessage-h2opulse"><strong style="color:#6e8c2b"><small>☆</small><span class="username" data-name="H2OPulse">H2OPulse</span>:</strong> <em>Oh I thought that was Toxic and got really scared for a moment but I thhhink I can work with regular poison</em></div><div class="spacer battle-history"><br></div><div class="battle-history">H2OPulse withdrew Touch-Me-Not!<br></div><div class="battle-history">H2OPulse sent out Zantedeschia (<strong>Resurrectric</strong>)!<br></div><div class="chat"><ul class="utilichart"><li class="result"><span class="col pokemonnamecol" style="white-space: nowrap">Resurrectric</span> <span class="col typecol"><img src="https://dragonheaven.herokuapp.com/sprites/types/Ground.png" alt="Ground" height="14" width="32"><img src="https://dragonheaven.herokuapp.com/sprites/types/Electric.png" alt="Electric" height="14" width="32"></span> <span style="float: left ; min-height: 26px"><span class="col abilitycol">Inner Focus / Lightning Rod / Battle Armor</span><span class="col abilitycol"></span></span></li><li style="clear: both"></li></ul></div><div class="chat"><ul class="utilichart"><li class="result"><span style="float: left ; min-height: 26px"><span class="col statcol"><em>HP</em><br>80</span> <span class="col statcol"><em>Atk</em><br>60</span> <span class="col statcol"><em>Def</em><br>130</span> <span class="col statcol"><em>SpA</em><br>125</span> <span class="col statcol"><em>SpD</em><br>80</span> <span class="col statcol"><em>Spe</em><br>45</span> </span></li><li style="clear: both"></li></ul></div><div class="battle-history"><small>(Resurrectric was created by Hematite!)</small><br></div><div class="spacer battle-history"><br></div><div class="battle-history">Hornet used <strong>Sticky Web</strong>!<br></div><div class="battle-history"><small>A sticky web has been laid out on the ground around the opposing team!</small><br></div><div class="spacer battle-history"><br></div><h2 class="battle-history">Turn 4</h2><div class="spacer battle-history"><br></div><div class="battle-history">Hornet used <strong>Toxic Thread</strong>!<br></div><div class="battle-history"><small>The opposing Zantedeschia's Speed fell!</small><br></div><div class="battle-history"><small>The opposing Zantedeschia was poisoned!</small><br></div><div class="spacer battle-history"><br></div><div class="battle-history">The opposing Zantedeschia used <strong>Rising Voltage</strong>!<br></div><div class="battle-history"><small>(Hornet lost <abbr title="−264/374">70.6%</abbr> of its health!)</small><br></div><div class="spacer battle-history"><br></div><div class="battle-history"><small>The opposing Zantedeschia was hurt by poison!</small><br></div><div class="spacer battle-history"><br></div><h2 class="battle-history">Turn 5</h2><div class="spacer battle-history"><br></div><div class="battle-history">Hornet, come back!<br></div><div class="battle-history">Go! Cyd (<strong>Rotom</strong>)!<br></div><div class="spacer battle-history"><br></div><div class="battle-history">The opposing Zantedeschia used <strong>Volt Switch</strong>!<br></div><div class="battle-history"><small>It's not very effective...</small><br></div><div class="battle-history"><small>(Cyd lost <abbr title="−110/303">36.3%</abbr> of its health!)</small><br></div><div class="chat chatmessage-inkbug1 mine"><strong style="color:#e46e0f"><small>☆</small><span class="username" data-name="inkbug1">inkbug1</span>:</strong> <em>oh right </em></div><div class="chat chatmessage-inkbug1 mine"><strong style="color:#e46e0f"><small>☆</small><span class="username" data-name="inkbug1">inkbug1</span>:</strong> <em>fuck </em></div><div class="spacer battle-history"><br></div><div class="battle-history">The opposing Zantedeschia went back to H2OPulse!<br></div><div class="battle-history">H2OPulse sent out Astera (<strong>Aleon</strong>)!<br></div><div class="chat"><ul class="utilichart"><li class="result"><span class="col pokemonnamecol" style="white-space: nowrap">Aleon</span> <span class="col typecol"><img src="https://dragonheaven.herokuapp.com/sprites/types/Normal.png" alt="Normal" height="14" width="32"></span> <span style="float: left ; min-height: 26px"><span class="col abilitycol">Adaptability / Normalize / Beast Boost</span><span class="col abilitycol"></span></span></li><li style="clear: both"></li></ul></div><div class="chat"><ul class="utilichart"><li class="result"><span style="float: left ; min-height: 26px"><span class="col statcol"><em>HP</em><br>103</span> <span class="col statcol"><em>Atk</em><br>79</span> <span class="col statcol"><em>Def</em><br>53</span> <span class="col statcol"><em>SpA</em><br>89</span> <span class="col statcol"><em>SpD</em><br>67</span> <span class="col statcol"><em>Spe</em><br>134</span> </span></li><li style="clear: both"></li></ul></div><div class="battle-history"><small>(Aleon was created by inkbug!)</small><br></div><div class="battle-history"><small>The opposing Astera was caught in a sticky web!</small><br></div><div class="battle-history"><small>The opposing Astera's Speed fell!</small><br></div><div class="spacer battle-history"><br></div><div class="battle-history"><small>Cyd restored a little HP using its Leftovers!</small><br></div><div class="spacer battle-history"><br></div><h2 class="battle-history">Turn 6</h2><div class="chat chatmessage-inkbug1 mine"><strong style="color:#e46e0f"><small>☆</small><span class="username" data-name="inkbug1">inkbug1</span>:</strong> <em>i made a note to myself earlier abt what to do, </em></div><div class="chat chatmessage-inkbug1 mine"><strong style="color:#e46e0f"><small>☆</small><span class="username" data-name="inkbug1">inkbug1</span>:</strong> <em>and then immediately forgot it, </em></div><div class="chat chatmessage-inkbug1 mine"><strong style="color:#e46e0f"><small>☆</small><span class="username" data-name="inkbug1">inkbug1</span>:</strong> <em>so, good job me</em></div><div class="chat chatmessage-h2opulse"><strong style="color:#6e8c2b"><small>☆</small><span class="username" data-name="H2OPulse">H2OPulse</span>:</strong> <em>Oh fair,,</em></div><div class="spacer battle-history"><br></div><div class="battle-history">Cyd used <strong>Light Screen</strong>!<br></div><div class="battle-history"><small>Light Screen made your team stronger against special moves!</small><br></div><div class="spacer battle-history"><br></div><div class="battle-history">The opposing Astera used <strong>Terrain Pulse</strong>!<br></div><div class="battle-history"><small>It's not very effective...</small><br></div><div class="battle-history"><small>(Cyd lost <abbr title="−26/303">8.6%</abbr> of its health!)</small><br></div><div class="spacer battle-history"><br></div><div class="battle-history"><small>Cyd restored a little HP using its Leftovers!</small><br></div><div class="spacer battle-history"><br></div><h2 class="battle-history">Turn 7</h2><div class="chat chatmessage-godofjoe"><strong style="color:#a523c9"><small>+</small><span class="username" data-name="god of joe">god of joe</span>:</strong> <em>side note but seeing all of these mini icons makes me so happy</em></div><div class="chat chatmessage-godofjoe"><strong style="color:#a523c9"><small>+</small><span class="username" data-name="god of joe">god of joe</span>:</strong> <em>im so looking forward to when they all have em</em></div><div class="chat chatmessage-inkbug1 mine"><strong style="color:#e46e0f"><small>☆</small><span class="username" data-name="inkbug1">inkbug1</span>:</strong> <em>i like </em></div><div class="chat chatmessage-h2opulse"><strong style="color:#6e8c2b"><small>☆</small><span class="username" data-name="H2OPulse">H2OPulse</span>:</strong> <em>Okay fair I am not completely sure why I went into Astera because that's the only move that um. works--</em></div><div class="chat chatmessage-h2opulse"><strong style="color:#6e8c2b"><small>☆</small><span class="username" data-name="H2OPulse">H2OPulse</span>:</strong> <em>YEAH I LOVE THEM</em></div><div class="chat chatmessage-inkbug1 mine"><strong style="color:#e46e0f"><small>☆</small><span class="username" data-name="inkbug1">inkbug1</span>:</strong> <em>hematite you have to make a version of this team with a naga </em></div><div class="chat chatmessage-inkbug1 mine"><strong style="color:#e46e0f"><small>☆</small><span class="username" data-name="inkbug1">inkbug1</span>:</strong> <em>because i realized </em></div><div class="chat chatmessage-inkbug1 mine"><strong style="color:#e46e0f"><small>☆</small><span class="username" data-name="inkbug1">inkbug1</span>:</strong> <em>slate 4 was not only the aleon invasion </em></div><div class="chat chatmessage-h2opulse"><strong style="color:#6e8c2b"><small>☆</small><span class="username" data-name="H2OPulse">H2OPulse</span>:</strong> <em>:eyes:</em></div><div class="chat chatmessage-h2opulse"><strong style="color:#6e8c2b"><small>☆</small><span class="username" data-name="H2OPulse">H2OPulse</span>:</strong> <em>TRUE</em></div><div class="chat chatmessage-inkbug1 mine"><strong style="color:#e46e0f"><small>☆</small><span class="username" data-name="inkbug1">inkbug1</span>:</strong> <em>but an alien invasion in general</em></div><div class="chat chatmessage-godofjoe"><strong style="color:#a523c9"><small>+</small><span class="username" data-name="god of joe">god of joe</span>:</strong> <em>LMFAO</em></div><div class="chat chatmessage-inkbug1 mine"><strong style="color:#e46e0f"><small>☆</small><span class="username" data-name="inkbug1">inkbug1</span>:</strong> <em>and you have </em></div><div class="chat chatmessage-inkbug1 mine"><strong style="color:#e46e0f"><small>☆</small><span class="username" data-name="inkbug1">inkbug1</span>:</strong> <em>ALMOST </em></div><div class="chat chatmessage-inkbug1 mine"><strong style="color:#e46e0f"><small>☆</small><span class="username" data-name="inkbug1">inkbug1</span>:</strong> <em>completed the set</em></div><div class="chat chatmessage-h2opulse"><strong style="color:#6e8c2b"><small>☆</small><span class="username" data-name="H2OPulse">H2OPulse</span>:</strong> <em>HAHA I HAVE THREE OF THEM</em></div><div class="chat chatmessage-godofjoe"><strong style="color:#a523c9"><small>+</small><span class="username" data-name="god of joe">god of joe</span>:</strong> <em>THESE ARE ACTUALLY </em></div><div class="chat chatmessage-godofjoe"><strong style="color:#a523c9"><small>+</small><span class="username" data-name="god of joe">god of joe</span>:</strong> <em>ALIENS</em></div><div class="chat chatmessage-godofjoe"><strong style="color:#a523c9"><small>+</small><span class="username" data-name="god of joe">god of joe</span>:</strong> <em>I LOVE</em></div><div class="chat chatmessage-h2opulse"><strong style="color:#6e8c2b"><small>☆</small><span class="username" data-name="H2OPulse">H2OPulse</span>:</strong> <em>Man okay--</em></div><div class="spacer battle-history"><br></div><div class="battle-history">Cyd, come back!<br></div><div class="battle-history">Go! Cackletta (<strong>Tyrandra</strong>)!<br></div><div class="battle-history"><small>Cackletta was caught in a sticky web!</small><br></div><div class="battle-history"><small>Cackletta's Speed fell!</small><br></div><div class="chat"><ul class="utilichart"><li class="result"><span class="col pokemonnamecol" style="white-space: nowrap">Tyrandra</span> <span class="col typecol"><img src="https://dragonheaven.herokuapp.com/sprites/types/Dark.png" alt="Dark" height="14" width="32"><img src="https://dragonheaven.herokuapp.com/sprites/types/Dragon.png" alt="Dragon" height="14" width="32"></span> <span style="float: left ; min-height: 26px"><span class="col abilitycol">Poison Point / Merciless / Damp</span><span class="col abilitycol"></span></span></li><li style="clear: both"></li></ul></div><div class="chat"><ul class="utilichart"><li class="result"><span style="float: left ; min-height: 26px"><span class="col statcol"><em>HP</em><br>70</span> <span class="col statcol"><em>Atk</em><br>90</span> <span class="col statcol"><em>Def</em><br>95</span> <span class="col statcol"><em>SpA</em><br>90</span> <span class="col statcol"><em>SpD</em><br>95</span> <span class="col statcol"><em>Spe</em><br>100</span> </span></li><li style="clear: both"></li></ul></div><div class="battle-history"><small>(Tyrandra was created by ausma!)</small><br></div><div class="spacer battle-history"><br></div><div class="battle-history">H2OPulse withdrew Astera!<br></div><div class="battle-history">H2OPulse sent out Zantedeschia (<strong>Resurrectric</strong>)!<br></div><div class="battle-history"><small>The opposing Zantedeschia was caught in a sticky web!</small><br></div><div class="battle-history"><small>The opposing Zantedeschia's Speed fell!</small><br></div><div class="spacer battle-history"><br></div><div class="battle-history"><small>The opposing Zantedeschia was hurt by poison!</small><br></div><div class="spacer battle-history"><br></div><h2 class="battle-history">Turn 8</h2><div class="spacer battle-history"><br></div><div class="battle-history">Cackletta used <strong>Draco Meteor</strong>!<br></div><div class="battle-history"><small>A critical hit!</small><br></div><div class="battle-history"><small>(The opposing Zantedeschia lost 76% of its health!)</small><br></div><div class="battle-history"><small>Cackletta's Sp. Atk fell harshly!</small><br></div><div class="spacer battle-history"><br></div><div class="battle-history">The opposing Zantedeschia fainted!<br></div><div class="chat chatmessage-h2opulse"><strong style="color:#6e8c2b"><small>☆</small><span class="username" data-name="H2OPulse">H2OPulse</span>:</strong> <em>Yeah I deserved that um</em></div><div class="spacer battle-history"><br></div><div class="battle-history">H2OPulse sent out Senecio (<strong>Milotic</strong>)!<br></div><div class="battle-history"><small>The opposing Senecio was caught in a sticky web!</small><br></div><div class="battle-history"><small>The opposing Senecio's Speed fell!</small><br></div><div class="battle-history">[The opposing Senecio's Competitive]<br></div><div class="battle-history"><small>The opposing Senecio's Sp. Atk rose sharply!</small><br></div><div class="spacer battle-history"><br></div><h2 class="battle-history">Turn 9</h2><div class="spacer battle-history"><br></div><div class="battle-history">Cackletta used <strong>Draco Meteor</strong>!<br></div><div class="battle-history"><small>(The opposing Senecio lost 27% of its health!)</small><br></div><div class="battle-history"><small>Cackletta's Sp. Atk fell harshly!</small><br></div><div class="spacer battle-history"><br></div><div class="battle-history">The opposing Senecio used <strong>Ice Beam</strong>!<br></div><div class="battle-history"><small>It's super effective!</small><br></div><div class="battle-history"><small>(Cackletta lost <abbr title="−139/317">43.8%</abbr> of its health!)</small><br></div><div class="spacer battle-history"><br></div><div class="battle-history"><small>The opposing Senecio restored a little HP using its Leftovers!</small><br></div><div class="battle-history"><small>The electricity disappeared from the battlefield.</small><br></div><div class="spacer battle-history"><br></div><h2 class="battle-history">Turn 10</h2><div class="chat chatmessage-inkbug1 mine"><strong style="color:#e46e0f"><small>☆</small><span class="username" data-name="inkbug1">inkbug1</span>:</strong> <em>oh right i forgot to poison you </em></div><div class="chat chatmessage-inkbug1 mine"><strong style="color:#e46e0f"><small>☆</small><span class="username" data-name="inkbug1">inkbug1</span>:</strong> <em>brb </em></div><div class="spacer battle-history"><br></div><div class="battle-history">Cackletta, come back!<br></div><div class="battle-history">Go! Cyd (<strong>Rotom</strong>)!<br></div><div class="spacer battle-history"><br></div><div class="battle-history">The opposing Senecio used <strong>Ice Beam</strong>!<br></div><div class="battle-history"><small>(Cyd lost <abbr title="−90/303">29.7%</abbr> of its health!)</small><br></div><div class="spacer battle-history"><br></div><div class="battle-history"><small>Cyd restored a little HP using its Leftovers!</small><br></div><div class="battle-history"><small>The opposing Senecio restored a little HP using its Leftovers!</small><br></div><div class="battle-history"><small>Your team's Light Screen wore off!</small><br></div><div class="spacer battle-history"><br></div><h2 class="battle-history">Turn 11</h2><div class="spacer battle-history"><br></div><div class="battle-history">Cyd used <strong>Toxic</strong>!<br></div><div class="battle-history"><small>The opposing Senecio was badly poisoned!</small><br></div><div class="spacer battle-history"><br></div><div class="battle-history">The opposing Senecio used <strong>Scald</strong>!<br></div><div class="battle-history"><small>(Cyd lost <abbr title="−131/303">43.2%</abbr> of its health!)</small><br></div><div class="spacer battle-history"><br></div><div class="battle-history">Cyd fainted!<br></div><div class="spacer battle-history"><br></div><div class="battle-history"><small>The opposing Senecio restored a little HP using its Leftovers!</small><br></div><div class="battle-history"><small>The opposing Senecio was hurt by poison!</small><br></div><div class="chat chatmessage-h2opulse"><strong style="color:#6e8c2b"><small>☆</small><span class="username" data-name="H2OPulse">H2OPulse</span>:</strong> <em>I'm not sure why I allowed that I am very sleepy--</em></div><div class="spacer battle-history"><br></div><div class="battle-history">Go! Cackletta (<strong>Tyrandra</strong>)!<br></div><div class="battle-history"><small>Cackletta was caught in a sticky web!</small><br></div><div class="battle-history"><small>Cackletta's Speed fell!</small><br></div><div class="spacer battle-history"><br></div><h2 class="battle-history">Turn 12</h2><div class="spacer battle-history"><br></div><div class="battle-history">H2OPulse withdrew Senecio!<br></div><div class="battle-history">H2OPulse sent out Pilea Pepero (<strong>Togekiss-Unidentified</strong>)!<br></div><div class="chat"><ul class="utilichart"><li class="result"><span class="col pokemonnamecol" style="white-space: nowrap">Togekiss-Unidentified</span> <span class="col typecol"><img src="https://dragonheaven.herokuapp.com/sprites/types/Steel.png" alt="Steel" height="14" width="32"><img src="https://dragonheaven.herokuapp.com/sprites/types/Flying.png" alt="Flying" height="14" width="32"></span> <span style="float: left ; min-height: 26px"><span class="col abilitycol">Hustle / Light Metal / Super Luck</span><span class="col abilitycol"></span></span></li><li style="clear: both"></li></ul></div><div class="chat"><ul class="utilichart"><li class="result"><span style="float: left ; min-height: 26px"><span class="col statcol"><em>HP</em><br>85</span> <span class="col statcol"><em>Atk</em><br>120</span> <span class="col statcol"><em>Def</em><br>95</span> <span class="col statcol"><em>SpA</em><br>60</span> <span class="col statcol"><em>SpD</em><br>95</span> <span class="col statcol"><em>Spe</em><br>90</span> </span></li><li style="clear: both"></li></ul></div><div class="battle-history"><small>(Togekiss-Unidentified was created by quagsi!)</small><br></div><div class="spacer battle-history"><br></div><div class="battle-history">Cackletta used <strong>Flip Turn</strong>!<br></div><div class="battle-history"><small>(The opposing Pilea Pepero lost 9% of its health!)</small><br></div><div class="spacer battle-history"><br></div><div class="battle-history">Cackletta, come back!<br></div><div class="battle-history">Go! Tomato (<strong>Drifblim-Variant</strong>)!<br></div><div class="chat"><ul class="utilichart"><li class="result"><span class="col pokemonnamecol" style="white-space: nowrap">Drifblim-Variant</span> <span class="col typecol"><img src="https://dragonheaven.herokuapp.com/sprites/types/Fire.png" alt="Fire" height="14" width="32"><img src="https://dragonheaven.herokuapp.com/sprites/types/Flying.png" alt="Flying" height="14" width="32"></span> <span style="float: left ; min-height: 26px"><span class="col abilitycol">Emergency Exit</span><span class="col abilitycol"></span></span></li><li style="clear: both"></li></ul></div><div class="chat"><ul class="utilichart"><li class="result"><span style="float: left ; min-height: 26px"><span class="col statcol"><em>HP</em><br>140</span> <span class="col statcol"><em>Atk</em><br>70</span> <span class="col statcol"><em>Def</em><br>24</span> <span class="col statcol"><em>SpA</em><br>84</span> <span class="col statcol"><em>SpD</em><br>74</span> <span class="col statcol"><em>Spe</em><br>106</span> </span></li><li style="clear: both"></li></ul></div><div class="battle-history"><small>(Drifblim-Variant was created by inkbug!)</small><br></div><div class="spacer battle-history"><br></div><div class="battle-history"><small>The opposing Pilea Pepero restored a little HP using its Leftovers!</small><br></div><div class="spacer battle-history"><br></div><h2 class="battle-history">Turn 13</h2><div class="chat chatmessage-h2opulse"><strong style="color:#6e8c2b"><small>☆</small><span class="username" data-name="H2OPulse">H2OPulse</span>:</strong> <em>What if I</em></div><div class="chat chatmessage-h2opulse"><strong style="color:#6e8c2b"><small>☆</small><span class="username" data-name="H2OPulse">H2OPulse</span>:</strong> <em>Hm</em></div><div class="chat chatmessage-h2opulse"><strong style="color:#6e8c2b"><small>☆</small><span class="username" data-name="H2OPulse">H2OPulse</span>:</strong> <em>Morbidly curious so I am going to do something stupid</em></div><div class="spacer battle-history"><br></div><div class="battle-history">The opposing Pilea Pepero used <strong>Extreme Speed</strong>!<br></div><div class="battle-history"><small>(Tomato lost <abbr title="−398/421">94.5%</abbr> of its health!)</small><br></div><div class="battle-history">[Tomato's Emergency Exit]<br></div><div class="chat chatmessage-godofjoe"><strong style="color:#a523c9"><small>+</small><span class="username" data-name="god of joe">god of joe</span>:</strong> <em>.</em></div><div class="chat chatmessage-inkbug1 mine"><strong style="color:#e46e0f"><small>☆</small><span class="username" data-name="inkbug1">inkbug1</span>:</strong> <em>GJKFDLJGHFKGHFD </em></div><div class="chat chatmessage-h2opulse"><strong style="color:#6e8c2b"><small>☆</small><span class="username" data-name="H2OPulse">H2OPulse</span>:</strong> <em>wHSNDJKF</em></div><div class="chat chatmessage-godofjoe"><strong style="color:#a523c9"><small>+</small><span class="username" data-name="god of joe">god of joe</span>:</strong> <em>that</em></div><div class="chat chatmessage-godofjoe"><strong style="color:#a523c9"><small>+</small><span class="username" data-name="god of joe">god of joe</span>:</strong> <em>almost</em></div><div class="chat chatmessage-godofjoe"><strong style="color:#a523c9"><small>+</small><span class="username" data-name="god of joe">god of joe</span>:</strong> <em>killed</em></div><div class="chat chatmessage-inkbug1 mine"><strong style="color:#e46e0f"><small>☆</small><span class="username" data-name="inkbug1">inkbug1</span>:</strong> <em>valid</em></div><div class="spacer battle-history"><br></div><div class="battle-history">Tomato, come back!<br></div><div class="battle-history">Go! Ruxxtin the Great (<strong>Cofagrigus-Unbound</strong>)!<br></div><div class="battle-history"><small>Ruxxtin the Great was caught in a sticky web!</small><br></div><div class="battle-history"><small>Ruxxtin the Great's Speed fell!</small><br></div><div class="spacer battle-history"><br></div><div class="battle-history"><small>The opposing Pilea Pepero restored a little HP using its Leftovers!</small><br></div><div class="spacer battle-history"><br></div><h2 class="battle-history">Turn 14</h2><div class="chat chatmessage-inkbug1 mine"><strong style="color:#e46e0f"><small>☆</small><span class="username" data-name="inkbug1">inkbug1</span>:</strong> <em>ahem</em></div><div class="spacer battle-history"><br></div><div class="battle-history">H2OPulse withdrew Pilea Pepero!<br></div><div class="battle-history">H2OPulse sent out Froelichia (<strong>Orbeetle-Variant</strong>)!<br></div><div class="battle-history">[The opposing Froelichia's Frisk]<br><small>The opposing Froelichia frisked Ruxxtin the Great and found its Rocky Helmet!</small><br></div><div class="spacer battle-history"><br></div><div class="battle-history">Ruxxtin the Great used <strong>Toxic Spikes</strong>!<br></div><div class="battle-history"><small>Poison spikes were scattered on the ground all around the opposing team!</small><br></div><div class="spacer battle-history"><br></div><h2 class="battle-history">Turn 15</h2><div class="spacer battle-history"><br></div><div class="battle-history">The opposing Froelichia used <strong>Bug Buzz</strong>!<br></div><div class="battle-history"><small>It's super effective!</small><br></div><div class="battle-history"><small>(Ruxxtin the Great lost <abbr title="−254/319">79.6%</abbr> of its health!)</small><br></div><div class="spacer battle-history"><br></div><div class="battle-history">Ruxxtin the Great used <strong>Darkest Lariat</strong>!<br></div><div class="battle-history"><small>(The opposing Froelichia lost 28% of its health!)</small><br></div><div class="spacer battle-history"><br></div><h2 class="battle-history">Turn 16</h2><div class="chat chatmessage-inkbug1 mine"><strong style="color:#e46e0f"><small>☆</small><span class="username" data-name="inkbug1">inkbug1</span>:</strong> <em>oh i see </em></div><div class="spacer battle-history"><br></div><div class="battle-history">Ruxxtin the Great, come back!<br></div><div class="battle-history">Go! Hornet (<strong>Dolorak</strong>)!<br></div><div class="spacer battle-history"><br></div><div class="battle-history">The opposing Froelichia used <strong>U-turn</strong>!<br></div><div class="battle-history"><small>It's not very effective...</small><br></div><div class="battle-history"><small>(Hornet lost <abbr title="−22/374">5.9%</abbr> of its health!)</small><br></div><div class="spacer battle-history"><br></div><div class="battle-history">The opposing Froelichia went back to H2OPulse!<br></div><div class="battle-history">H2OPulse sent out Pilea Pepero (<strong>Togekiss-Unidentified</strong>)!<br></div><div class="spacer battle-history"><br></div><h2 class="battle-history">Turn 17</h2><div class="chat chatmessage-inkbug1 mine"><strong style="color:#e46e0f"><small>☆</small><span class="username" data-name="inkbug1">inkbug1</span>:</strong> <em>i am </em></div><div class="chat chatmessage-inkbug1 mine"><strong style="color:#e46e0f"><small>☆</small><span class="username" data-name="inkbug1">inkbug1</span>:</strong> <em>admittedly</em></div><div class="chat chatmessage-inkbug1 mine"><strong style="color:#e46e0f"><small>☆</small><span class="username" data-name="inkbug1">inkbug1</span>:</strong> <em>glad that </em></div><div class="chat chatmessage-inkbug1 mine"><strong style="color:#e46e0f"><small>☆</small><span class="username" data-name="inkbug1">inkbug1</span>:</strong> <em>i had emergency exit there because i uh </em></div><div class="chat chatmessage-inkbug1 mine"><strong style="color:#e46e0f"><small>☆</small><span class="username" data-name="inkbug1">inkbug1</span>:</strong> <em>i would have died anyway if i didnt-</em></div><div class="chat chatmessage-h2opulse"><strong style="color:#6e8c2b"><small>☆</small><span class="username" data-name="H2OPulse">H2OPulse</span>:</strong> <em>Fair--</em></div><div class="chat chatmessage-h2opulse"><strong style="color:#6e8c2b"><small>☆</small><span class="username" data-name="H2OPulse">H2OPulse</span>:</strong> <em>I am torn as to what I should do right now</em></div><div class="chat chatmessage-h2opulse"><strong style="color:#6e8c2b"><small>☆</small><span class="username" data-name="H2OPulse">H2OPulse</span>:</strong> <em>Hm</em></div><div class="chat chatmessage-inkbug1 mine"><strong style="color:#e46e0f"><small>☆</small><span class="username" data-name="inkbug1">inkbug1</span>:</strong> <em>none of my options are great </em></div><div class="chat chatmessage-inkbug1 mine"><strong style="color:#e46e0f"><small>☆</small><span class="username" data-name="inkbug1">inkbug1</span>:</strong> <em>actually all of them are bad</em></div><div class="chat chatmessage-h2opulse"><strong style="color:#6e8c2b"><small>☆</small><span class="username" data-name="H2OPulse">H2OPulse</span>:</strong> <em>Fair--</em></div><div class="chat chatmessage-inkbug1 mine"><strong style="color:#e46e0f"><small>☆</small><span class="username" data-name="inkbug1">inkbug1</span>:</strong> <em>this thing rlly makes </em></div><div class="chat chatmessage-h2opulse"><strong style="color:#6e8c2b"><small>☆</small><span class="username" data-name="H2OPulse">H2OPulse</span>:</strong> <em>I think</em></div><div class="chat chatmessage-h2opulse"><strong style="color:#6e8c2b"><small>☆</small><span class="username" data-name="H2OPulse">H2OPulse</span>:</strong> <em>there is a possibility that Togekiss is overpowered</em></div><div class="chat chatmessage-inkbug1 mine"><strong style="color:#e46e0f"><small>☆</small><span class="username" data-name="inkbug1">inkbug1</span>:</strong> <em>lose lose scenarios and i don t like it</em></div><div class="chat chatmessage-inkbug1 mine"><strong style="color:#e46e0f"><small>☆</small><span class="username" data-name="inkbug1">inkbug1</span>:</strong> <em>but for the record i am also bad </em></div><div class="spacer battle-history"><br></div><div class="battle-history">Hornet, come back!<br></div><div class="battle-history">Go! Ruxxtin the Great (<strong>Cofagrigus-Unbound</strong>)!<br></div><div class="battle-history"><small>Ruxxtin the Great was caught in a sticky web!</small><br></div><div class="battle-history"><small>Ruxxtin the Great's Speed fell!</small><br></div><div class="spacer battle-history"><br></div><div class="battle-history">The opposing Pilea Pepero used <strong>Smart Strike</strong>!<br></div><div class="battle-history"><small>(Ruxxtin the Great lost <abbr title="−65/319">20.4%</abbr> of its health!)</small><br></div><div class="battle-history"><small>The opposing Pilea Pepero was hurt by the Rocky Helmet!</small><br></div><div class="spacer battle-history"><br></div><div class="battle-history">Ruxxtin the Great fainted!<br></div><div class="spacer battle-history"><br></div><div class="battle-history"><small>The opposing Pilea Pepero restored a little HP using its Leftovers!</small><br></div><div class="chat chatmessage-h2opulse"><strong style="color:#6e8c2b"><small>☆</small><span class="username" data-name="H2OPulse">H2OPulse</span>:</strong> <em>(I did also just get swept by a Band one it hits so hard</em></div><div class="chat chatmessage-h2opulse"><strong style="color:#6e8c2b"><small>☆</small><span class="username" data-name="H2OPulse">H2OPulse</span>:</strong> <em>Mine is not even Band though,,)</em></div><div class="spacer battle-history"><br></div><div class="battle-history">Go! Tomato (<strong>Drifblim-Variant</strong>)!<br></div><div class="spacer battle-history"><br></div><h2 class="battle-history">Turn 18</h2><div class="chat chatmessage-inkbug1 mine"><strong style="color:#e46e0f"><small>☆</small><span class="username" data-name="inkbug1">inkbug1</span>:</strong> <em>i cant even </em></div><div class="chat chatmessage-inkbug1 mine"><strong style="color:#e46e0f"><small>☆</small><span class="username" data-name="inkbug1">inkbug1</span>:</strong> <em>god </em></div><div class="chat chatmessage-inkbug1 mine"><strong style="color:#e46e0f"><small>☆</small><span class="username" data-name="inkbug1">inkbug1</span>:</strong> <em>theres nothing i can do here </em></div><div class="spacer battle-history"><br></div><div class="battle-history">H2OPulse withdrew Pilea Pepero!<br></div><div class="battle-history">H2OPulse sent out Senecio (<strong>Milotic</strong>)!<br></div><div class="battle-history"><small>The opposing Senecio was caught in a sticky web!</small><br></div><div class="battle-history"><small>The opposing Senecio's Speed fell!</small><br></div><div class="battle-history">[The opposing Senecio's Competitive]<br></div><div class="battle-history"><small>The opposing Senecio's Sp. Atk rose sharply!</small><br></div><div class="spacer battle-history"><br></div><div class="battle-history">Tomato used <strong>Strength Sap</strong>!<br></div><div class="battle-history"><small>The opposing Senecio's Attack fell!</small><br></div><div class="battle-history">[The opposing Senecio's Competitive]<br></div><div class="battle-history"><small>The opposing Senecio's Sp. Atk rose sharply!</small><br></div><div class="battle-history"><small>Tomato had its HP restored.</small><br></div><div class="spacer battle-history"><br></div><div class="battle-history"><small>The opposing Senecio restored a little HP using its Leftovers!</small><br></div><div class="battle-history"><small>The opposing Senecio was hurt by poison!</small><br></div><div class="spacer battle-history"><br></div><h2 class="battle-history">Turn 19</h2><div class="chat chatmessage-inkbug1 mine"><strong style="color:#e46e0f"><small>☆</small><span class="username" data-name="inkbug1">inkbug1</span>:</strong> <em>or you could do that i fucking guess</em></div><div class="chat chatmessage-h2opulse"><strong style="color:#6e8c2b"><small>☆</small><span class="username" data-name="H2OPulse">H2OPulse</span>:</strong> <em>oh</em></div><div class="chat chatmessage-h2opulse"><strong style="color:#6e8c2b"><small>☆</small><span class="username" data-name="H2OPulse">H2OPulse</span>:</strong> <em>I was afraid of tempting fate with a second Extreme Speed</em></div><div class="spacer battle-history"><br></div><div class="battle-history">Tomato, come back!<br></div><div class="battle-history">Go! Hornet (<strong>Dolorak</strong>)!<br></div><div class="spacer battle-history"><br></div><div class="battle-history">The opposing Senecio used <strong>Scald</strong>!<br></div><div class="battle-history"><small>(Hornet lost <abbr title="−88/374">23.5%</abbr> of its health!)</small><br></div><div class="spacer battle-history"><br></div><div class="battle-history">Hornet fainted!<br></div><div class="spacer battle-history"><br></div><div class="battle-history"><small>The opposing Senecio restored a little HP using its Leftovers!</small><br></div><div class="battle-history"><small>The opposing Senecio was hurt by poison!</small><br></div><div class="spacer battle-history"><br></div><div class="battle-history">Go! Tomato (<strong>Drifblim-Variant</strong>)!<br></div><div class="spacer battle-history"><br></div><h2 class="battle-history">Turn 20</h2><div class="spacer battle-history"><br></div><div class="battle-history">Tomato used <strong>Trick</strong>!<br></div><div class="battle-history"><small>Tomato switched items with its target!</small><br></div><div class="battle-history"><small>The opposing Senecio obtained one Choice Scarf.</small><br></div><div class="battle-history"><small>Tomato obtained one Leftovers.</small><br></div><div class="spacer battle-history"><br></div><div class="battle-history">The opposing Senecio used <strong>Scald</strong>!<br></div><div class="battle-history"><small>It's super effective!</small><br></div><div class="battle-history"><small>(Tomato lost <abbr title="−135/421">32.1%</abbr> of its health!)</small><br></div><div class="spacer battle-history"><br></div><div class="battle-history">Tomato fainted!<br></div><div class="spacer battle-history"><br></div><div class="battle-history"><small>The opposing Senecio was hurt by poison!</small><br></div><div class="spacer battle-history"><br></div><div class="battle-history">Go! Cackletta (<strong>Tyrandra</strong>)!<br></div><div class="battle-history"><small>Cackletta was caught in a sticky web!</small><br></div><div class="battle-history"><small>Cackletta's Speed fell!</small><br></div><div class="spacer battle-history"><br></div><h2 class="battle-history">Turn 21</h2><div class="spacer battle-history"><br></div><div class="battle-history">The opposing Senecio used <strong>Scald</strong>!<br></div><div class="battle-history"><small>It's not very effective...</small><br></div><div class="battle-history"><small>(Cackletta lost <abbr title="−135/317">42.6%</abbr> of its health!)</small><br></div><div class="spacer battle-history"><br></div><div class="battle-history">Cackletta used <strong>Draco Meteor</strong>!<br></div><div class="battle-history"><small>The opposing Senecio avoided the attack!</small><br></div><div class="spacer battle-history"><br></div><div class="battle-history"><small>The opposing Senecio was hurt by poison!</small><br></div><div class="spacer battle-history"><br></div><h2 class="battle-history">Turn 22</h2><div class="chat chatmessage-inkbug1 mine"><strong style="color:#e46e0f"><small>☆</small><span class="username" data-name="inkbug1">inkbug1</span>:</strong> <em>CACKLETTA. </em></div><div class="chat chatmessage-h2opulse"><strong style="color:#6e8c2b"><small>☆</small><span class="username" data-name="H2OPulse">H2OPulse</span>:</strong> <em><i>mmmsjdjfg</i></em></div><div class="spacer battle-history"><br></div><div class="battle-history">Cackletta, come back!<br></div><div class="battle-history">Go! Mona (<strong>Alchemissus</strong>)!<br></div><div class="chat"><ul class="utilichart"><li class="result"><span class="col pokemonnamecol" style="white-space: nowrap">Alchemissus</span> <span class="col typecol"><img src="https://dragonheaven.herokuapp.com/sprites/types/Ghost.png" alt="Ghost" height="14" width="32"><img src="https://dragonheaven.herokuapp.com/sprites/types/Poison.png" alt="Poison" height="14" width="32"></span> <span style="float: left ; min-height: 26px"><span class="col abilitycol">Levitate / Corrosion / Gluttony</span><span class="col abilitycol"></span></span></li><li style="clear: both"></li></ul></div><div class="chat"><ul class="utilichart"><li class="result"><span style="float: left ; min-height: 26px"><span class="col statcol"><em>HP</em><br>66</span> <span class="col statcol"><em>Atk</em><br>66</span> <span class="col statcol"><em>Def</em><br>66</span> <span class="col statcol"><em>SpA</em><br>114</span> <span class="col statcol"><em>SpD</em><br>113</span> <span class="col statcol"><em>Spe</em><br>107</span> </span></li><li style="clear: both"></li></ul></div><div class="battle-history"><small>(Alchemissus was created by KeroseneZanchu!)</small><br></div><div class="battle-history"><small>Mona was caught in a sticky web!</small><br></div><div class="battle-history"><small>Mona's Speed fell!</small><br></div><div class="spacer battle-history"><br></div><div class="battle-history">The opposing Senecio used <strong>Scald</strong>!<br></div><div class="battle-history"><small>(Mona lost <abbr title="−241/273">88.3%</abbr> of its health!)</small><br></div><div class="spacer battle-history"><br></div><div class="battle-history"><small>Mona restored a little HP using its Black Sludge!</small><br></div><div class="battle-history"><small>The opposing Senecio was hurt by poison!</small><br></div><div class="spacer battle-history"><br></div><h2 class="battle-history">Turn 23</h2><div class="spacer battle-history"><br></div><div class="battle-history">Mona used <strong>Venoshock</strong>!<br></div><div class="battle-history"><small>(The opposing Senecio lost 6% of its health!)</small><br></div><div class="spacer battle-history"><br></div><div class="battle-history">The opposing Senecio fainted!<br></div><div class="spacer battle-history"><br></div><div class="battle-history"><small>Mona restored a little HP using its Black Sludge!</small><br></div><div class="spacer battle-history"><br></div><div class="battle-history">H2OPulse sent out Touch-Me-Not (<strong>Reuniclus-Neural</strong>)!<br></div><div class="battle-history"><small>The opposing Touch-Me-Not was caught in a sticky web!</small><br></div><div class="battle-history"><small>The opposing Touch-Me-Not's Speed fell!</small><br></div><div class="battle-history">[The opposing Touch-Me-Not's Electric Surge]<br><small>An electric current ran across the battlefield!</small><br></div><div class="spacer battle-history"><br></div><h2 class="battle-history">Turn 24</h2><div class="spacer battle-history"><br></div><div class="battle-history">Mona used <strong>Hex</strong>!<br></div><div class="battle-history"><small>(The opposing Touch-Me-Not lost 49% of its health!)</small><br></div><div class="spacer battle-history"><br></div><div class="battle-history">The opposing Touch-Me-Not used <strong>Axon Rush</strong>!<br></div><div class="battle-history"><small>The opposing Touch-Me-Not's Attack rose!</small><br></div><div class="battle-history"><small>The opposing Touch-Me-Not's Defense rose!</small><br></div><div class="battle-history"><small>The opposing Touch-Me-Not's Speed rose!</small><br></div><div class="spacer battle-history"><br></div><div class="battle-history"><small>Mona restored a little HP using its Black Sludge!</small><br></div><div class="battle-history"><small>The opposing Touch-Me-Not was hurt by poison!</small><br></div><div class="spacer battle-history"><br></div><h2 class="battle-history">Turn 25</h2><div class="chat chatmessage-h2opulse"><strong style="color:#6e8c2b"><small>☆</small><span class="username" data-name="H2OPulse">H2OPulse</span>:</strong> <em>Oh that did slightly more than I expected that may have been stupid of me</em></div><div class="chat chatmessage-h2opulse"><strong style="color:#6e8c2b"><small>☆</small><span class="username" data-name="H2OPulse">H2OPulse</span>:</strong> <em>I prrrobably don't outspeed even with webs</em></div><div class="spacer battle-history"><br></div><div class="battle-history">Mona used <strong>Hex</strong>!<br></div><div class="battle-history"><small>(The opposing Touch-Me-Not lost 26% of its health!)</small><br></div><div class="spacer battle-history"><br></div><div class="battle-history">The opposing Touch-Me-Not fainted!<br></div><div class="spacer battle-history"><br></div><div class="battle-history"><small>Mona restored a little HP using its Black Sludge!</small><br></div><div class="spacer battle-history"><br></div><div class="battle-history">H2OPulse sent out Pilea Pepero (<strong>Togekiss-Unidentified</strong>)!<br></div><div class="spacer battle-history"><br></div><h2 class="battle-history">Turn 26</h2><div class="spacer battle-history"><br></div><div class="battle-history">Mona used <strong>Toxic</strong>!<br></div><div class="battle-history"><small>The opposing Pilea Pepero was badly poisoned!</small><br></div><div class="spacer battle-history"><br></div><div class="battle-history">The opposing Pilea Pepero used <strong>Smart Strike</strong>!<br></div><div class="battle-history"><small>(Mona lost <abbr title="−100/273">36.6%</abbr> of its health!)</small><br></div><div class="spacer battle-history"><br></div><div class="battle-history">Mona fainted!<br></div><div class="spacer battle-history"><br></div><div class="battle-history"><small>The opposing Pilea Pepero restored a little HP using its Leftovers!</small><br></div><div class="battle-history"><small>The opposing Pilea Pepero was hurt by poison!</small><br></div><div class="chat chatmessage-inkbug1 mine"><strong style="color:#e46e0f"><small>☆</small><span class="username" data-name="inkbug1">inkbug1</span>:</strong> <em>WHAT </em></div><div class="chat chatmessage-inkbug1 mine"><strong style="color:#e46e0f"><small>☆</small><span class="username" data-name="inkbug1">inkbug1</span>:</strong> <em>SHE OUTSPED THE WHOLE TIME? </em></div><div class="chat chatmessage-h2opulse"><strong style="color:#6e8c2b"><small>☆</small><span class="username" data-name="H2OPulse">H2OPulse</span>:</strong> <em>Oh this is an HP-invested Togekiss</em></div><div class="spacer battle-history"><br></div><div class="battle-history">Go! Cackletta (<strong>Tyrandra</strong>)!<br></div><div class="battle-history"><small>Cackletta was caught in a sticky web!</small><br></div><div class="battle-history"><small>Cackletta's Speed fell!</small><br></div><div class="spacer battle-history"><br></div><h2 class="battle-history">Turn 27</h2><div class="chat chatmessage-inkbug1 mine"><strong style="color:#e46e0f"><small>☆</small><span class="username" data-name="inkbug1">inkbug1</span>:</strong> <em>please click a move tht wont kill me i just want to see </em></div><div class="chat chatmessage-inkbug1 mine"><strong style="color:#e46e0f"><small>☆</small><span class="username" data-name="inkbug1">inkbug1</span>:</strong> <em>i dont have lefties anymore</em></div><div class="chat chatmessage-h2opulse"><strong style="color:#6e8c2b"><small>☆</small><span class="username" data-name="H2OPulse">H2OPulse</span>:</strong> <em>Fair okay--</em></div><div class="spacer battle-history"><br></div><div class="battle-history">The opposing Pilea Pepero used <strong>Defog</strong>!<br></div><div class="battle-history"><small>Cackletta's evasiveness fell!</small><br></div><div class="battle-history"><small>The sticky web has disappeared from the ground around your team!</small><br></div><div class="battle-history"><small>The poison spikes disappeared from the ground around the opposing team!</small><br></div><div class="battle-history"><small>The sticky web has disappeared from the ground around the opposing team!</small><br></div><div class="battle-history"><small>The electricity disappeared from the battlefield.</small><br></div><div class="spacer battle-history"><br></div><div class="battle-history">Cackletta used <strong>Foul Play</strong>!<br></div><div class="battle-history"><small>A critical hit!</small><br></div><div class="battle-history"><small>(The opposing Pilea Pepero lost 72% of its health!)</small><br></div><div class="spacer battle-history"><br></div><div class="battle-history"><small>The opposing Pilea Pepero restored a little HP using its Leftovers!</small><br></div><div class="battle-history"><small>The opposing Pilea Pepero was hurt by poison!</small><br></div><div class="spacer battle-history"><br></div><h2 class="battle-history">Turn 28</h2><div class="chat chatmessage-h2opulse"><strong style="color:#6e8c2b"><small>☆</small><span class="username" data-name="H2OPulse">H2OPulse</span>:</strong> <em>KSHJDFK</em></div><div class="chat chatmessage-inkbug1 mine"><strong style="color:#e46e0f"><small>☆</small><span class="username" data-name="inkbug1">inkbug1</span>:</strong> <em>Not Bad </em></div><div class="chat chatmessage-inkbug1 mine"><strong style="color:#e46e0f"><small>☆</small><span class="username" data-name="inkbug1">inkbug1</span>:</strong> <em>for Zero Minus Specs \</em></div><div class="chat chatmessage-godofjoe"><strong style="color:#a523c9"><small>+</small><span class="username" data-name="god of joe">god of joe</span>:</strong> <em>holy</em></div><div class="chat chatmessage-godofjoe"><strong style="color:#a523c9"><small>+</small><span class="username" data-name="god of joe">god of joe</span>:</strong> <em>that is DAMAGE</em></div><div class="chat chatmessage-h2opulse"><strong style="color:#6e8c2b"><small>☆</small><span class="username" data-name="H2OPulse">H2OPulse</span>:</strong> <em>Pppfff</em></div><div class="chat chatmessage-inkbug1 mine"><strong style="color:#e46e0f"><small>☆</small><span class="username" data-name="inkbug1">inkbug1</span>:</strong> <em>ig it ss foul play buit-</em></div><div class="spacer battle-history"><br></div><div class="battle-history">The opposing Pilea Pepero used <strong>Smart Strike</strong>!<br></div><div class="battle-history"><small>(Cackletta lost <abbr title="−43/317">13.6%</abbr> of its health!)</small><br></div><div class="spacer battle-history"><br></div><div class="battle-history">Cackletta fainted!<br></div><div class="spacer battle-history"><br></div><div class="battle-history"><strong>H2OPulse</strong> won the battle!<br></div><div class="chat chatmessage-inkbug1 mine"><strong style="color:#e46e0f"><small>☆</small><span class="username" data-name="inkbug1">inkbug1</span>:</strong> <em>god </em></div><div class="chat chatmessage-godofjoe"><strong style="color:#a523c9"><small>+</small><span class="username" data-name="god of joe">god of joe</span>:</strong> <em>tyrandra a threat </em></div><div class="chat chatmessage-h2opulse"><strong style="color:#6e8c2b"><small>☆</small><span class="username" data-name="H2OPulse">H2OPulse</span>:</strong> <em>Good game :'D</em></div><div class="chat chatmessage-h2opulse"><strong style="color:#6e8c2b"><small>☆</small><span class="username" data-name="H2OPulse">H2OPulse</span>:</strong> <em>Yesss</em></div><div class="chat chatmessage-inkbug1 mine"><strong style="color:#e46e0f"><small>☆</small><span class="username" data-name="inkbug1">inkbug1</span>:</strong> <em>i need a fire type</em></div><div class="chat chatmessage-inkbug1 mine"><strong style="color:#e46e0f"><small>☆</small><span class="username" data-name="inkbug1">inkbug1</span>:</strong> <em>that isnt </em></div><div class="chat chatmessage-inkbug1 mine"><strong style="color:#e46e0f"><small>☆</small><span class="username" data-name="inkbug1">inkbug1</span>:</strong> <em>fucking drifblim</em></div><div class="chat chatmessage-inkbug1 mine"><strong style="color:#e46e0f"><small>☆</small><span class="username" data-name="inkbug1">inkbug1</span>:</strong> <em>hold on</em></div></div><div class="inner-preempt message-log"></div></div></div>
</div>
<script>
let daily = Math.floor(Date.now()/1000/60/60/24);document.write('<script src="https://dragonheaven.herokuapp.com/js/replay-embed.js?version'+daily+'"></'+'script>');
</script>
