<!DOCTYPE html>
<meta charset="utf-8" />
<!-- version 1 -->
<title>[Gen 8] Evolution Project replay: H2OPulse vs. inkbug1</title>
<style>
html,body {font-family:Verdana, sans-serif;font-size:10pt;margin:0;padding:0;}body{padding:12px 0;} .battle-log {font-family:Verdana, sans-serif;font-size:10pt;} .battle-log-inline {border:1px solid #AAAAAA;background:#EEF2F5;color:black;max-width:640px;margin:0 auto 80px;padding-bottom:5px;} .battle-log .inner {padding:4px 8px 0px 8px;} .battle-log .inner-preempt {padding:0 8px 4px 8px;} .battle-log .inner-after {margin-top:0.5em;} .battle-log h2 {margin:0.5em -8px;padding:4px 8px;border:1px solid #AAAAAA;background:#E0E7EA;border-left:0;border-right:0;font-family:Verdana, sans-serif;font-size:13pt;} .battle-log .chat {vertical-align:middle;padding:3px 0 3px 0;font-size:8pt;} .battle-log .chat strong {color:#40576A;} .battle-log .chat em {padding:1px 4px 1px 3px;color:#000000;font-style:normal;} .chat.mine {background:rgba(0,0,0,0.05);margin-left:-8px;margin-right:-8px;padding-left:8px;padding-right:8px;} .spoiler {color:#BBBBBB;background:#BBBBBB;padding:0px 3px;} .spoiler:hover, .spoiler:active, .spoiler-shown {color:#000000;background:#E2E2E2;padding:0px 3px;} .spoiler a {color:#BBBBBB;} .spoiler:hover a, .spoiler:active a, .spoiler-shown a {color:#2288CC;} .chat code, .chat .spoiler:hover code, .chat .spoiler:active code, .chat .spoiler-shown code {border:1px solid #C0C0C0;background:#EEEEEE;color:black;padding:0 2px;} .chat .spoiler code {border:1px solid #CCCCCC;background:#CCCCCC;color:#CCCCCC;} .battle-log .rated {padding:3px 4px;} .battle-log .rated strong {color:white;background:#89A;padding:1px 4px;border-radius:4px;} .spacer {margin-top:0.5em;} .message-announce {background:#6688AA;color:white;padding:1px 4px 2px;} .message-announce a, .broadcast-green a, .broadcast-blue a, .broadcast-red a {color:#DDEEFF;} .broadcast-green {background-color:#559955;color:white;padding:2px 4px;} .broadcast-blue {background-color:#6688AA;color:white;padding:2px 4px;} .infobox {border:1px solid #6688AA;padding:2px 4px;} .infobox-limited {max-height:200px;overflow:auto;overflow-x:hidden;} .broadcast-red {background-color:#AA5544;color:white;padding:2px 4px;} .message-learn-canlearn {font-weight:bold;color:#228822;text-decoration:underline;} .message-learn-cannotlearn {font-weight:bold;color:#CC2222;text-decoration:underline;} .message-effect-weak {font-weight:bold;color:#CC2222;} .message-effect-resist {font-weight:bold;color:#6688AA;} .message-effect-immune {font-weight:bold;color:#666666;} .message-learn-list {margin-top:0;margin-bottom:0;} .message-throttle-notice, .message-error {color:#992222;} .message-overflow, .chat small.message-overflow {font-size:0pt;} .message-overflow::before {font-size:9pt;content:'...';} .subtle {color:#3A4A66;}
</style>
<div class="wrapper replay-wrapper" style="max-width:1180px;margin:0 auto">
<input type="hidden" name="replayid" value="dragonheaven-gen8evolutionproject-22" />
<div class="battle"></div><div class="battle-log"></div><div class="replay-controls"></div><div class="replay-controls-2"></div>
<h1 style="font-weight:normal;text-align:center"><strong>[Gen 8] Evolution Project</strong><br /><a href="http://pokemonshowdown.com/users/h2opulse" class="subtle" target="_blank">H2OPulse</a> vs. <a href="http://pokemonshowdown.com/users/inkbug1" class="subtle" target="_blank">inkbug1</a></h1>
<script type="text/plain" class="battle-log-data">|j|☆H2OPulse
|j|☆inkbug1

|t:|1652234051
|player|p1|H2OPulse|aetherfoundation|
|player|p2|inkbug1|emmet|
|teamsize|p1|6
|teamsize|p2|6
|gametype|singles
|gen|8
|tier|[Gen 8] Evolution Project
|clearpoke
|poke|p1|Galvantula, M|
|poke|p1|Shiinotic-Kalos, F|
|poke|p1|Gourmant, F|
|poke|p1|Noivern-Variant, M|
|poke|p1|Milotic, M|
|poke|p1|Bronzong|
|poke|p2|Carnelion, M|
|poke|p2|Polteageist-Cold-Brew, M|
|poke|p2|Constabull, F|
|poke|p2|Tentacruel, F|
|poke|p2|Endurow, M|
|poke|p2|Mezmir, M|
|rule|HP Percentage Mod: HP is shown in percentages
|rule|Endless Battle Clause: Forcing endless battles is banned
|rule|OHKO Clause: OHKO moves are banned
|rule|Evasion Moves Clause: Evasion moves are banned
|rule|Species Clause: Limit one of each Pokémon
|rule|Dynamax Clause: You cannot dynamax
|rule|Sleep Clause Mod: Limit one foe put to sleep
|rule|Z-Move Clause: Type-based Z-Moves are banned
|teampreview
|c|☆H2OPulse|Aaa hi good luck and have fun O:
|c|☆inkbug1|u too!
|
|t:|1652234063
|start
|switch|p1a: Flavonoid|Bronzong|100\/100
|switch|p2a: Risotto|Carnelion, M|311\/311
|-start|p2a: Risotto|typechange|Normal\/Rock|[silent]
|raw|<ul class="utilichart"><li class="result"><span class="col pokemonnamecol" style="white-space: nowrap">Carnelion<\/span> <span class="col typecol"><img src="https:\/\/dragonheaven.herokuapp.com\/sprites\/types\/Normal.png" alt="Normal" height="14" width="32"><img src="https:\/\/dragonheaven.herokuapp.com\/sprites\/types\/Rock.png" alt="Rock" height="14" width="32"><\/span> <span style="float: left ; min-height: 26px"><span class="col abilitycol">Limber \/ Technician \/ Unnerve<\/span><span class="col abilitycol"><\/span><\/span><\/li><li style="clear: both"><\/li><\/ul>
|raw|<ul class="utilichart"><li class="result"><span style="float: left ; min-height: 26px"><span class="col statcol"><em>HP<\/em><br>85<\/span> <span class="col statcol"><em>Atk<\/em><br>105<\/span> <span class="col statcol"><em>Def<\/em><br>70<\/span> <span class="col statcol"><em>SpA<\/em><br>95<\/span> <span class="col statcol"><em>SpD<\/em><br>70<\/span> <span class="col statcol"><em>Spe<\/em><br>120<\/span> <\/span><\/li><li style="clear: both"><\/li><\/ul>
|-hint|Carnelion was created by abismal!
|turn|1
|
|t:|1652234085
|move|p2a: Risotto|U-turn|p1a: Flavonoid
|-damage|p1a: Flavonoid|82\/100
|
|t:|1652234106
|switch|p2a: Caesar|Endurow, M|306\/306
|-start|p2a: Caesar|typechange|Flying|[silent]
|raw|<ul class="utilichart"><li class="result"><span class="col pokemonnamecol" style="white-space: nowrap">Endurow<\/span> <span class="col typecol"><img src="https:\/\/dragonheaven.herokuapp.com\/sprites\/types\/Flying.png" alt="Flying" height="14" width="32"><\/span> <span style="float: left ; min-height: 26px"><span class="col abilitycol">Stamina \/ Sniper<\/span><span class="col abilitycol"><\/span><\/span><\/li><li style="clear: both"><\/li><\/ul>
|raw|<ul class="utilichart"><li class="result"><span style="float: left ; min-height: 26px"><span class="col statcol"><em>HP<\/em><br>82<\/span> <span class="col statcol"><em>Atk<\/em><br>110<\/span> <span class="col statcol"><em>Def<\/em><br>65<\/span> <span class="col statcol"><em>SpA<\/em><br>61<\/span> <span class="col statcol"><em>SpD<\/em><br>61<\/span> <span class="col statcol"><em>Spe<\/em><br>118<\/span> <\/span><\/li><li style="clear: both"><\/li><\/ul>
|-hint|Endurow was created by Violet!
|move|p1a: Flavonoid|Trick Room|p1a: Flavonoid
|-fieldstart|move: Trick Room|[of] p1a: Flavonoid
|
|upkeep
|turn|2
|c|☆H2OPulse|Carnelion is fascinating actually it's like
|c|☆H2OPulse|like I'm just now processing how versatile it is your set is __completely__ distinct from mine
|c|☆inkbug1|its completely diff yeah 
|c|☆inkbug1|mines entirely phys but it could probably do mixed too
|c|☆H2OPulse|Rig ht
|
|t:|1652234184
|switch|p1a: Yeast|Gourmant, F|100\/100
|-start|p1a: Yeast|typechange|Fire\/Dark|[silent]
|raw|<ul class="utilichart"><li class="result"><span class="col pokemonnamecol" style="white-space: nowrap">Gourmant<\/span> <span class="col typecol"><img src="https:\/\/dragonheaven.herokuapp.com\/sprites\/types\/Fire.png" alt="Fire" height="14" width="32"><img src="https:\/\/dragonheaven.herokuapp.com\/sprites\/types\/Dark.png" alt="Dark" height="14" width="32"><\/span> <span style="float: left ; min-height: 26px"><span class="col abilitycol">Gluttony \/ Flash Fire \/ White Smoke<\/span><span class="col abilitycol"><\/span><\/span><\/li><li style="clear: both"><\/li><\/ul>
|raw|<ul class="utilichart"><li class="result"><span style="float: left ; min-height: 26px"><span class="col statcol"><em>HP<\/em><br>85<\/span> <span class="col statcol"><em>Atk<\/em><br>137<\/span> <span class="col statcol"><em>Def<\/em><br>66<\/span> <span class="col statcol"><em>SpA<\/em><br>105<\/span> <span class="col statcol"><em>SpD<\/em><br>66<\/span> <span class="col statcol"><em>Spe<\/em><br>75<\/span> <\/span><\/li><li style="clear: both"><\/li><\/ul>
|-hint|Gourmant was created by quagsi!
|move|p2a: Caesar|Heat Wave|p1a: Yeast
|-resisted|p1a: Yeast
|-damage|p1a: Yeast|92\/100
|
|upkeep
|turn|3
|
|t:|1652234198
|switch|p2a: PB|Constabull, F|390\/390
|-start|p2a: PB|typechange|Fairy|[silent]
|raw|<ul class="utilichart"><li class="result"><span class="col pokemonnamecol" style="white-space: nowrap">Constabull<\/span> <span class="col typecol"><img src="https:\/\/dragonheaven.herokuapp.com\/sprites\/types\/Fairy.png" alt="Fairy" height="14" width="32"><\/span> <span style="float: left ; min-height: 26px"><span class="col abilitycol">Intimidate \/ Early Bird \/ Iron Barbs<\/span><span class="col abilitycol"><\/span><\/span><\/li><li style="clear: both"><\/li><\/ul>
|raw|<ul class="utilichart"><li class="result"><span style="float: left ; min-height: 26px"><span class="col statcol"><em>HP<\/em><br>93<\/span> <span class="col statcol"><em>Atk<\/em><br>130<\/span> <span class="col statcol"><em>Def<\/em><br>110<\/span> <span class="col statcol"><em>SpA<\/em><br>80<\/span> <span class="col statcol"><em>SpD<\/em><br>80<\/span> <span class="col statcol"><em>Spe<\/em><br>32<\/span> <\/span><\/li><li style="clear: both"><\/li><\/ul>
|-hint|Constabull was created by inkbug!
|move|p1a: Yeast|Knock Off|p2a: PB
|-resisted|p2a: PB
|-damage|p2a: PB|294\/390
|-damage|p1a: Yeast|80\/100|[from] ability: Iron Barbs|[of] p2a: PB
|-damage|p1a: Yeast|63\/100|[from] item: Rocky Helmet|[of] p2a: PB
|-enditem|p2a: PB|Rocky Helmet|[from] move: Knock Off|[of] p1a: Yeast
|
|upkeep
|turn|4
|
|t:|1652234212
|switch|p1a: Flavonoid|Bronzong|82\/100
|move|p2a: PB|Bulk Up|p2a: PB
|-boost|p2a: PB|atk|1
|-boost|p2a: PB|def|1
|
|upkeep
|turn|5
|
|t:|1652234218
|move|p1a: Flavonoid|Reflect|p1a: Flavonoid
|-sidestart|p1: H2OPulse|Reflect
|move|p2a: PB|Play Rough|p1a: Flavonoid
|-resisted|p1a: Flavonoid
|-damage|p1a: Flavonoid|69\/100
|
|-fieldend|move: Trick Room
|upkeep
|turn|6
|
|t:|1652234224
|move|p2a: PB|Bulk Up|p2a: PB
|-boost|p2a: PB|atk|1
|-boost|p2a: PB|def|1
|move|p1a: Flavonoid|Heavy Slam|p2a: PB
|-supereffective|p2a: PB
|-damage|p2a: PB|174\/390
|-damage|p1a: Flavonoid|57\/100|[from] ability: Iron Barbs|[of] p2a: PB
|
|upkeep
|turn|7
|
|t:|1652234237
|move|p2a: PB|Play Rough|p1a: Flavonoid
|-resisted|p1a: Flavonoid
|-damage|p1a: Flavonoid|40\/100
|move|p1a: Flavonoid|Heavy Slam|p2a: PB
|-supereffective|p2a: PB
|-damage|p2a: PB|66\/390
|-damage|p1a: Flavonoid|27\/100|[from] ability: Iron Barbs|[of] p2a: PB
|
|upkeep
|turn|8
|
|t:|1652234249
|switch|p1a: Foxfire|Shiinotic-Kalos, F|100\/100
|-start|p1a: Foxfire|typechange|Poison\/Fairy|[silent]
|raw|<ul class="utilichart"><li class="result"><span class="col pokemonnamecol" style="white-space: nowrap">Shiinotic-Kalos<\/span> <span class="col typecol"><img src="https:\/\/dragonheaven.herokuapp.com\/sprites\/types\/Poison.png" alt="Poison" height="14" width="32"><img src="https:\/\/dragonheaven.herokuapp.com\/sprites\/types\/Fairy.png" alt="Fairy" height="14" width="32"><\/span> <span style="float: left ; min-height: 26px"><span class="col abilitycol">Illuminate \/ Effect Spore \/ Technician<\/span><span class="col abilitycol"><\/span><\/span><\/li><li style="clear: both"><\/li><\/ul>
|raw|<ul class="utilichart"><li class="result"><span style="float: left ; min-height: 26px"><span class="col statcol"><em>HP<\/em><br>60<\/span> <span class="col statcol"><em>Atk<\/em><br>45<\/span> <span class="col statcol"><em>Def<\/em><br>60<\/span> <span class="col statcol"><em>SpA<\/em><br>90<\/span> <span class="col statcol"><em>SpD<\/em><br>80<\/span> <span class="col statcol"><em>Spe<\/em><br>70<\/span> <\/span><\/li><li style="clear: both"><\/li><\/ul>
|-hint|Shiinotic-Kalos was created by Hematite!
|move|p2a: PB|Rest|p2a: PB
|-status|p2a: PB|slp|[from] move: Rest
|-heal|p2a: PB|390\/390 slp|[silent]
|
|upkeep
|turn|9
|
|t:|1652234268
|move|p1a: Foxfire|Acid Spray|p2a: PB
|-supereffective|p2a: PB
|-damage|p2a: PB|240\/390 slp
|-unboost|p2a: PB|spd|2
|cant|p2a: PB|slp
|
|upkeep
|turn|10
|
|t:|1652234302
|switch|p2a: Jelly|Tentacruel, F|364\/364
|move|p1a: Foxfire|Acid Spray|p2a: Jelly
|-resisted|p2a: Jelly
|-crit|p2a: Jelly
|-damage|p2a: Jelly|307\/364
|-unboost|p2a: Jelly|spd|2
|
|-heal|p2a: Jelly|329\/364|[from] item: Black Sludge
|upkeep
|turn|11
|
|t:|1652234325
|move|p2a: Jelly|Rapid Spin|p1a: Foxfire
|-damage|p1a: Foxfire|94\/100
|-boost|p2a: Jelly|spe|1
|move|p1a: Foxfire|Spore|p2a: Jelly
|-status|p2a: Jelly|slp|[from] move: Spore
|
|-heal|p2a: Jelly|351\/364 slp|[from] item: Black Sludge
|-heal|p1a: Foxfire|100\/100|[from] item: Black Sludge
|upkeep
|turn|12
|c|☆H2OPulse|I would like to say sorry for the crit but I
|c|☆H2OPulse|don't think that could possibly amount to anything huh--
|c|☆H2OPulse|yeah you are already at 97 kshfjfjgk
|c|☆inkbug1|i dont think so in this context 
|c|☆inkbug1|yea
|
|t:|1652234358
|cant|p2a: Jelly|slp
|move|p1a: Foxfire|Charge Beam|p2a: Jelly
|-supereffective|p2a: Jelly
|-damage|p2a: Jelly|69\/364 slp
|-boost|p1a: Foxfire|spa|1
|
|-heal|p2a: Jelly|91\/364 slp|[from] item: Black Sludge
|-sideend|p1: H2OPulse|Reflect
|upkeep
|turn|13
|c|☆inkbug1|oh thats new i see 
|c|☆inkbug1|i comprehend 
|c|☆H2OPulse|: D
|c|☆H2OPulse|I was gonna do HP Ground but I thought that was kind of lame
|
|t:|1652234390
|switch|p2a: Risotto|Carnelion, M|311\/311
|-start|p2a: Risotto|typechange|Normal\/Rock|[silent]
|move|p1a: Foxfire|Charge Beam|p2a: Risotto
|-damage|p2a: Risotto|151\/311
|
|upkeep
|turn|14
|c|☆H2OPulse|I mean it is very correct in general but--ohwow that did a lot
|
|t:|1652234412
|move|p2a: Risotto|Fake Out|p1a: Foxfire
|-enditem|p2a: Risotto|Normal Gem|[from] gem
|-damage|p1a: Foxfire|42\/100
|cant|p1a: Foxfire|flinch
|
|-heal|p1a: Foxfire|48\/100|[from] item: Black Sludge
|upkeep
|turn|15
|
|t:|1652234420
|switch|p1a: Senecio|Milotic, M|100\/100
|move|p2a: Risotto|Rock Tomb|p1a: Senecio
|-damage|p1a: Senecio|69\/100
|-unboost|p1a: Senecio|spe|1
|-ability|p1a: Senecio|Competitive
|-boost|p1a: Senecio|spa|2
|
|-heal|p1a: Senecio|75\/100|[from] item: Leftovers
|upkeep
|turn|16
|c|☆inkbug1|yeah 
|
|t:|1652234438
|move|p2a: Risotto|U-turn|p1a: Senecio
|-damage|p1a: Senecio|61\/100
|
|t:|1652234440
|switch|p2a: Has Bean|Polteageist-Cold-Brew, M|363\/363
|-start|p2a: Has Bean|typechange|Dark\/Ice|[silent]
|raw|<ul class="utilichart"><li class="result"><span class="col pokemonnamecol" style="white-space: nowrap">Polteageist-Cold-Brew<\/span> <span class="col typecol"><img src="https:\/\/dragonheaven.herokuapp.com\/sprites\/types\/Dark.png" alt="Dark" height="14" width="32"><img src="https:\/\/dragonheaven.herokuapp.com\/sprites\/types\/Ice.png" alt="Ice" height="14" width="32"><\/span> <span style="float: left ; min-height: 26px"><span class="col abilitycol">Bulletproof \/ Insomnia<\/span><span class="col abilitycol"><\/span><\/span><\/li><li style="clear: both"><\/li><\/ul>
|raw|<ul class="utilichart"><li class="result"><span style="float: left ; min-height: 26px"><span class="col statcol"><em>HP<\/em><br>80<\/span> <span class="col statcol"><em>Atk<\/em><br>65<\/span> <span class="col statcol"><em>Def<\/em><br>45<\/span> <span class="col statcol"><em>SpA<\/em><br>114<\/span> <span class="col statcol"><em>SpD<\/em><br>134<\/span> <span class="col statcol"><em>Spe<\/em><br>70<\/span> <\/span><\/li><li style="clear: both"><\/li><\/ul>
|-hint|Polteageist-Cold-Brew was created by Hematite!
|move|p1a: Senecio|Scald|p2a: Has Bean
|-damage|p2a: Has Bean|215\/363
|
|-heal|p1a: Senecio|67\/100|[from] item: Leftovers
|upkeep
|turn|17
|
|t:|1652234458
|switch|p1a: Yeast|Gourmant, F|63\/100
|-start|p1a: Yeast|typechange|Fire\/Dark|[silent]
|move|p2a: Has Bean|Giga Drain|p1a: Yeast
|-resisted|p1a: Yeast
|-damage|p1a: Yeast|46\/100
|-heal|p2a: Has Bean|247\/363|[from] drain|[of] p1a: Yeast
|
|upkeep
|turn|18
|
|t:|1652234469
|switch|p2a: PB|Constabull, F|240\/390 slp
|-start|p2a: PB|typechange|Fairy|[silent]
|move|p1a: Yeast|Knock Off|p2a: PB
|-resisted|p2a: PB
|-damage|p2a: PB|181\/390 slp
|-damage|p1a: Yeast|34\/100|[from] ability: Iron Barbs|[of] p2a: PB
|
|upkeep
|turn|19
|
|t:|1652234479
|move|p1a: Yeast|Fire Lash|p2a: PB
|-damage|p2a: PB|58\/390 slp
|-unboost|p2a: PB|def|1
|-damage|p1a: Yeast|22\/100|[from] ability: Iron Barbs|[of] p2a: PB
|cant|p2a: PB|slp
|
|upkeep
|turn|20
|
|t:|1652234524
|switch|p2a: Risotto|Carnelion, M|151\/311
|-start|p2a: Risotto|typechange|Normal\/Rock|[silent]
|move|p1a: Yeast|Knock Off|p2a: Risotto
|-damage|p2a: Risotto|0 fnt
|faint|p2a: Risotto
|
|upkeep
|
|t:|1652234554
|switch|p2a: Caesar|Endurow, M|306\/306
|-start|p2a: Caesar|typechange|Flying|[silent]
|turn|21
|
|t:|1652234570
|move|p2a: Caesar|Acrobatics|p1a: Yeast
|-damage|p1a: Yeast|3\/100
|move|p1a: Yeast|Knock Off|p2a: Caesar
|-damage|p2a: Caesar|30\/306
|-ability|p2a: Caesar|Stamina|boost
|-boost|p2a: Caesar|def|1
|-enditem|p2a: Caesar|Maranga Berry|[from] move: Knock Off|[of] p1a: Yeast
|
|upkeep
|turn|22
|c|☆inkbug1|for fusks sake
|c|☆H2OPulse|Sndjfjgjgkkg
|
|t:|1652234590
|move|p2a: Caesar|Roost|p2a: Caesar
|-heal|p2a: Caesar|183\/306
|-singleturn|p2a: Caesar|move: Roost
|move|p1a: Yeast|Toxic|p2a: Caesar
|-status|p2a: Caesar|tox
|
|-damage|p2a: Caesar|164\/306 tox|[from] psn
|upkeep
|turn|23
|c|☆H2OPulse|I am so sorry
|
|t:|1652234600
|move|p2a: Caesar|Roost|p2a: Caesar
|-heal|p2a: Caesar|306\/306 tox
|-singleturn|p2a: Caesar|move: Roost
|move|p1a: Yeast|Fire Lash|p2a: Caesar
|-damage|p2a: Caesar|170\/306 tox
|-unboost|p2a: Caesar|def|1
|-ability|p2a: Caesar|Stamina|boost
|-boost|p2a: Caesar|def|1
|
|-damage|p2a: Caesar|132\/306 tox|[from] psn
|upkeep
|turn|24
|
|t:|1652234611
|move|p1a: Yeast|Sucker Punch|p2a: Caesar
|-damage|p2a: Caesar|2\/306 tox
|-ability|p2a: Caesar|Stamina|boost
|-boost|p2a: Caesar|def|1
|move|p2a: Caesar|Acrobatics|p1a: Yeast
|-crit|p1a: Yeast
|-damage|p1a: Yeast|0 fnt
|faint|p1a: Yeast
|
|-damage|p2a: Caesar|0 fnt|[from] psn
|faint|p2a: Caesar
|upkeep
|c|☆H2OPulse|what a turn--
|c|☆inkbug1|i think i am not having fun anymore
|c|☆inkbug1|but also fair-
|c|☆H2OPulse|aaaa I'm sorry,,
|
|t:|1652234641
|switch|p2a: PB|Constabull, F|58\/390 slp
|switch|p1a: Asparagus|Galvantula, M|100\/100
|-start|p2a: PB|typechange|Fairy|[silent]
|turn|25
|
|t:|1652234653
|switch|p2a: Has Bean|Polteageist-Cold-Brew, M|247\/363
|-start|p2a: Has Bean|typechange|Dark\/Ice|[silent]
|move|p1a: Asparagus|Volt Switch|p2a: Has Bean
|-damage|p2a: Has Bean|166\/363
|
|t:|1652234662
|switch|p1a: Mango|Noivern-Variant, M|100\/100|[from]move: Volt Switch
|-start|p1a: Mango|typechange|Fighting\/Dragon|[silent]
|raw|<ul class="utilichart"><li class="result"><span class="col pokemonnamecol" style="white-space: nowrap">Noivern-Variant<\/span> <span class="col typecol"><img src="https:\/\/dragonheaven.herokuapp.com\/sprites\/types\/Fighting.png" alt="Fighting" height="14" width="32"><img src="https:\/\/dragonheaven.herokuapp.com\/sprites\/types\/Dragon.png" alt="Dragon" height="14" width="32"><\/span> <span style="float: left ; min-height: 26px"><span class="col abilitycol">Levitate<\/span><span class="col abilitycol"><\/span><\/span><\/li><li style="clear: both"><\/li><\/ul>
|raw|<ul class="utilichart"><li class="result"><span style="float: left ; min-height: 26px"><span class="col statcol"><em>HP<\/em><br>95<\/span> <span class="col statcol"><em>Atk<\/em><br>70<\/span> <span class="col statcol"><em>Def<\/em><br>80<\/span> <span class="col statcol"><em>SpA<\/em><br>97<\/span> <span class="col statcol"><em>SpD<\/em><br>80<\/span> <span class="col statcol"><em>Spe<\/em><br>113<\/span> <\/span><\/li><li style="clear: both"><\/li><\/ul>
|-hint|Noivern-Variant was created by Hematite!
|
|upkeep
|turn|26
|
|t:|1652234673
|switch|p2a: Hocus|Mezmir, M|384\/384
|-start|p2a: Hocus|typechange|Psychic\/Fighting|[silent]
|raw|<ul class="utilichart"><li class="result"><span class="col pokemonnamecol" style="white-space: nowrap">Mezmir<\/span> <span class="col typecol"><img src="https:\/\/dragonheaven.herokuapp.com\/sprites\/types\/Psychic.png" alt="Psychic" height="14" width="32"><img src="https:\/\/dragonheaven.herokuapp.com\/sprites\/types\/Fighting.png" alt="Fighting" height="14" width="32"><\/span> <span style="float: left ; min-height: 26px"><span class="col abilitycol">Comatose \/ Forewarn \/ Inner Focus<\/span><span class="col abilitycol"><\/span><\/span><\/li><li style="clear: both"><\/li><\/ul>
|raw|<ul class="utilichart"><li class="result"><span style="float: left ; min-height: 26px"><span class="col statcol"><em>HP<\/em><br>90<\/span> <span class="col statcol"><em>Atk<\/em><br>103<\/span> <span class="col statcol"><em>Def<\/em><br>70<\/span> <span class="col statcol"><em>SpA<\/em><br>73<\/span> <span class="col statcol"><em>SpD<\/em><br>115<\/span> <span class="col statcol"><em>Spe<\/em><br>77<\/span> <\/span><\/li><li style="clear: both"><\/li><\/ul>
|-hint|Mezmir was created by quagsi!
|-ability|p2a: Hocus|Comatose
|move|p1a: Mango|Vacuum Wave|p2a: Hocus
|-resisted|p2a: Hocus
|-damage|p2a: Hocus|348\/384
|
|upkeep
|turn|27
|c|☆H2OPulse|Ohh
|c|☆H2OPulse|I
|c|☆H2OPulse|was supposed to preserve Yeast for this wasn't I
|
|t:|1652234712
|switch|p1a: Flavonoid|Bronzong|27\/100
|move|p2a: Hocus|Belly Drum|p2a: Hocus
|-damage|p2a: Hocus|156\/384
|-setboost|p2a: Hocus|atk|6|[from] move: Belly Drum
|-enditem|p2a: Hocus|Sitrus Berry|[eat]
|-heal|p2a: Hocus|252\/384|[from] item: Sitrus Berry
|
|upkeep
|turn|28
|c|☆inkbug1|idt yu need it
|c|☆inkbug1|i mean 
|c|☆H2OPulse|w...we'll see--
|c|☆inkbug1|im slower than you and im p sure meteors would take it under half but
|c|☆inkbug1|if not kill
|
|t:|1652234772
|move|p2a: Hocus|Drain Punch|p1a: Flavonoid
|-damage|p1a: Flavonoid|0 fnt
|-heal|p2a: Hocus|297\/384|[from] drain|[of] p1a: Flavonoid
|faint|p1a: Flavonoid
|
|upkeep
|
|t:|1652234785
|switch|p1a: Mango|Noivern-Variant, M|100\/100
|-start|p1a: Mango|typechange|Fighting\/Dragon|[silent]
|turn|29
|c|☆H2OPulse|Hmm
|c|☆H2OPulse|I am curious actually
|c|☆H2OPulse|to see how much one does
|
|t:|1652234813
|move|p1a: Mango|Draco Meteor|p2a: Hocus
|-crit|p2a: Hocus
|-damage|p2a: Hocus|0 fnt
|-unboost|p1a: Mango|spa|2
|faint|p2a: Hocus
|
|upkeep
|c|☆inkbug1|well
|c|☆inkbug1|thatll do it
|c|☆H2OPulse|That did not answer the question--
|c|☆H2OPulse|okay.
|
|t:|1652234827
|switch|p2a: Jelly|Tentacruel, F|91\/364 slp
|turn|30
|
|t:|1652234832
|move|p1a: Mango|Draco Meteor|p2a: Jelly
|-damage|p2a: Jelly|0 fnt
|-unboost|p1a: Mango|spa|2
|faint|p2a: Jelly
|
|upkeep
|
|t:|1652234841
|switch|p2a: Has Bean|Polteageist-Cold-Brew, M|166\/363
|-start|p2a: Has Bean|typechange|Dark\/Ice|[silent]
|turn|31
|c|☆H2OPulse|I am choice-locked so I think you can force me out by sending in Constabull
|c|☆inkbug1|oh right
|c|☆inkbug1|i forgot 
|c|☆H2OPulse|Well
|c|☆H2OPulse|I say that but I am
|c|☆H2OPulse|Forced out here anyway
|c|☆H2OPulse|so you don't have to switch ahdjfjfk either way works--
|
|t:|1652234890
|switch|p1a: Asparagus|Galvantula, M|100\/100
|move|p2a: Has Bean|Ice Beam|p1a: Asparagus
|-damage|p1a: Asparagus|19\/100
|
|upkeep
|turn|32
|
|t:|1652234907
|move|p1a: Asparagus|Thunder|p2a: Has Bean
|-damage|p2a: Has Bean|40\/363
|move|p2a: Has Bean|Nasty Plot|p2a: Has Bean
|-boost|p2a: Has Bean|spa|2
|
|upkeep
|turn|33
|c|☆inkbug1|aw 
|c|☆inkbug1|should clicked move
|c|☆H2OPulse|Oh fair
|
|t:|1652234923
|move|p1a: Asparagus|Volt Switch|p2a: Has Bean
|-damage|p2a: Has Bean|0 fnt
|faint|p2a: Has Bean
|
|t:|1652234926
|switch|p1a: Foxfire|Shiinotic-Kalos, F|48\/100|[from]move: Volt Switch
|-start|p1a: Foxfire|typechange|Poison\/Fairy|[silent]
|
|-heal|p1a: Foxfire|54\/100|[from] item: Black Sludge
|upkeep
|
|t:|1652234932
|switch|p2a: PB|Constabull, F|58\/390 slp
|-start|p2a: PB|typechange|Fairy|[silent]
|turn|34
|
|t:|1652234934
|move|p1a: Foxfire|Acid Spray|p2a: PB
|-supereffective|p2a: PB
|-damage|p2a: PB|0 fnt
|faint|p2a: PB
|
|win|H2OPulse
|c|☆H2OPulse|Good game kind of :'D I'm sorry for the crit on Mezmir I feel like that probably mattered
|c|☆inkbug1|nbd tbh the game was over before that i think :'D 
|c|☆H2OPulse|Fa ir
|c|☆H2OPulse|I willlll have to be right back actually one sec
|c|☆inkbug1|okok
|l|☆H2OPulse</script>
</div>
<div class="battle-log battle-log-inline"><div class="inner"><div class="battle-options"><div style="padding-top: 3px; padding-right: 3px; text-align: right"><button class="icon button" name="openBattleOptions" title="Options">Battle Options</button></div></div><div class="inner message-log"><div class="chat"><small>☆H2OPulse and ☆inkbug1 joined</small></div><div class=""><small>Format:</small> <br><strong>[Gen 8] Evolution Project</strong></div><div class=""><small><em>HP Percentage Mod:</em> HP is shown in percentages</small></div><div class=""><small><em>Endless Battle Clause:</em> Forcing endless battles is banned</small></div><div class=""><small><em>OHKO Clause:</em> OHKO moves are banned</small></div><div class=""><small><em>Evasion Moves Clause:</em> Evasion moves are banned</small></div><div class=""><small><em>Species Clause:</em> Limit one of each Pokémon</small></div><div class=""><small><em>Dynamax Clause:</em> You cannot dynamax</small></div><div class=""><small><em>Sleep Clause Mod:</em> Limit one foe put to sleep</small></div><div class=""><small><em>Z-Move Clause:</em> Type-based Z-Moves are banned</small></div><div class="chat battle-history"><strong>H2OPulse's team:</strong> <em style="color:#445566;display:block;">Galvantula / Shiinotic-Kalos / Gourmant / Noivern-Variant / Milotic / Bronzong</em></div><div class="chat battle-history"><strong>inkbug1's team:</strong> <em style="color:#445566;display:block;">Carnelion / Polteageist-Cold-Brew / Constabull / Tentacruel / Endurow / Mezmir</em></div><div class="chat chatmessage-h2opulse"><strong style="color:#6e8c2b"><small>☆</small><span class="username" data-name="H2OPulse">H2OPulse</span>:</strong> <em>Aaa hi good luck and have fun O:</em></div><div class="chat chatmessage-inkbug1 mine"><strong style="color:#e46e0f"><small>☆</small><span class="username" data-name="inkbug1">inkbug1</span>:</strong> <em>u too!</em></div><div class="spacer battle-history"><br></div><div class="battle-history">Battle started between H2OPulse and inkbug1!<br></div><div class="spacer battle-history"><br></div><div class="battle-history">H2OPulse sent out Flavonoid (<strong>Bronzong</strong>)!<br></div><div class="spacer battle-history"><br></div><div class="battle-history">Go! Risotto (<strong>Carnelion</strong>)!<br></div><div class="chat"><ul class="utilichart"><li class="result"><span class="col pokemonnamecol" style="white-space: nowrap">Carnelion</span> <span class="col typecol"><img src="https://dragonheaven.herokuapp.com/sprites/types/Normal.png" alt="Normal" height="14" width="32"><img src="https://dragonheaven.herokuapp.com/sprites/types/Rock.png" alt="Rock" height="14" width="32"></span> <span style="float: left ; min-height: 26px"><span class="col abilitycol">Limber / Technician / Unnerve</span><span class="col abilitycol"></span></span></li><li style="clear: both"></li></ul></div><div class="chat"><ul class="utilichart"><li class="result"><span style="float: left ; min-height: 26px"><span class="col statcol"><em>HP</em><br>85</span> <span class="col statcol"><em>Atk</em><br>105</span> <span class="col statcol"><em>Def</em><br>70</span> <span class="col statcol"><em>SpA</em><br>95</span> <span class="col statcol"><em>SpD</em><br>70</span> <span class="col statcol"><em>Spe</em><br>120</span> </span></li><li style="clear: both"></li></ul></div><div class="battle-history"><small>(Carnelion was created by abismal!)</small><br></div><div class="spacer battle-history"><br></div><h2 class="battle-history">Turn 1</h2><div class="spacer battle-history"><br></div><div class="battle-history">Risotto used <strong>U-turn</strong>!<br></div><div class="battle-history"><small>(The opposing Flavonoid lost 18% of its health!)</small><br></div><div class="spacer battle-history"><br></div><div class="battle-history">Risotto went back to inkbug1!<br></div><div class="battle-history">Go! Caesar (<strong>Endurow</strong>)!<br></div><div class="chat"><ul class="utilichart"><li class="result"><span class="col pokemonnamecol" style="white-space: nowrap">Endurow</span> <span class="col typecol"><img src="https://dragonheaven.herokuapp.com/sprites/types/Flying.png" alt="Flying" height="14" width="32"></span> <span style="float: left ; min-height: 26px"><span class="col abilitycol">Stamina / Sniper</span><span class="col abilitycol"></span></span></li><li style="clear: both"></li></ul></div><div class="chat"><ul class="utilichart"><li class="result"><span style="float: left ; min-height: 26px"><span class="col statcol"><em>HP</em><br>82</span> <span class="col statcol"><em>Atk</em><br>110</span> <span class="col statcol"><em>Def</em><br>65</span> <span class="col statcol"><em>SpA</em><br>61</span> <span class="col statcol"><em>SpD</em><br>61</span> <span class="col statcol"><em>Spe</em><br>118</span> </span></li><li style="clear: both"></li></ul></div><div class="battle-history"><small>(Endurow was created by Violet!)</small><br></div><div class="spacer battle-history"><br></div><div class="battle-history">The opposing Flavonoid used <strong>Trick Room</strong>!<br></div><div class="battle-history"><small>The opposing Flavonoid twisted the dimensions!</small><br></div><div class="spacer battle-history"><br></div><h2 class="battle-history">Turn 2</h2><div class="chat chatmessage-h2opulse"><strong style="color:#6e8c2b"><small>☆</small><span class="username" data-name="H2OPulse">H2OPulse</span>:</strong> <em>Carnelion is fascinating actually it's like</em></div><div class="chat chatmessage-h2opulse"><strong style="color:#6e8c2b"><small>☆</small><span class="username" data-name="H2OPulse">H2OPulse</span>:</strong> <em>like I'm just now processing how versatile it is your set is <i>completely</i> distinct from mine</em></div><div class="chat chatmessage-inkbug1 mine"><strong style="color:#e46e0f"><small>☆</small><span class="username" data-name="inkbug1">inkbug1</span>:</strong> <em>its completely diff yeah </em></div><div class="chat chatmessage-inkbug1 mine"><strong style="color:#e46e0f"><small>☆</small><span class="username" data-name="inkbug1">inkbug1</span>:</strong> <em>mines entirely phys but it could probably do mixed too</em></div><div class="chat chatmessage-h2opulse"><strong style="color:#6e8c2b"><small>☆</small><span class="username" data-name="H2OPulse">H2OPulse</span>:</strong> <em>Rig ht</em></div><div class="spacer battle-history"><br></div><div class="battle-history">H2OPulse withdrew Flavonoid!<br></div><div class="battle-history">H2OPulse sent out Yeast (<strong>Gourmant</strong>)!<br></div><div class="chat"><ul class="utilichart"><li class="result"><span class="col pokemonnamecol" style="white-space: nowrap">Gourmant</span> <span class="col typecol"><img src="https://dragonheaven.herokuapp.com/sprites/types/Fire.png" alt="Fire" height="14" width="32"><img src="https://dragonheaven.herokuapp.com/sprites/types/Dark.png" alt="Dark" height="14" width="32"></span> <span style="float: left ; min-height: 26px"><span class="col abilitycol">Gluttony / Flash Fire / White Smoke</span><span class="col abilitycol"></span></span></li><li style="clear: both"></li></ul></div><div class="chat"><ul class="utilichart"><li class="result"><span style="float: left ; min-height: 26px"><span class="col statcol"><em>HP</em><br>85</span> <span class="col statcol"><em>Atk</em><br>137</span> <span class="col statcol"><em>Def</em><br>66</span> <span class="col statcol"><em>SpA</em><br>105</span> <span class="col statcol"><em>SpD</em><br>66</span> <span class="col statcol"><em>Spe</em><br>75</span> </span></li><li style="clear: both"></li></ul></div><div class="battle-history"><small>(Gourmant was created by quagsi!)</small><br></div><div class="spacer battle-history"><br></div><div class="battle-history">Caesar used <strong>Heat Wave</strong>!<br></div><div class="battle-history"><small>It's not very effective...</small><br></div><div class="battle-history"><small>(The opposing Yeast lost 8% of its health!)</small><br></div><div class="spacer battle-history"><br></div><h2 class="battle-history">Turn 3</h2><div class="spacer battle-history"><br></div><div class="battle-history">Caesar, come back!<br></div><div class="battle-history">Go! PB (<strong>Constabull</strong>)!<br></div><div class="chat"><ul class="utilichart"><li class="result"><span class="col pokemonnamecol" style="white-space: nowrap">Constabull</span> <span class="col typecol"><img src="https://dragonheaven.herokuapp.com/sprites/types/Fairy.png" alt="Fairy" height="14" width="32"></span> <span style="float: left ; min-height: 26px"><span class="col abilitycol">Intimidate / Early Bird / Iron Barbs</span><span class="col abilitycol"></span></span></li><li style="clear: both"></li></ul></div><div class="chat"><ul class="utilichart"><li class="result"><span style="float: left ; min-height: 26px"><span class="col statcol"><em>HP</em><br>93</span> <span class="col statcol"><em>Atk</em><br>130</span> <span class="col statcol"><em>Def</em><br>110</span> <span class="col statcol"><em>SpA</em><br>80</span> <span class="col statcol"><em>SpD</em><br>80</span> <span class="col statcol"><em>Spe</em><br>32</span> </span></li><li style="clear: both"></li></ul></div><div class="battle-history"><small>(Constabull was created by inkbug!)</small><br></div><div class="spacer battle-history"><br></div><div class="battle-history">The opposing Yeast used <strong>Knock Off</strong>!<br></div><div class="battle-history"><small>It's not very effective...</small><br></div><div class="battle-history"><small>(PB lost <abbr title="−96/390">24.6%</abbr> of its health!)</small><br></div><div class="battle-history">[PB's Iron Barbs]<br><small>The opposing Yeast was hurt!</small><br></div><div class="battle-history"><small>The opposing Yeast was hurt by the Rocky Helmet!</small><br></div><div class="battle-history"><small>The opposing Yeast knocked off PB's Rocky Helmet!</small><br></div><div class="spacer battle-history"><br></div><h2 class="battle-history">Turn 4</h2><div class="spacer battle-history"><br></div><div class="battle-history">H2OPulse withdrew Yeast!<br></div><div class="battle-history">H2OPulse sent out Flavonoid (<strong>Bronzong</strong>)!<br></div><div class="spacer battle-history"><br></div><div class="battle-history">PB used <strong>Bulk Up</strong>!<br></div><div class="battle-history"><small>PB's Attack rose!</small><br></div><div class="battle-history"><small>PB's Defense rose!</small><br></div><div class="spacer battle-history"><br></div><h2 class="battle-history">Turn 5</h2><div class="spacer battle-history"><br></div><div class="battle-history">The opposing Flavonoid used <strong>Reflect</strong>!<br></div><div class="battle-history"><small>Reflect made the opposing team stronger against physical moves!</small><br></div><div class="spacer battle-history"><br></div><div class="battle-history">PB used <strong>Play Rough</strong>!<br></div><div class="battle-history"><small>It's not very effective...</small><br></div><div class="battle-history"><small>(The opposing Flavonoid lost 13% of its health!)</small><br></div><div class="spacer battle-history"><br></div><div class="battle-history"><small>The twisted dimensions returned to normal!</small><br></div><div class="spacer battle-history"><br></div><h2 class="battle-history">Turn 6</h2><div class="spacer battle-history"><br></div><div class="battle-history">PB used <strong>Bulk Up</strong>!<br></div><div class="battle-history"><small>PB's Attack rose!</small><br></div><div class="battle-history"><small>PB's Defense rose!</small><br></div><div class="spacer battle-history"><br></div><div class="battle-history">The opposing Flavonoid used <strong>Heavy Slam</strong>!<br></div><div class="battle-history"><small>It's super effective!</small><br></div><div class="battle-history"><small>(PB lost <abbr title="−120/390">30.8%</abbr> of its health!)</small><br></div><div class="battle-history">[PB's Iron Barbs]<br><small>The opposing Flavonoid was hurt!</small><br></div><div class="spacer battle-history"><br></div><h2 class="battle-history">Turn 7</h2><div class="spacer battle-history"><br></div><div class="battle-history">PB used <strong>Play Rough</strong>!<br></div><div class="battle-history"><small>It's not very effective...</small><br></div><div class="battle-history"><small>(The opposing Flavonoid lost 17% of its health!)</small><br></div><div class="spacer battle-history"><br></div><div class="battle-history">The opposing Flavonoid used <strong>Heavy Slam</strong>!<br></div><div class="battle-history"><small>It's super effective!</small><br></div><div class="battle-history"><small>(PB lost <abbr title="−108/390">27.7%</abbr> of its health!)</small><br></div><div class="battle-history">[PB's Iron Barbs]<br><small>The opposing Flavonoid was hurt!</small><br></div><div class="spacer battle-history"><br></div><h2 class="battle-history">Turn 8</h2><div class="spacer battle-history"><br></div><div class="battle-history">H2OPulse withdrew Flavonoid!<br></div><div class="battle-history">H2OPulse sent out Foxfire (<strong>Shiinotic-Kalos</strong>)!<br></div><div class="chat"><ul class="utilichart"><li class="result"><span class="col pokemonnamecol" style="white-space: nowrap">Shiinotic-Kalos</span> <span class="col typecol"><img src="https://dragonheaven.herokuapp.com/sprites/types/Poison.png" alt="Poison" height="14" width="32"><img src="https://dragonheaven.herokuapp.com/sprites/types/Fairy.png" alt="Fairy" height="14" width="32"></span> <span style="float: left ; min-height: 26px"><span class="col abilitycol">Illuminate / Effect Spore / Technician</span><span class="col abilitycol"></span></span></li><li style="clear: both"></li></ul></div><div class="chat"><ul class="utilichart"><li class="result"><span style="float: left ; min-height: 26px"><span class="col statcol"><em>HP</em><br>60</span> <span class="col statcol"><em>Atk</em><br>45</span> <span class="col statcol"><em>Def</em><br>60</span> <span class="col statcol"><em>SpA</em><br>90</span> <span class="col statcol"><em>SpD</em><br>80</span> <span class="col statcol"><em>Spe</em><br>70</span> </span></li><li style="clear: both"></li></ul></div><div class="battle-history"><small>(Shiinotic-Kalos was created by Hematite!)</small><br></div><div class="spacer battle-history"><br></div><div class="battle-history">PB used <strong>Rest</strong>!<br></div><div class="battle-history"><small>PB slept and became healthy!</small><br></div><div class="spacer battle-history"><br></div><h2 class="battle-history">Turn 9</h2><div class="spacer battle-history"><br></div><div class="battle-history">The opposing Foxfire used <strong>Acid Spray</strong>!<br></div><div class="battle-history"><small>It's super effective!</small><br></div><div class="battle-history"><small>(PB lost <abbr title="−150/390">38.5%</abbr> of its health!)</small><br></div><div class="battle-history"><small>PB's Sp. Def fell harshly!</small><br></div><div class="spacer battle-history"><br></div><div class="battle-history">PB is fast asleep.<br></div><div class="spacer battle-history"><br></div><h2 class="battle-history">Turn 10</h2><div class="spacer battle-history"><br></div><div class="battle-history">PB, come back!<br></div><div class="battle-history">Go! Jelly (<strong>Tentacruel</strong>)!<br></div><div class="spacer battle-history"><br></div><div class="battle-history">The opposing Foxfire used <strong>Acid Spray</strong>!<br></div><div class="battle-history"><small>It's not very effective...</small><br></div><div class="battle-history"><small>A critical hit!</small><br></div><div class="battle-history"><small>(Jelly lost <abbr title="−57/364">15.7%</abbr> of its health!)</small><br></div><div class="battle-history"><small>Jelly's Sp. Def fell harshly!</small><br></div><div class="spacer battle-history"><br></div><div class="battle-history"><small>Jelly restored a little HP using its Black Sludge!</small><br></div><div class="spacer battle-history"><br></div><h2 class="battle-history">Turn 11</h2><div class="spacer battle-history"><br></div><div class="battle-history">Jelly used <strong>Rapid Spin</strong>!<br></div><div class="battle-history"><small>(The opposing Foxfire lost 6% of its health!)</small><br></div><div class="battle-history"><small>Jelly's Speed rose!</small><br></div><div class="spacer battle-history"><br></div><div class="battle-history">The opposing Foxfire used <strong>Spore</strong>!<br></div><div class="battle-history"><small>Jelly fell asleep!</small><br></div><div class="spacer battle-history"><br></div><div class="battle-history"><small>Jelly restored a little HP using its Black Sludge!</small><br></div><div class="battle-history"><small>The opposing Foxfire restored a little HP using its Black Sludge!</small><br></div><div class="spacer battle-history"><br></div><h2 class="battle-history">Turn 12</h2><div class="chat chatmessage-h2opulse"><strong style="color:#6e8c2b"><small>☆</small><span class="username" data-name="H2OPulse">H2OPulse</span>:</strong> <em>I would like to say sorry for the crit but I</em></div><div class="chat chatmessage-h2opulse"><strong style="color:#6e8c2b"><small>☆</small><span class="username" data-name="H2OPulse">H2OPulse</span>:</strong> <em>don't think that could possibly amount to anything huh--</em></div><div class="chat chatmessage-h2opulse"><strong style="color:#6e8c2b"><small>☆</small><span class="username" data-name="H2OPulse">H2OPulse</span>:</strong> <em>yeah you are already at 97 kshfjfjgk</em></div><div class="chat chatmessage-inkbug1 mine"><strong style="color:#e46e0f"><small>☆</small><span class="username" data-name="inkbug1">inkbug1</span>:</strong> <em>i dont think so in this context </em></div><div class="chat chatmessage-inkbug1 mine"><strong style="color:#e46e0f"><small>☆</small><span class="username" data-name="inkbug1">inkbug1</span>:</strong> <em>yea</em></div><div class="spacer battle-history"><br></div><div class="battle-history">Jelly is fast asleep.<br></div><div class="spacer battle-history"><br></div><div class="battle-history">The opposing Foxfire used <strong>Charge Beam</strong>!<br></div><div class="battle-history"><small>It's super effective!</small><br></div><div class="battle-history"><small>(Jelly lost <abbr title="−282/364">77.5%</abbr> of its health!)</small><br></div><div class="battle-history"><small>The opposing Foxfire's Sp. Atk rose!</small><br></div><div class="spacer battle-history"><br></div><div class="battle-history"><small>Jelly restored a little HP using its Black Sludge!</small><br></div><div class="battle-history"><small>The opposing team's Reflect wore off!</small><br></div><div class="spacer battle-history"><br></div><h2 class="battle-history">Turn 13</h2><div class="chat chatmessage-inkbug1 mine"><strong style="color:#e46e0f"><small>☆</small><span class="username" data-name="inkbug1">inkbug1</span>:</strong> <em>oh thats new i see </em></div><div class="chat chatmessage-inkbug1 mine"><strong style="color:#e46e0f"><small>☆</small><span class="username" data-name="inkbug1">inkbug1</span>:</strong> <em>i comprehend </em></div><div class="chat chatmessage-h2opulse"><strong style="color:#6e8c2b"><small>☆</small><span class="username" data-name="H2OPulse">H2OPulse</span>:</strong> <em>: D</em></div><div class="chat chatmessage-h2opulse"><strong style="color:#6e8c2b"><small>☆</small><span class="username" data-name="H2OPulse">H2OPulse</span>:</strong> <em>I was gonna do HP Ground but I thought that was kind of lame</em></div><div class="spacer battle-history"><br></div><div class="battle-history">Jelly, come back!<br></div><div class="battle-history">Go! Risotto (<strong>Carnelion</strong>)!<br></div><div class="spacer battle-history"><br></div><div class="battle-history">The opposing Foxfire used <strong>Charge Beam</strong>!<br></div><div class="battle-history"><small>(Risotto lost <abbr title="−160/311">51.4%</abbr> of its health!)</small><br></div><div class="spacer battle-history"><br></div><h2 class="battle-history">Turn 14</h2><div class="chat chatmessage-h2opulse"><strong style="color:#6e8c2b"><small>☆</small><span class="username" data-name="H2OPulse">H2OPulse</span>:</strong> <em>I mean it is very correct in general but--ohwow that did a lot</em></div><div class="spacer battle-history"><br></div><div class="battle-history">Risotto used <strong>Fake Out</strong>!<br></div><div class="battle-history"><small>The Normal Gem strengthened Risotto's power!</small><br></div><div class="battle-history"><small>(The opposing Foxfire lost 58% of its health!)</small><br></div><div class="spacer battle-history"><br></div><div class="battle-history">The opposing Foxfire flinched and couldn't move!<br></div><div class="spacer battle-history"><br></div><div class="battle-history"><small>The opposing Foxfire restored a little HP using its Black Sludge!</small><br></div><div class="spacer battle-history"><br></div><h2 class="battle-history">Turn 15</h2><div class="spacer battle-history"><br></div><div class="battle-history">H2OPulse withdrew Foxfire!<br></div><div class="battle-history">H2OPulse sent out Senecio (<strong>Milotic</strong>)!<br></div><div class="spacer battle-history"><br></div><div class="battle-history">Risotto used <strong>Rock Tomb</strong>!<br></div><div class="battle-history"><small>(The opposing Senecio lost 31% of its health!)</small><br></div><div class="battle-history"><small>The opposing Senecio's Speed fell!</small><br></div><div class="battle-history">[The opposing Senecio's Competitive]<br></div><div class="battle-history"><small>The opposing Senecio's Sp. Atk rose sharply!</small><br></div><div class="spacer battle-history"><br></div><div class="battle-history"><small>The opposing Senecio restored a little HP using its Leftovers!</small><br></div><div class="spacer battle-history"><br></div><h2 class="battle-history">Turn 16</h2><div class="chat chatmessage-inkbug1 mine"><strong style="color:#e46e0f"><small>☆</small><span class="username" data-name="inkbug1">inkbug1</span>:</strong> <em>yeah </em></div><div class="spacer battle-history"><br></div><div class="battle-history">Risotto used <strong>U-turn</strong>!<br></div><div class="battle-history"><small>(The opposing Senecio lost 14% of its health!)</small><br></div><div class="spacer battle-history"><br></div><div class="battle-history">Risotto went back to inkbug1!<br></div><div class="battle-history">Go! Has Bean (<strong>Polteageist-Cold-Brew</strong>)!<br></div><div class="chat"><ul class="utilichart"><li class="result"><span class="col pokemonnamecol" style="white-space: nowrap">Polteageist-Cold-Brew</span> <span class="col typecol"><img src="https://dragonheaven.herokuapp.com/sprites/types/Dark.png" alt="Dark" height="14" width="32"><img src="https://dragonheaven.herokuapp.com/sprites/types/Ice.png" alt="Ice" height="14" width="32"></span> <span style="float: left ; min-height: 26px"><span class="col abilitycol">Bulletproof / Insomnia</span><span class="col abilitycol"></span></span></li><li style="clear: both"></li></ul></div><div class="chat"><ul class="utilichart"><li class="result"><span style="float: left ; min-height: 26px"><span class="col statcol"><em>HP</em><br>80</span> <span class="col statcol"><em>Atk</em><br>65</span> <span class="col statcol"><em>Def</em><br>45</span> <span class="col statcol"><em>SpA</em><br>114</span> <span class="col statcol"><em>SpD</em><br>134</span> <span class="col statcol"><em>Spe</em><br>70</span> </span></li><li style="clear: both"></li></ul></div><div class="battle-history"><small>(Polteageist-Cold-Brew was created by Hematite!)</small><br></div><div class="spacer battle-history"><br></div><div class="battle-history">The opposing Senecio used <strong>Scald</strong>!<br></div><div class="battle-history"><small>(Has Bean lost <abbr title="−148/363">40.8%</abbr> of its health!)</small><br></div><div class="spacer battle-history"><br></div><div class="battle-history"><small>The opposing Senecio restored a little HP using its Leftovers!</small><br></div><div class="spacer battle-history"><br></div><h2 class="battle-history">Turn 17</h2><div class="spacer battle-history"><br></div><div class="battle-history">H2OPulse withdrew Senecio!<br></div><div class="battle-history">H2OPulse sent out Yeast (<strong>Gourmant</strong>)!<br></div><div class="spacer battle-history"><br></div><div class="battle-history">Has Bean used <strong>Giga Drain</strong>!<br></div><div class="battle-history"><small>It's not very effective...</small><br></div><div class="battle-history"><small>(The opposing Yeast lost 17% of its health!)</small><br></div><div class="battle-history"><small>The opposing Yeast had its energy drained!</small><br></div><div class="spacer battle-history"><br></div><h2 class="battle-history">Turn 18</h2><div class="spacer battle-history"><br></div><div class="battle-history">Has Bean, come back!<br></div><div class="battle-history">Go! PB (<strong>Constabull</strong>)!<br></div><div class="spacer battle-history"><br></div><div class="battle-history">The opposing Yeast used <strong>Knock Off</strong>!<br></div><div class="battle-history"><small>It's not very effective...</small><br></div><div class="battle-history"><small>(PB lost <abbr title="−59/390">15.1%</abbr> of its health!)</small><br></div><div class="battle-history">[PB's Iron Barbs]<br><small>The opposing Yeast was hurt!</small><br></div><div class="spacer battle-history"><br></div><h2 class="battle-history">Turn 19</h2><div class="spacer battle-history"><br></div><div class="battle-history">The opposing Yeast used <strong>Fire Lash</strong>!<br></div><div class="battle-history"><small>(PB lost <abbr title="−123/390">31.5%</abbr> of its health!)</small><br></div><div class="battle-history"><small>PB's Defense fell!</small><br></div><div class="battle-history">[PB's Iron Barbs]<br><small>The opposing Yeast was hurt!</small><br></div><div class="spacer battle-history"><br></div><div class="battle-history">PB is fast asleep.<br></div><div class="spacer battle-history"><br></div><h2 class="battle-history">Turn 20</h2><div class="spacer battle-history"><br></div><div class="battle-history">PB, come back!<br></div><div class="battle-history">Go! Risotto (<strong>Carnelion</strong>)!<br></div><div class="spacer battle-history"><br></div><div class="battle-history">The opposing Yeast used <strong>Knock Off</strong>!<br></div><div class="battle-history"><small>(Risotto lost <abbr title="−151/311">48.6%</abbr> of its health!)</small><br></div><div class="spacer battle-history"><br></div><div class="battle-history">Risotto fainted!<br></div><div class="spacer battle-history"><br></div><div class="battle-history">Go! Caesar (<strong>Endurow</strong>)!<br></div><div class="spacer battle-history"><br></div><h2 class="battle-history">Turn 21</h2><div class="spacer battle-history"><br></div><div class="battle-history">Caesar used <strong>Acrobatics</strong>!<br></div><div class="battle-history"><small>(The opposing Yeast lost 19% of its health!)</small><br></div><div class="spacer battle-history"><br></div><div class="battle-history">The opposing Yeast used <strong>Knock Off</strong>!<br></div><div class="battle-history"><small>(Caesar lost <abbr title="−276/306">90.2%</abbr> of its health!)</small><br></div><div class="battle-history">[Caesar's Stamina]<br></div><div class="battle-history"><small>Caesar's Defense rose!</small><br></div><div class="battle-history"><small>The opposing Yeast knocked off Caesar's Maranga Berry!</small><br></div><div class="spacer battle-history"><br></div><h2 class="battle-history">Turn 22</h2><div class="chat chatmessage-inkbug1 mine"><strong style="color:#e46e0f"><small>☆</small><span class="username" data-name="inkbug1">inkbug1</span>:</strong> <em>for fusks sake</em></div><div class="chat chatmessage-h2opulse"><strong style="color:#6e8c2b"><small>☆</small><span class="username" data-name="H2OPulse">H2OPulse</span>:</strong> <em>Sndjfjgjgkkg</em></div><div class="spacer battle-history"><br></div><div class="battle-history">Caesar used <strong>Roost</strong>!<br></div><div class="battle-history"><small>Caesar had its HP restored.</small><br></div><div class="battle-history"><small>(Caesar loses Flying type this turn.)</small><br></div><div class="spacer battle-history"><br></div><div class="battle-history">The opposing Yeast used <strong>Toxic</strong>!<br></div><div class="battle-history"><small>Caesar was badly poisoned!</small><br></div><div class="spacer battle-history"><br></div><div class="battle-history"><small>Caesar was hurt by poison!</small><br></div><div class="spacer battle-history"><br></div><h2 class="battle-history">Turn 23</h2><div class="chat chatmessage-h2opulse"><strong style="color:#6e8c2b"><small>☆</small><span class="username" data-name="H2OPulse">H2OPulse</span>:</strong> <em>I am so sorry</em></div><div class="spacer battle-history"><br></div><div class="battle-history">Caesar used <strong>Roost</strong>!<br></div><div class="battle-history"><small>Caesar had its HP restored.</small><br></div><div class="battle-history"><small>(Caesar loses Flying type this turn.)</small><br></div><div class="spacer battle-history"><br></div><div class="battle-history">The opposing Yeast used <strong>Fire Lash</strong>!<br></div><div class="battle-history"><small>(Caesar lost <abbr title="−136/306">44.4%</abbr> of its health!)</small><br></div><div class="battle-history"><small>Caesar's Defense fell!</small><br></div><div class="battle-history">[Caesar's Stamina]<br></div><div class="battle-history"><small>Caesar's Defense rose!</small><br></div><div class="spacer battle-history"><br></div><div class="battle-history"><small>Caesar was hurt by poison!</small><br></div><div class="spacer battle-history"><br></div><h2 class="battle-history">Turn 24</h2><div class="spacer battle-history"><br></div><div class="battle-history">The opposing Yeast used <strong>Sucker Punch</strong>!<br></div><div class="battle-history"><small>(Caesar lost <abbr title="−130/306">42.5%</abbr> of its health!)</small><br></div><div class="battle-history">[Caesar's Stamina]<br></div><div class="battle-history"><small>Caesar's Defense rose!</small><br></div><div class="spacer battle-history"><br></div><div class="battle-history">Caesar used <strong>Acrobatics</strong>!<br></div><div class="battle-history"><small>A critical hit!</small><br></div><div class="battle-history"><small>(The opposing Yeast lost 3% of its health!)</small><br></div><div class="spacer battle-history"><br></div><div class="battle-history">The opposing Yeast fainted!<br></div><div class="spacer battle-history"><br></div><div class="battle-history"><small>Caesar was hurt by poison!</small><br></div><div class="spacer battle-history"><br></div><div class="battle-history">Caesar fainted!<br></div><div class="chat chatmessage-h2opulse"><strong style="color:#6e8c2b"><small>☆</small><span class="username" data-name="H2OPulse">H2OPulse</span>:</strong> <em>what a turn--</em></div><div class="chat chatmessage-inkbug1 mine"><strong style="color:#e46e0f"><small>☆</small><span class="username" data-name="inkbug1">inkbug1</span>:</strong> <em>i think i am not having fun anymore</em></div><div class="chat chatmessage-inkbug1 mine"><strong style="color:#e46e0f"><small>☆</small><span class="username" data-name="inkbug1">inkbug1</span>:</strong> <em>but also fair-</em></div><div class="chat chatmessage-h2opulse"><strong style="color:#6e8c2b"><small>☆</small><span class="username" data-name="H2OPulse">H2OPulse</span>:</strong> <em>aaaa I'm sorry,,</em></div><div class="spacer battle-history"><br></div><div class="battle-history">Go! PB (<strong>Constabull</strong>)!<br></div><div class="spacer battle-history"><br></div><div class="battle-history">H2OPulse sent out Asparagus (<strong>Galvantula</strong>)!<br></div><div class="spacer battle-history"><br></div><h2 class="battle-history">Turn 25</h2><div class="spacer battle-history"><br></div><div class="battle-history">PB, come back!<br></div><div class="battle-history">Go! Has Bean (<strong>Polteageist-Cold-Brew</strong>)!<br></div><div class="spacer battle-history"><br></div><div class="battle-history">The opposing Asparagus used <strong>Volt Switch</strong>!<br></div><div class="battle-history"><small>(Has Bean lost <abbr title="−81/363">22.3%</abbr> of its health!)</small><br></div><div class="spacer battle-history"><br></div><div class="battle-history">The opposing Asparagus went back to H2OPulse!<br></div><div class="battle-history">H2OPulse sent out Mango (<strong>Noivern-Variant</strong>)!<br></div><div class="chat"><ul class="utilichart"><li class="result"><span class="col pokemonnamecol" style="white-space: nowrap">Noivern-Variant</span> <span class="col typecol"><img src="https://dragonheaven.herokuapp.com/sprites/types/Fighting.png" alt="Fighting" height="14" width="32"><img src="https://dragonheaven.herokuapp.com/sprites/types/Dragon.png" alt="Dragon" height="14" width="32"></span> <span style="float: left ; min-height: 26px"><span class="col abilitycol">Levitate</span><span class="col abilitycol"></span></span></li><li style="clear: both"></li></ul></div><div class="chat"><ul class="utilichart"><li class="result"><span style="float: left ; min-height: 26px"><span class="col statcol"><em>HP</em><br>95</span> <span class="col statcol"><em>Atk</em><br>70</span> <span class="col statcol"><em>Def</em><br>80</span> <span class="col statcol"><em>SpA</em><br>97</span> <span class="col statcol"><em>SpD</em><br>80</span> <span class="col statcol"><em>Spe</em><br>113</span> </span></li><li style="clear: both"></li></ul></div><div class="battle-history"><small>(Noivern-Variant was created by Hematite!)</small><br></div><div class="spacer battle-history"><br></div><h2 class="battle-history">Turn 26</h2><div class="spacer battle-history"><br></div><div class="battle-history">Has Bean, come back!<br></div><div class="battle-history">Go! Hocus (<strong>Mezmir</strong>)!<br></div><div class="chat"><ul class="utilichart"><li class="result"><span class="col pokemonnamecol" style="white-space: nowrap">Mezmir</span> <span class="col typecol"><img src="https://dragonheaven.herokuapp.com/sprites/types/Psychic.png" alt="Psychic" height="14" width="32"><img src="https://dragonheaven.herokuapp.com/sprites/types/Fighting.png" alt="Fighting" height="14" width="32"></span> <span style="float: left ; min-height: 26px"><span class="col abilitycol">Comatose / Forewarn / Inner Focus</span><span class="col abilitycol"></span></span></li><li style="clear: both"></li></ul></div><div class="chat"><ul class="utilichart"><li class="result"><span style="float: left ; min-height: 26px"><span class="col statcol"><em>HP</em><br>90</span> <span class="col statcol"><em>Atk</em><br>103</span> <span class="col statcol"><em>Def</em><br>70</span> <span class="col statcol"><em>SpA</em><br>73</span> <span class="col statcol"><em>SpD</em><br>115</span> <span class="col statcol"><em>Spe</em><br>77</span> </span></li><li style="clear: both"></li></ul></div><div class="battle-history"><small>(Mezmir was created by quagsi!)</small><br></div><div class="battle-history">[Hocus's Comatose]<br><small>Hocus is drowsing!</small><br></div><div class="spacer battle-history"><br></div><div class="battle-history">The opposing Mango used <strong>Vacuum Wave</strong>!<br></div><div class="battle-history"><small>It's not very effective...</small><br></div><div class="battle-history"><small>(Hocus lost <abbr title="−36/384">9.4%</abbr> of its health!)</small><br></div><div class="spacer battle-history"><br></div><h2 class="battle-history">Turn 27</h2><div class="chat chatmessage-h2opulse"><strong style="color:#6e8c2b"><small>☆</small><span class="username" data-name="H2OPulse">H2OPulse</span>:</strong> <em>Ohh</em></div><div class="chat chatmessage-h2opulse"><strong style="color:#6e8c2b"><small>☆</small><span class="username" data-name="H2OPulse">H2OPulse</span>:</strong> <em>I</em></div><div class="chat chatmessage-h2opulse"><strong style="color:#6e8c2b"><small>☆</small><span class="username" data-name="H2OPulse">H2OPulse</span>:</strong> <em>was supposed to preserve Yeast for this wasn't I</em></div><div class="spacer battle-history"><br></div><div class="battle-history">H2OPulse withdrew Mango!<br></div><div class="battle-history">H2OPulse sent out Flavonoid (<strong>Bronzong</strong>)!<br></div><div class="spacer battle-history"><br></div><div class="battle-history">Hocus used <strong>Belly Drum</strong>!<br></div><div class="battle-history"><small>(Hocus lost <abbr title="−192/384">50%</abbr> of its health!)</small><br></div><div class="battle-history"><small>Hocus cut its own HP and maximized its Attack!</small><br></div><div class="battle-history"><small>(Hocus ate its Sitrus Berry!)</small><br></div><div class="battle-history"><small>Hocus restored HP using its Sitrus Berry!</small><br></div><div class="spacer battle-history"><br></div><h2 class="battle-history">Turn 28</h2><div class="chat chatmessage-inkbug1 mine"><strong style="color:#e46e0f"><small>☆</small><span class="username" data-name="inkbug1">inkbug1</span>:</strong> <em>idt yu need it</em></div><div class="chat chatmessage-inkbug1 mine"><strong style="color:#e46e0f"><small>☆</small><span class="username" data-name="inkbug1">inkbug1</span>:</strong> <em>i mean </em></div><div class="chat chatmessage-h2opulse"><strong style="color:#6e8c2b"><small>☆</small><span class="username" data-name="H2OPulse">H2OPulse</span>:</strong> <em>w...we'll see--</em></div><div class="chat chatmessage-inkbug1 mine"><strong style="color:#e46e0f"><small>☆</small><span class="username" data-name="inkbug1">inkbug1</span>:</strong> <em>im slower than you and im p sure meteors would take it under half but</em></div><div class="chat chatmessage-inkbug1 mine"><strong style="color:#e46e0f"><small>☆</small><span class="username" data-name="inkbug1">inkbug1</span>:</strong> <em>if not kill</em></div><div class="spacer battle-history"><br></div><div class="battle-history">Hocus used <strong>Drain Punch</strong>!<br></div><div class="battle-history"><small>(The opposing Flavonoid lost 27% of its health!)</small><br></div><div class="battle-history"><small>The opposing Flavonoid had its energy drained!</small><br></div><div class="spacer battle-history"><br></div><div class="battle-history">The opposing Flavonoid fainted!<br></div><div class="spacer battle-history"><br></div><div class="battle-history">H2OPulse sent out Mango (<strong>Noivern-Variant</strong>)!<br></div><div class="spacer battle-history"><br></div><h2 class="battle-history">Turn 29</h2><div class="chat chatmessage-h2opulse"><strong style="color:#6e8c2b"><small>☆</small><span class="username" data-name="H2OPulse">H2OPulse</span>:</strong> <em>Hmm</em></div><div class="chat chatmessage-h2opulse"><strong style="color:#6e8c2b"><small>☆</small><span class="username" data-name="H2OPulse">H2OPulse</span>:</strong> <em>I am curious actually</em></div><div class="chat chatmessage-h2opulse"><strong style="color:#6e8c2b"><small>☆</small><span class="username" data-name="H2OPulse">H2OPulse</span>:</strong> <em>to see how much one does</em></div><div class="spacer battle-history"><br></div><div class="battle-history">The opposing Mango used <strong>Draco Meteor</strong>!<br></div><div class="battle-history"><small>A critical hit!</small><br></div><div class="battle-history"><small>(Hocus lost <abbr title="−297/384">77.3%</abbr> of its health!)</small><br></div><div class="battle-history"><small>The opposing Mango's Sp. Atk fell harshly!</small><br></div><div class="spacer battle-history"><br></div><div class="battle-history">Hocus fainted!<br></div><div class="chat chatmessage-inkbug1 mine"><strong style="color:#e46e0f"><small>☆</small><span class="username" data-name="inkbug1">inkbug1</span>:</strong> <em>well</em></div><div class="chat chatmessage-inkbug1 mine"><strong style="color:#e46e0f"><small>☆</small><span class="username" data-name="inkbug1">inkbug1</span>:</strong> <em>thatll do it</em></div><div class="chat chatmessage-h2opulse"><strong style="color:#6e8c2b"><small>☆</small><span class="username" data-name="H2OPulse">H2OPulse</span>:</strong> <em>That did not answer the question--</em></div><div class="chat chatmessage-h2opulse"><strong style="color:#6e8c2b"><small>☆</small><span class="username" data-name="H2OPulse">H2OPulse</span>:</strong> <em>okay.</em></div><div class="spacer battle-history"><br></div><div class="battle-history">Go! Jelly (<strong>Tentacruel</strong>)!<br></div><div class="spacer battle-history"><br></div><h2 class="battle-history">Turn 30</h2><div class="spacer battle-history"><br></div><div class="battle-history">The opposing Mango used <strong>Draco Meteor</strong>!<br></div><div class="battle-history"><small>(Jelly lost <abbr title="−91/364">25%</abbr> of its health!)</small><br></div><div class="battle-history"><small>The opposing Mango's Sp. Atk fell harshly!</small><br></div><div class="spacer battle-history"><br></div><div class="battle-history">Jelly fainted!<br></div><div class="spacer battle-history"><br></div><div class="battle-history">Go! Has Bean (<strong>Polteageist-Cold-Brew</strong>)!<br></div><div class="spacer battle-history"><br></div><h2 class="battle-history">Turn 31</h2><div class="chat chatmessage-h2opulse"><strong style="color:#6e8c2b"><small>☆</small><span class="username" data-name="H2OPulse">H2OPulse</span>:</strong> <em>I am choice-locked so I think you can force me out by sending in Constabull</em></div><div class="chat chatmessage-inkbug1 mine"><strong style="color:#e46e0f"><small>☆</small><span class="username" data-name="inkbug1">inkbug1</span>:</strong> <em>oh right</em></div><div class="chat chatmessage-inkbug1 mine"><strong style="color:#e46e0f"><small>☆</small><span class="username" data-name="inkbug1">inkbug1</span>:</strong> <em>i forgot </em></div><div class="chat chatmessage-h2opulse"><strong style="color:#6e8c2b"><small>☆</small><span class="username" data-name="H2OPulse">H2OPulse</span>:</strong> <em>Well</em></div><div class="chat chatmessage-h2opulse"><strong style="color:#6e8c2b"><small>☆</small><span class="username" data-name="H2OPulse">H2OPulse</span>:</strong> <em>I say that but I am</em></div><div class="chat chatmessage-h2opulse"><strong style="color:#6e8c2b"><small>☆</small><span class="username" data-name="H2OPulse">H2OPulse</span>:</strong> <em>Forced out here anyway</em></div><div class="chat chatmessage-h2opulse"><strong style="color:#6e8c2b"><small>☆</small><span class="username" data-name="H2OPulse">H2OPulse</span>:</strong> <em>so you don't have to switch ahdjfjfk either way works--</em></div><div class="spacer battle-history"><br></div><div class="battle-history">H2OPulse withdrew Mango!<br></div><div class="battle-history">H2OPulse sent out Asparagus (<strong>Galvantula</strong>)!<br></div><div class="spacer battle-history"><br></div><div class="battle-history">Has Bean used <strong>Ice Beam</strong>!<br></div><div class="battle-history"><small>(The opposing Asparagus lost 81% of its health!)</small><br></div><div class="spacer battle-history"><br></div><h2 class="battle-history">Turn 32</h2><div class="spacer battle-history"><br></div><div class="battle-history">The opposing Asparagus used <strong>Thunder</strong>!<br></div><div class="battle-history"><small>(Has Bean lost <abbr title="−126/363">34.7%</abbr> of its health!)</small><br></div><div class="spacer battle-history"><br></div><div class="battle-history">Has Bean used <strong>Nasty Plot</strong>!<br></div><div class="battle-history"><small>Has Bean's Sp. Atk rose sharply!</small><br></div><div class="spacer battle-history"><br></div><h2 class="battle-history">Turn 33</h2><div class="chat chatmessage-inkbug1 mine"><strong style="color:#e46e0f"><small>☆</small><span class="username" data-name="inkbug1">inkbug1</span>:</strong> <em>aw </em></div><div class="chat chatmessage-inkbug1 mine"><strong style="color:#e46e0f"><small>☆</small><span class="username" data-name="inkbug1">inkbug1</span>:</strong> <em>should clicked move</em></div><div class="chat chatmessage-h2opulse"><strong style="color:#6e8c2b"><small>☆</small><span class="username" data-name="H2OPulse">H2OPulse</span>:</strong> <em>Oh fair</em></div><div class="spacer battle-history"><br></div><div class="battle-history">The opposing Asparagus used <strong>Volt Switch</strong>!<br></div><div class="battle-history"><small>(Has Bean lost <abbr title="−40/363">11.0%</abbr> of its health!)</small><br></div><div class="spacer battle-history"><br></div><div class="battle-history">Has Bean fainted!<br></div><div class="spacer battle-history"><br></div><div class="battle-history">The opposing Asparagus went back to H2OPulse!<br></div><div class="battle-history">H2OPulse sent out Foxfire (<strong>Shiinotic-Kalos</strong>)!<br></div><div class="spacer battle-history"><br></div><div class="battle-history"><small>The opposing Foxfire restored a little HP using its Black Sludge!</small><br></div><div class="spacer battle-history"><br></div><div class="battle-history">Go! PB (<strong>Constabull</strong>)!<br></div><div class="spacer battle-history"><br></div><h2 class="battle-history">Turn 34</h2><div class="spacer battle-history"><br></div><div class="battle-history">The opposing Foxfire used <strong>Acid Spray</strong>!<br></div><div class="battle-history"><small>It's super effective!</small><br></div><div class="battle-history"><small>(PB lost <abbr title="−58/390">14.9%</abbr> of its health!)</small><br></div><div class="spacer battle-history"><br></div><div class="battle-history">PB fainted!<br></div><div class="spacer battle-history"><br></div><div class="battle-history"><strong>H2OPulse</strong> won the battle!<br></div><div class="chat chatmessage-h2opulse"><strong style="color:#6e8c2b"><small>☆</small><span class="username" data-name="H2OPulse">H2OPulse</span>:</strong> <em>Good game kind of :'D I'm sorry for the crit on Mezmir I feel like that probably mattered</em></div><div class="chat chatmessage-inkbug1 mine"><strong style="color:#e46e0f"><small>☆</small><span class="username" data-name="inkbug1">inkbug1</span>:</strong> <em>nbd tbh the game was over before that i think :'D </em></div><div class="chat chatmessage-h2opulse"><strong style="color:#6e8c2b"><small>☆</small><span class="username" data-name="H2OPulse">H2OPulse</span>:</strong> <em>Fa ir</em></div><div class="chat chatmessage-h2opulse"><strong style="color:#6e8c2b"><small>☆</small><span class="username" data-name="H2OPulse">H2OPulse</span>:</strong> <em>I willlll have to be right back actually one sec</em></div><div class="chat chatmessage-inkbug1 mine"><strong style="color:#e46e0f"><small>☆</small><span class="username" data-name="inkbug1">inkbug1</span>:</strong> <em>okok</em></div><div class="chat"><small>☆H2OPulse left</small></div></div><div class="inner-preempt message-log"></div></div></div>
</div>
<script>
let daily = Math.floor(Date.now()/1000/60/60/24);document.write('<script src="https://dragonheaven.herokuapp.com/js/replay-embed.js?version'+daily+'"></'+'script>');
</script>
