<!DOCTYPE html>
<meta charset="utf-8" />
<!-- version 1 -->
<title>[Gen 8] Evolution Project replay: H2OPulse vs. inkbug1</title>
<style>
html,body {font-family:Verdana, sans-serif;font-size:10pt;margin:0;padding:0;}body{padding:12px 0;} .battle-log {font-family:Verdana, sans-serif;font-size:10pt;} .battle-log-inline {border:1px solid #AAAAAA;background:#EEF2F5;color:black;max-width:640px;margin:0 auto 80px;padding-bottom:5px;} .battle-log .inner {padding:4px 8px 0px 8px;} .battle-log .inner-preempt {padding:0 8px 4px 8px;} .battle-log .inner-after {margin-top:0.5em;} .battle-log h2 {margin:0.5em -8px;padding:4px 8px;border:1px solid #AAAAAA;background:#E0E7EA;border-left:0;border-right:0;font-family:Verdana, sans-serif;font-size:13pt;} .battle-log .chat {vertical-align:middle;padding:3px 0 3px 0;font-size:8pt;} .battle-log .chat strong {color:#40576A;} .battle-log .chat em {padding:1px 4px 1px 3px;color:#000000;font-style:normal;} .chat.mine {background:rgba(0,0,0,0.05);margin-left:-8px;margin-right:-8px;padding-left:8px;padding-right:8px;} .spoiler {color:#BBBBBB;background:#BBBBBB;padding:0px 3px;} .spoiler:hover, .spoiler:active, .spoiler-shown {color:#000000;background:#E2E2E2;padding:0px 3px;} .spoiler a {color:#BBBBBB;} .spoiler:hover a, .spoiler:active a, .spoiler-shown a {color:#2288CC;} .chat code, .chat .spoiler:hover code, .chat .spoiler:active code, .chat .spoiler-shown code {border:1px solid #C0C0C0;background:#EEEEEE;color:black;padding:0 2px;} .chat .spoiler code {border:1px solid #CCCCCC;background:#CCCCCC;color:#CCCCCC;} .battle-log .rated {padding:3px 4px;} .battle-log .rated strong {color:white;background:#89A;padding:1px 4px;border-radius:4px;} .spacer {margin-top:0.5em;} .message-announce {background:#6688AA;color:white;padding:1px 4px 2px;} .message-announce a, .broadcast-green a, .broadcast-blue a, .broadcast-red a {color:#DDEEFF;} .broadcast-green {background-color:#559955;color:white;padding:2px 4px;} .broadcast-blue {background-color:#6688AA;color:white;padding:2px 4px;} .infobox {border:1px solid #6688AA;padding:2px 4px;} .infobox-limited {max-height:200px;overflow:auto;overflow-x:hidden;} .broadcast-red {background-color:#AA5544;color:white;padding:2px 4px;} .message-learn-canlearn {font-weight:bold;color:#228822;text-decoration:underline;} .message-learn-cannotlearn {font-weight:bold;color:#CC2222;text-decoration:underline;} .message-effect-weak {font-weight:bold;color:#CC2222;} .message-effect-resist {font-weight:bold;color:#6688AA;} .message-effect-immune {font-weight:bold;color:#666666;} .message-learn-list {margin-top:0;margin-bottom:0;} .message-throttle-notice, .message-error {color:#992222;} .message-overflow, .chat small.message-overflow {font-size:0pt;} .message-overflow::before {font-size:9pt;content:'...';} .subtle {color:#3A4A66;}
</style>
<div class="wrapper replay-wrapper" style="max-width:1180px;margin:0 auto">
<input type="hidden" name="replayid" value="dragonheaven-gen8evolutionproject-14" />
<div class="battle"></div><div class="battle-log"></div><div class="replay-controls"></div><div class="replay-controls-2"></div>
<h1 style="font-weight:normal;text-align:center"><strong>[Gen 8] Evolution Project</strong><br /><a href="http://pokemonshowdown.com/users/h2opulse" class="subtle" target="_blank">H2OPulse</a> vs. <a href="http://pokemonshowdown.com/users/inkbug1" class="subtle" target="_blank">inkbug1</a></h1>
<script type="text/plain" class="battle-log-data">|j|☆H2OPulse

|j|☆inkbug1
|t:|1651986421
|player|p1|H2OPulse|aetherfoundation|
|player|p2|inkbug1|emmet|
|teamsize|p1|6
|teamsize|p2|6
|gametype|singles
|gen|8
|tier|[Gen 8] Evolution Project
|clearpoke
|poke|p1|Galvantula, M|
|poke|p1|Shiinotic-Kalos, F|
|poke|p1|Gourmant, F|
|poke|p1|Noivern-Variant, M|
|poke|p1|Milotic, M|
|poke|p1|Bronzong|
|poke|p2|Carnelion, M|
|poke|p2|Polteageist-Cold-Brew, F|
|poke|p2|Constabull, F|
|poke|p2|Tentacruel, F|
|poke|p2|Endurow, M|
|poke|p2|Mezmir, M|
|rule|HP Percentage Mod: HP is shown in percentages
|rule|Endless Battle Clause: Forcing endless battles is banned
|rule|OHKO Clause: OHKO moves are banned
|rule|Evasion Moves Clause: Evasion moves are banned
|rule|Species Clause: Limit one of each Pokémon
|rule|Dynamax Clause: You cannot dynamax
|rule|Sleep Clause Mod: Limit one foe put to sleep
|rule|Z-Move Clause: Type-based Z-Moves are banned
|teampreview
|j|+god of joe
|c|+god of joe|i am very intrigued abt how this will go
|c|☆inkbug1|gl hf
|c|☆H2OPulse|Okay hi again!
|c|☆H2OPulse|Good luck and have fun : D
|c|☆H2OPulse|Same and also afraid
|
|t:|1651986441
|start
|switch|p1a: Asparagus|Galvantula, M|281\/281
|switch|p2a: Risotto|Carnelion, M|100\/100
|-start|p2a: Risotto|typechange|Normal\/Rock|[silent]
|raw|<ul class="utilichart"><li class="result"><span class="col pokemonnamecol" style="white-space: nowrap">Carnelion<\/span> <span class="col typecol"><img src="https:\/\/dragonheaven.herokuapp.com\/sprites\/types\/Normal.png" alt="Normal" height="14" width="32"><img src="https:\/\/dragonheaven.herokuapp.com\/sprites\/types\/Rock.png" alt="Rock" height="14" width="32"><\/span> <span style="float: left ; min-height: 26px"><span class="col abilitycol">Limber \/ Technician \/ Unnerve<\/span><span class="col abilitycol"><\/span><\/span><\/li><li style="clear: both"><\/li><\/ul>
|raw|<ul class="utilichart"><li class="result"><span style="float: left ; min-height: 26px"><span class="col statcol"><em>HP<\/em><br>85<\/span> <span class="col statcol"><em>Atk<\/em><br>105<\/span> <span class="col statcol"><em>Def<\/em><br>70<\/span> <span class="col statcol"><em>SpA<\/em><br>95<\/span> <span class="col statcol"><em>SpD<\/em><br>70<\/span> <span class="col statcol"><em>Spe<\/em><br>120<\/span> <\/span><\/li><li style="clear: both"><\/li><\/ul>
|-hint|Carnelion was created by abismal!
|turn|1
|c|☆inkbug1|i made a whole bunch of my sets even worse i apologise in advance
|
|t:|1651986448
|switch|p1a: Flavonoid|Bronzong|338\/338
|move|p2a: Risotto|Fake Out|p1a: Flavonoid
|-enditem|p2a: Risotto|Normal Gem|[from] gem
|-resisted|p1a: Flavonoid
|-damage|p1a: Flavonoid|284\/338
|
|upkeep
|turn|2
|c|☆H2OPulse|Sadkfjh hype
|
|t:|1651986458
|switch|p1a: Mango|Noivern-Variant, M|332\/332
|-start|p1a: Mango|typechange|Fighting\/Dragon|[silent]
|raw|<ul class="utilichart"><li class="result"><span class="col pokemonnamecol" style="white-space: nowrap">Noivern-Variant<\/span> <span class="col typecol"><img src="https:\/\/dragonheaven.herokuapp.com\/sprites\/types\/Fighting.png" alt="Fighting" height="14" width="32"><img src="https:\/\/dragonheaven.herokuapp.com\/sprites\/types\/Dragon.png" alt="Dragon" height="14" width="32"><\/span> <span style="float: left ; min-height: 26px"><span class="col abilitycol">Levitate<\/span><span class="col abilitycol"><\/span><\/span><\/li><li style="clear: both"><\/li><\/ul>
|raw|<ul class="utilichart"><li class="result"><span style="float: left ; min-height: 26px"><span class="col statcol"><em>HP<\/em><br>95<\/span> <span class="col statcol"><em>Atk<\/em><br>70<\/span> <span class="col statcol"><em>Def<\/em><br>80<\/span> <span class="col statcol"><em>SpA<\/em><br>97<\/span> <span class="col statcol"><em>SpD<\/em><br>80<\/span> <span class="col statcol"><em>Spe<\/em><br>113<\/span> <\/span><\/li><li style="clear: both"><\/li><\/ul>
|-hint|Noivern-Variant was created by Hematite!
|move|p2a: Risotto|U-turn|p1a: Mango
|-resisted|p1a: Mango
|-damage|p1a: Mango|292\/332
|
|t:|1651986468
|switch|p2a: Caesar|Endurow, M|100\/100|[from]move: U-turn
|-start|p2a: Caesar|typechange|Flying|[silent]
|raw|<ul class="utilichart"><li class="result"><span class="col pokemonnamecol" style="white-space: nowrap">Endurow<\/span> <span class="col typecol"><img src="https:\/\/dragonheaven.herokuapp.com\/sprites\/types\/Flying.png" alt="Flying" height="14" width="32"><\/span> <span style="float: left ; min-height: 26px"><span class="col abilitycol">Stamina \/ Sniper<\/span><span class="col abilitycol"><\/span><\/span><\/li><li style="clear: both"><\/li><\/ul>
|raw|<ul class="utilichart"><li class="result"><span style="float: left ; min-height: 26px"><span class="col statcol"><em>HP<\/em><br>82<\/span> <span class="col statcol"><em>Atk<\/em><br>110<\/span> <span class="col statcol"><em>Def<\/em><br>65<\/span> <span class="col statcol"><em>SpA<\/em><br>61<\/span> <span class="col statcol"><em>SpD<\/em><br>61<\/span> <span class="col statcol"><em>Spe<\/em><br>118<\/span> <\/span><\/li><li style="clear: both"><\/li><\/ul>
|-hint|Endurow was created by Violet!
|
|upkeep
|turn|3
|
|t:|1651986476
|move|p2a: Caesar|Work Up|p2a: Caesar
|-boost|p2a: Caesar|atk|1
|-boost|p2a: Caesar|spa|1
|move|p1a: Mango|Draco Meteor|p2a: Caesar
|-damage|p2a: Caesar|0 fnt
|-unboost|p1a: Mango|spa|2
|faint|p2a: Caesar
|
|upkeep
|c|☆inkbug1|oh
|c|☆inkbug1|you piece of shit
|c|☆H2OPulse|sorry
|c|☆H2OPulse|um it gets worse actually
|c|☆inkbug1|well now youll never know the heat :sparkle: 
|c|☆H2OPulse|Aww fair
|
|t:|1651986511
|switch|p2a: Has Bean|Polteageist-Cold-Brew, F|100\/100
|-start|p2a: Has Bean|typechange|Dark\/Ice|[silent]
|raw|<ul class="utilichart"><li class="result"><span class="col pokemonnamecol" style="white-space: nowrap">Polteageist-Cold-Brew<\/span> <span class="col typecol"><img src="https:\/\/dragonheaven.herokuapp.com\/sprites\/types\/Dark.png" alt="Dark" height="14" width="32"><img src="https:\/\/dragonheaven.herokuapp.com\/sprites\/types\/Ice.png" alt="Ice" height="14" width="32"><\/span> <span style="float: left ; min-height: 26px"><span class="col abilitycol">Bulletproof \/ Insomnia<\/span><span class="col abilitycol"><\/span><\/span><\/li><li style="clear: both"><\/li><\/ul>
|raw|<ul class="utilichart"><li class="result"><span style="float: left ; min-height: 26px"><span class="col statcol"><em>HP<\/em><br>80<\/span> <span class="col statcol"><em>Atk<\/em><br>65<\/span> <span class="col statcol"><em>Def<\/em><br>45<\/span> <span class="col statcol"><em>SpA<\/em><br>114<\/span> <span class="col statcol"><em>SpD<\/em><br>134<\/span> <span class="col statcol"><em>Spe<\/em><br>70<\/span> <\/span><\/li><li style="clear: both"><\/li><\/ul>
|-hint|Polteageist-Cold-Brew was created by Hematite!
|turn|4
|
|t:|1651986543
|switch|p1a: Flavonoid|Bronzong|284\/338
|move|p2a: Has Bean|Ice Beam|p1a: Flavonoid
|-resisted|p1a: Flavonoid
|-damage|p1a: Flavonoid|216\/338
|
|upkeep
|turn|5
|
|t:|1651986559
|switch|p2a: Jelly|Tentacruel, F|100\/100
|move|p1a: Flavonoid|Reflect|p1a: Flavonoid
|-sidestart|p1: H2OPulse|Reflect
|
|upkeep
|turn|6
|c|+god of joe|seeing cold brew polteageist is reminding me of how absolutely terrifying dark\/ice is as an offensive typing
|c|+god of joe|:fear:
|c|☆H2OPulse|Skfjhg f air
|c|☆H2OPulse|It has seemed pretty underwhelming so far admittedly :'D
|c|☆inkbug1|well 
|
|t:|1651986600
|switch|p1a: Mango|Noivern-Variant, M|292\/332
|-start|p1a: Mango|typechange|Fighting\/Dragon|[silent]
|move|p2a: Jelly|Toxic Spikes|p1a: Mango
|-sidestart|p1: H2OPulse|move: Toxic Spikes
|
|upkeep
|turn|7
|c|☆inkbug1|i havent exactly been running it
|c|☆inkbug1|oh no
|c|☆inkbug1|hm
|
|t:|1651986622
|switch|p2a: Has Bean|Polteageist-Cold-Brew, F|100\/100
|-start|p2a: Has Bean|typechange|Dark\/Ice|[silent]
|move|p1a: Mango|Draco Meteor|p2a: Has Bean
|-damage|p2a: Has Bean|39\/100
|-unboost|p1a: Mango|spa|2
|
|upkeep
|turn|8
|c|☆H2OPulse|Oh it could've been really funny if I were braver there
|
|t:|1651986637
|switch|p1a: Foxfire|Shiinotic-Kalos, F|274\/274
|-sideend|p1: H2OPulse|move: Toxic Spikes|[of] p1a: Foxfire
|-start|p1a: Foxfire|typechange|Poison\/Fairy|[silent]
|raw|<ul class="utilichart"><li class="result"><span class="col pokemonnamecol" style="white-space: nowrap">Shiinotic-Kalos<\/span> <span class="col typecol"><img src="https:\/\/dragonheaven.herokuapp.com\/sprites\/types\/Poison.png" alt="Poison" height="14" width="32"><img src="https:\/\/dragonheaven.herokuapp.com\/sprites\/types\/Fairy.png" alt="Fairy" height="14" width="32"><\/span> <span style="float: left ; min-height: 26px"><span class="col abilitycol">Illuminate \/ Effect Spore \/ Technician<\/span><span class="col abilitycol"><\/span><\/span><\/li><li style="clear: both"><\/li><\/ul>
|raw|<ul class="utilichart"><li class="result"><span style="float: left ; min-height: 26px"><span class="col statcol"><em>HP<\/em><br>60<\/span> <span class="col statcol"><em>Atk<\/em><br>45<\/span> <span class="col statcol"><em>Def<\/em><br>60<\/span> <span class="col statcol"><em>SpA<\/em><br>90<\/span> <span class="col statcol"><em>SpD<\/em><br>80<\/span> <span class="col statcol"><em>Spe<\/em><br>70<\/span> <\/span><\/li><li style="clear: both"><\/li><\/ul>
|-hint|Shiinotic-Kalos was created by Hematite!
|move|p2a: Has Bean|Strength Sap|p1a: Foxfire
|-unboost|p1a: Foxfire|atk|1
|-heal|p2a: Has Bean|62\/100
|
|upkeep
|turn|9
|
|t:|1651986654
|switch|p2a: Jelly|Tentacruel, F|100\/100
|move|p1a: Foxfire|Spore|p2a: Jelly
|-status|p2a: Jelly|slp|[from] move: Spore
|
|upkeep
|turn|10
|
|t:|1651986664
|move|p1a: Foxfire|Acid Spray|p2a: Jelly
|-resisted|p2a: Jelly
|-damage|p2a: Jelly|91\/100 slp
|-unboost|p2a: Jelly|spd|2
|cant|p2a: Jelly|slp
|
|-heal|p2a: Jelly|97\/100 slp|[from] item: Black Sludge
|upkeep
|turn|11
|c|☆inkbug1|eyyy it slept for more than zero turns 
|
|t:|1651986677
|switch|p1a: Mango|Noivern-Variant, M|292\/332
|-start|p1a: Mango|typechange|Fighting\/Dragon|[silent]
|-curestatus|p2a: Jelly|slp|[msg]
|move|p2a: Jelly|Sludge Bomb|p1a: Mango
|-damage|p1a: Mango|145\/332
|
|-heal|p2a: Jelly|100\/100|[from] item: Black Sludge
|upkeep
|turn|12
|c|☆inkbug1|god dammit jelluy
|c|☆inkbug1|what did i just say
|c|☆H2OPulse|Kjdhfs
|c|☆H2OPulse|That was still minimum sleep turns :'D
|c|+god of joe|go forth mango
|c|☆inkbug1|mmm
|c|☆H2OPulse|Hmm
|
|t:|1651986745
|switch|p1a: Asparagus|Galvantula, M|281\/281
|switch|p2a: PB|Constabull, F|100\/100
|-start|p2a: PB|typechange|Fairy|[silent]
|raw|<ul class="utilichart"><li class="result"><span class="col pokemonnamecol" style="white-space: nowrap">Constabull<\/span> <span class="col typecol"><img src="https:\/\/dragonheaven.herokuapp.com\/sprites\/types\/Fairy.png" alt="Fairy" height="14" width="32"><\/span> <span style="float: left ; min-height: 26px"><span class="col abilitycol">Intimidate \/ Early Bird \/ Iron Barbs<\/span><span class="col abilitycol"><\/span><\/span><\/li><li style="clear: both"><\/li><\/ul>
|raw|<ul class="utilichart"><li class="result"><span style="float: left ; min-height: 26px"><span class="col statcol"><em>HP<\/em><br>93<\/span> <span class="col statcol"><em>Atk<\/em><br>130<\/span> <span class="col statcol"><em>Def<\/em><br>110<\/span> <span class="col statcol"><em>SpA<\/em><br>80<\/span> <span class="col statcol"><em>SpD<\/em><br>80<\/span> <span class="col statcol"><em>Spe<\/em><br>32<\/span> <\/span><\/li><li style="clear: both"><\/li><\/ul>
|-hint|Constabull was created by inkbug!
|-ability|p2a: PB|Intimidate|boost
|-unboost|p1a: Asparagus|atk|1
|
|-sideend|p1: H2OPulse|Reflect
|upkeep
|turn|13
|c|☆inkbug1|ths is acceptable
|
|t:|1651986760
|move|p1a: Asparagus|Sticky Web|p2a: PB
|-sidestart|p2: inkbug1|move: Sticky Web
|move|p2a: PB|Bulk Up|p2a: PB
|-boost|p2a: PB|atk|1
|-boost|p2a: PB|def|1
|
|upkeep
|turn|14
|
|t:|1651986771
|move|p1a: Asparagus|Thunder|p2a: PB
|-damage|p2a: PB|65\/100
|-status|p2a: PB|par
|move|p2a: PB|Play Rough|p1a: Asparagus
|-damage|p1a: Asparagus|2\/281
|
|upkeep
|turn|15
|c|☆H2OPulse|Oh that
|c|☆H2OPulse|huh
|c|☆H2OPulse|okay
|c|☆inkbug1|changed my evs
|c|☆H2OPulse|I see,
|c|☆inkbug1|since last time it go t hit by that
|c|+god of joe|what is with galvantula and having a tendency to live at 1% even without a focus sash
|c|☆inkbug1|not for that reason but
|c|☆H2OPulse|Kjdhsj yEAH
|c|☆inkbug1|I DUNNO 
|c|☆inkbug1|ITS SO FUNNY
|c|☆H2OPulse|I have
|c|☆H2OPulse|2 HP
|c|☆inkbug1|i mean 
|c|+god of joe|like i swear it's not just this instance this has happened to me like
|c|☆inkbug1|also realistic
|c|+god of joe|2-3 times before
|c|☆inkbug1|its like when ur trying to get a spider and you thought you got it but actually you didnt and you hav no idea how
|c|☆inkbug1|faithful to real life
|c|+god of joe|LMFAO
|c|☆H2OPulse|__Kjdshsdhf__
|
|t:|1651986851
|switch|p1a: Flavonoid|Bronzong|216\/338
|move|p2a: PB|Play Rough|p1a: Flavonoid
|-resisted|p1a: Flavonoid
|-damage|p1a: Flavonoid|130\/338
|
|upkeep
|turn|16
|c|☆H2OPulse|Um, ow,
|
|t:|1651986859
|move|p1a: Flavonoid|Reflect|p1a: Flavonoid
|-sidestart|p1: H2OPulse|Reflect
|move|p2a: PB|Bulk Up|p2a: PB
|-boost|p2a: PB|atk|1
|-boost|p2a: PB|def|1
|
|upkeep
|turn|17
|
|t:|1651986871
|move|p1a: Flavonoid|Explosion|p2a: PB
|-damage|p2a: PB|36\/100 par
|faint|p1a: Flavonoid
|cant|p2a: PB|par
|
|upkeep
|c|☆inkbug1|oop
|c|☆inkbug1|fair
|
|t:|1651986903
|switch|p1a: Asparagus|Galvantula, M|2\/281
|turn|18
|
|t:|1651986913
|move|p1a: Asparagus|Thunder|p2a: PB|[miss]
|-miss|p1a: Asparagus|p2a: PB
|move|p2a: PB|Rest|p2a: PB
|-status|p2a: PB|slp|[from] move: Rest
|-heal|p2a: PB|100\/100 slp|[silent]
|
|upkeep
|turn|19
|c|☆H2OPulse|OH NO
|
|t:|1651986922
|move|p1a: Asparagus|Volt Switch|p2a: PB
|-damage|p2a: PB|80\/100 slp
|c|☆H2OPulse|FEAR
|c|☆inkbug1|dashgfsdgjfdsjh
|
|t:|1651986926
|switch|p1a: Foxfire|Shiinotic-Kalos, F|274\/274
|-start|p1a: Foxfire|typechange|Poison\/Fairy|[silent]
|cant|p2a: PB|slp
|
|upkeep
|turn|20
|
|t:|1651986943
|move|p1a: Foxfire|Acid Spray|p2a: PB
|-supereffective|p2a: PB
|-damage|p2a: PB|45\/100 slp
|-unboost|p2a: PB|spd|2
|cant|p2a: PB|slp
|
|upkeep
|turn|21
|c|☆H2OPulse|exhales
|c|☆H2OPulse|okay
|
|t:|1651986954
|switch|p2a: Risotto|Carnelion, M|100\/100
|-activate|p2a: Risotto|move: Sticky Web
|-unboost|p2a: Risotto|spe|1
|-start|p2a: Risotto|typechange|Normal\/Rock|[silent]
|move|p1a: Foxfire|Acid Spray|p2a: Risotto
|-resisted|p2a: Risotto
|-damage|p2a: Risotto|84\/100
|-unboost|p2a: Risotto|spd|2
|
|upkeep
|turn|22
|
|t:|1651986965
|move|p2a: Risotto|Fake Out|p1a: Foxfire
|-damage|p1a: Foxfire|210\/274
|cant|p1a: Foxfire|flinch
|
|-heal|p1a: Foxfire|227\/274|[from] item: Black Sludge
|upkeep
|turn|23
|
|t:|1651986976
|switch|p2a: Hocus|Mezmir, M|100\/100
|-activate|p2a: Hocus|move: Sticky Web
|-unboost|p2a: Hocus|spe|1
|-start|p2a: Hocus|typechange|Psychic\/Fighting|[silent]
|raw|<ul class="utilichart"><li class="result"><span class="col pokemonnamecol" style="white-space: nowrap">Mezmir<\/span> <span class="col typecol"><img src="https:\/\/dragonheaven.herokuapp.com\/sprites\/types\/Psychic.png" alt="Psychic" height="14" width="32"><img src="https:\/\/dragonheaven.herokuapp.com\/sprites\/types\/Fighting.png" alt="Fighting" height="14" width="32"><\/span> <span style="float: left ; min-height: 26px"><span class="col abilitycol">Comatose \/ Forewarn \/ Inner Focus<\/span><span class="col abilitycol"><\/span><\/span><\/li><li style="clear: both"><\/li><\/ul>
|raw|<ul class="utilichart"><li class="result"><span style="float: left ; min-height: 26px"><span class="col statcol"><em>HP<\/em><br>90<\/span> <span class="col statcol"><em>Atk<\/em><br>103<\/span> <span class="col statcol"><em>Def<\/em><br>70<\/span> <span class="col statcol"><em>SpA<\/em><br>73<\/span> <span class="col statcol"><em>SpD<\/em><br>115<\/span> <span class="col statcol"><em>Spe<\/em><br>77<\/span> <\/span><\/li><li style="clear: both"><\/li><\/ul>
|-hint|Mezmir was created by quagsi!
|-ability|p2a: Hocus|Comatose
|move|p1a: Foxfire|Draining Kiss|p2a: Hocus
|-supereffective|p2a: Hocus
|-damage|p2a: Hocus|48\/100
|-heal|p1a: Foxfire|274\/274|[from] drain|[of] p2a: Hocus
|-enditem|p2a: Hocus|Sitrus Berry|[eat]
|-heal|p2a: Hocus|73\/100|[from] item: Sitrus Berry
|
|-sideend|p1: H2OPulse|Reflect
|upkeep
|turn|24
|c|☆inkbug1|okay 
|c|☆inkbug1|um 
|c|☆inkbug1|uh. 
|c|☆inkbug1|hmmmm.
|
|t:|1651987055
|switch|p2a: Jelly|Tentacruel, F|100\/100
|-activate|p2a: Jelly|move: Sticky Web
|-unboost|p2a: Jelly|spe|1
|move|p1a: Foxfire|Acid Spray|p2a: Jelly
|-resisted|p2a: Jelly
|-damage|p2a: Jelly|91\/100
|-unboost|p2a: Jelly|spd|2
|
|-heal|p2a: Jelly|97\/100|[from] item: Black Sludge
|upkeep
|turn|25
|
|t:|1651987072
|switch|p1a: Asparagus|Galvantula, M|2\/281
|move|p2a: Jelly|Sludge Bomb|p1a: Asparagus
|-damage|p1a: Asparagus|0 fnt
|faint|p1a: Asparagus
|
|-heal|p2a: Jelly|100\/100|[from] item: Black Sludge
|upkeep
|
|t:|1651987078
|switch|p1a: Mango|Noivern-Variant, M|145\/332
|-start|p1a: Mango|typechange|Fighting\/Dragon|[silent]
|turn|26
|
|t:|1651987113
|switch|p2a: PB|Constabull, F|45\/100 slp
|-start|p2a: PB|typechange|Fairy|[silent]
|-activate|p2a: PB|move: Sticky Web
|-unboost|p2a: PB|spe|1
|-ability|p2a: PB|Intimidate|boost
|-unboost|p1a: Mango|atk|1
|move|p1a: Mango|U-turn|p2a: PB
|-resisted|p2a: PB
|-damage|p2a: PB|41\/100 slp
|-damage|p1a: Mango|90\/332|[from] item: Rocky Helmet|[of] p2a: PB
|
|t:|1651987120
|switch|p1a: Foxfire|Shiinotic-Kalos, F|274\/274
|-start|p1a: Foxfire|typechange|Poison\/Fairy|[silent]
|
|upkeep
|turn|27
|
|t:|1651987126
|move|p1a: Foxfire|Acid Spray|p2a: PB
|-supereffective|p2a: PB
|-damage|p2a: PB|8\/100 slp
|-unboost|p2a: PB|spd|2
|-curestatus|p2a: PB|slp|[msg]
|move|p2a: PB|Earthquake|p1a: Foxfire
|-supereffective|p1a: Foxfire
|-crit|p1a: Foxfire
|-damage|p1a: Foxfire|0 fnt
|faint|p1a: Foxfire
|
|upkeep
|c|☆inkbug1|p hew
|c|☆H2OPulse|Oops I mistimed that
|c|☆H2OPulse|I forgot you could KO this time
|c|☆H2OPulse|That crit did not matter because Reflect was down
|
|t:|1651987153
|switch|p1a: Senecio|Milotic, M|394\/394
|turn|28
|c|☆inkbug1|yea tht should ohko without that 
|
|t:|1651987167
|switch|p2a: Has Bean|Polteageist-Cold-Brew, F|62\/100
|-start|p2a: Has Bean|typechange|Dark\/Ice|[silent]
|-activate|p2a: Has Bean|move: Sticky Web
|-unboost|p2a: Has Bean|spe|1
|move|p1a: Senecio|Scald|p2a: Has Bean
|-damage|p2a: Has Bean|43\/100
|
|upkeep
|turn|29
|c|☆H2OPulse|Hm,
|
|t:|1651987191
|switch|p1a: Yeast|Gourmant, F|374\/374
|-start|p1a: Yeast|typechange|Fire\/Dark|[silent]
|raw|<ul class="utilichart"><li class="result"><span class="col pokemonnamecol" style="white-space: nowrap">Gourmant<\/span> <span class="col typecol"><img src="https:\/\/dragonheaven.herokuapp.com\/sprites\/types\/Fire.png" alt="Fire" height="14" width="32"><img src="https:\/\/dragonheaven.herokuapp.com\/sprites\/types\/Dark.png" alt="Dark" height="14" width="32"><\/span> <span style="float: left ; min-height: 26px"><span class="col abilitycol">Gluttony \/ Flash Fire \/ White Smoke<\/span><span class="col abilitycol"><\/span><\/span><\/li><li style="clear: both"><\/li><\/ul>
|raw|<ul class="utilichart"><li class="result"><span style="float: left ; min-height: 26px"><span class="col statcol"><em>HP<\/em><br>85<\/span> <span class="col statcol"><em>Atk<\/em><br>137<\/span> <span class="col statcol"><em>Def<\/em><br>66<\/span> <span class="col statcol"><em>SpA<\/em><br>105<\/span> <span class="col statcol"><em>SpD<\/em><br>66<\/span> <span class="col statcol"><em>Spe<\/em><br>75<\/span> <\/span><\/li><li style="clear: both"><\/li><\/ul>
|-hint|Gourmant was created by quagsi!
|move|p2a: Has Bean|Strength Sap|p1a: Yeast
|-fail|p1a: Yeast|unboost|[from] ability: White Smoke|[of] p1a: Yeast
|-heal|p2a: Has Bean|100\/100
|
|upkeep
|turn|30
|c|☆inkbug1|WHY DOES THT STILL HEAL 
|c|☆inkbug1|I FEEL LIKE I T SHOULDNT
|c|☆H2OPulse|WAIT
|c|☆H2OPulse|YOU WERE GONNA
|c|☆H2OPulse|shoot okay I didn't even need to switch--
|
|t:|1651987220
|move|p1a: Yeast|Fire Lash|p2a: Has Bean
|-supereffective|p2a: Has Bean
|-enditem|p2a: Has Bean|Focus Sash
|-damage|p2a: Has Bean|1\/100
|-unboost|p2a: Has Bean|def|1
|move|p2a: Has Bean|Hidden Power|p1a: Yeast
|-supereffective|p1a: Yeast
|-damage|p1a: Yeast|172\/374
|
|upkeep
|turn|31
|c|☆H2OPulse|Ohhh you're Sash
|c|☆H2OPulse|I see
|
|t:|1651987238
|switch|p2a: PB|Constabull, F|8\/100
|-activate|p2a: PB|move: Sticky Web
|-unboost|p2a: PB|spe|1
|-start|p2a: PB|typechange|Fairy|[silent]
|-ability|p2a: PB|Intimidate|boost
|-fail|p1a: Yeast|unboost|[from] ability: White Smoke|[of] p1a: Yeast
|move|p1a: Yeast|Fire Lash|p2a: PB
|-damage|p2a: PB|0 fnt
|-damage|p1a: Yeast|110\/374|[from] item: Rocky Helmet|[of] p2a: PB
|faint|p2a: PB
|
|upkeep
|c|☆H2OPulse|I switched out fearing Trick but actually Strength Sap on Milotic would be awesome
|c|☆H2OPulse|because I have
|c|☆H2OPulse|Competitive
|c|☆inkbug1|yeah i realized that um the last time i tried to click it
|c|☆inkbug1|but forgot this time
|c|☆H2OPulse|Sdkjfh
|
|t:|1651987263
|switch|p2a: Risotto|Carnelion, M|84\/100
|-activate|p2a: Risotto|move: Sticky Web
|-unboost|p2a: Risotto|spe|1
|-start|p2a: Risotto|typechange|Normal\/Rock|[silent]
|turn|32
|
|t:|1651987271
|switch|p1a: Senecio|Milotic, M|394\/394
|move|p2a: Risotto|Fake Out|p1a: Senecio
|-damage|p1a: Senecio|312\/394
|
|-heal|p1a: Senecio|336\/394|[from] item: Leftovers
|upkeep
|turn|33
|
|t:|1651987287
|move|p2a: Risotto|U-turn|p1a: Senecio
|-damage|p1a: Senecio|274\/394
|
|t:|1651987289
|switch|p2a: Jelly|Tentacruel, F|100\/100|[from]move: U-turn
|-activate|p2a: Jelly|move: Sticky Web
|-unboost|p2a: Jelly|spe|1
|move|p1a: Senecio|Scald|p2a: Jelly
|-resisted|p2a: Jelly
|-damage|p2a: Jelly|89\/100
|
|-heal|p1a: Senecio|298\/394|[from] item: Leftovers
|-heal|p2a: Jelly|95\/100|[from] item: Black Sludge
|upkeep
|turn|34
|
|t:|1651987299
|move|p2a: Jelly|Rapid Spin|p1a: Senecio
|-damage|p1a: Senecio|280\/394
|-boost|p2a: Jelly|spe|1
|-sideend|p2: inkbug1|Sticky Web|[from] move: Rapid Spin|[of] p2a: Jelly
|move|p1a: Senecio|Mirror Coat||[still]
|-fail|p1a: Senecio
|
|-heal|p2a: Jelly|100\/100|[from] item: Black Sludge
|-heal|p1a: Senecio|304\/394|[from] item: Leftovers
|upkeep
|turn|35
|c|☆inkbug1|oh right haha uh
|
|t:|1651987314
|move|p2a: Jelly|Toxic Spikes|p1a: Senecio
|-sidestart|p1: H2OPulse|move: Toxic Spikes
|move|p1a: Senecio|Scald|p2a: Jelly
|-resisted|p2a: Jelly
|-damage|p2a: Jelly|90\/100
|
|-heal|p2a: Jelly|96\/100|[from] item: Black Sludge
|-heal|p1a: Senecio|328\/394|[from] item: Leftovers
|upkeep
|turn|36
|
|t:|1651987322
|move|p2a: Jelly|Toxic Spikes|p1a: Senecio
|-sidestart|p1: H2OPulse|move: Toxic Spikes
|move|p1a: Senecio|Scald|p2a: Jelly
|-resisted|p2a: Jelly
|-damage|p2a: Jelly|85\/100
|
|-heal|p2a: Jelly|91\/100|[from] item: Black Sludge
|-heal|p1a: Senecio|352\/394|[from] item: Leftovers
|upkeep
|turn|37
|
|t:|1651987343
|switch|p2a: Hocus|Mezmir, M|73\/100
|-start|p2a: Hocus|typechange|Psychic\/Fighting|[silent]
|-ability|p2a: Hocus|Comatose
|move|p1a: Senecio|Scald|p2a: Hocus
|-damage|p2a: Hocus|52\/100
|
|-heal|p1a: Senecio|376\/394|[from] item: Leftovers
|upkeep
|turn|38
|
|t:|1651987354
|move|p1a: Senecio|Scald|p2a: Hocus
|-damage|p2a: Hocus|29\/100
|move|p2a: Hocus|Drain Punch|p1a: Senecio
|-damage|p1a: Senecio|277\/394
|-heal|p2a: Hocus|42\/100|[from] drain|[of] p1a: Senecio
|
|-heal|p1a: Senecio|301\/394|[from] item: Leftovers
|upkeep
|turn|39
|
|t:|1651987363
|move|p1a: Senecio|Scald|p2a: Hocus
|-damage|p2a: Hocus|20\/100
|move|p2a: Hocus|Drain Punch|p1a: Senecio
|-damage|p1a: Senecio|189\/394
|-heal|p2a: Hocus|35\/100|[from] drain|[of] p1a: Senecio
|
|-heal|p1a: Senecio|213\/394|[from] item: Leftovers
|upkeep
|turn|40
|
|t:|1651987373
|move|p1a: Senecio|Scald|p2a: Hocus
|-damage|p2a: Hocus|14\/100
|move|p2a: Hocus|Drain Punch|p1a: Senecio
|-damage|p1a: Senecio|110\/394
|-heal|p2a: Hocus|27\/100|[from] drain|[of] p1a: Senecio
|
|-heal|p1a: Senecio|134\/394|[from] item: Leftovers
|upkeep
|turn|41
|
|t:|1651987386
|move|p1a: Senecio|Recover|p1a: Senecio
|-heal|p1a: Senecio|331\/394
|move|p2a: Hocus|Zen Headbutt|p1a: Senecio
|-damage|p1a: Senecio|222\/394
|
|-heal|p1a: Senecio|246\/394|[from] item: Leftovers
|upkeep
|turn|42
|
|t:|1651987394
|move|p1a: Senecio|Scald|p2a: Hocus
|-damage|p2a: Hocus|5\/100
|move|p2a: Hocus|Drain Punch|p1a: Senecio
|-crit|p1a: Senecio
|-damage|p1a: Senecio|98\/394
|-heal|p2a: Hocus|25\/100|[from] drain|[of] p1a: Senecio
|
|-heal|p1a: Senecio|122\/394|[from] item: Leftovers
|upkeep
|turn|43
|
|t:|1651987414
|move|p1a: Senecio|Recover|p1a: Senecio
|-heal|p1a: Senecio|319\/394
|move|p2a: Hocus|Drain Punch|p1a: Senecio
|-damage|p1a: Senecio|222\/394
|-heal|p2a: Hocus|37\/100|[from] drain|[of] p1a: Senecio
|
|-heal|p1a: Senecio|246\/394|[from] item: Leftovers
|upkeep
|turn|44
|c|☆inkbug1|i might try something extremely ill advised w this thing
|c|☆H2OPulse|:eyes:
|
|t:|1651987444
|move|p1a: Senecio|Scald|p2a: Hocus
|-damage|p2a: Hocus|15\/100
|move|p2a: Hocus|Drain Punch|p1a: Senecio
|-damage|p1a: Senecio|140\/394
|-heal|p2a: Hocus|29\/100|[from] drain|[of] p1a: Senecio
|
|-heal|p1a: Senecio|164\/394|[from] item: Leftovers
|upkeep
|turn|45
|
|t:|1651987457
|move|p1a: Senecio|Scald|p2a: Hocus
|-damage|p2a: Hocus|7\/100
|move|p2a: Hocus|Drain Punch|p1a: Senecio
|-damage|p1a: Senecio|55\/394
|-heal|p2a: Hocus|21\/100|[from] drain|[of] p1a: Senecio
|
|-heal|p1a: Senecio|79\/394|[from] item: Leftovers
|upkeep
|turn|46
|
|t:|1651987471
|switch|p2a: Risotto|Carnelion, M|84\/100
|-start|p2a: Risotto|typechange|Normal\/Rock|[silent]
|move|p1a: Senecio|Recover|p1a: Senecio
|-heal|p1a: Senecio|276\/394
|
|-heal|p1a: Senecio|300\/394|[from] item: Leftovers
|upkeep
|turn|47
|
|t:|1651987478
|move|p2a: Risotto|Fake Out|p1a: Senecio
|-damage|p1a: Senecio|218\/394
|cant|p1a: Senecio|flinch
|
|-heal|p1a: Senecio|242\/394|[from] item: Leftovers
|upkeep
|turn|48
|c|☆inkbug1|hmmm.... decisions 
|c|☆H2OPulse|Rock Tomb
|c|☆H2OPulse|I am begging
|c|☆inkbug1|oh right
|
|t:|1651987509
|move|p2a: Risotto|Covet|p1a: Senecio
|-damage|p1a: Senecio|116\/394
|-item|p2a: Risotto|Leftovers|[from] move: Covet|[of] p1a: Senecio
|move|p1a: Senecio|Scald|p2a: Risotto
|-supereffective|p2a: Risotto
|-damage|p2a: Risotto|4\/100
|
|-heal|p2a: Risotto|10\/100|[from] item: Leftovers
|upkeep
|turn|49
|c|☆H2OPulse|Kdhdj
|c|☆inkbug1|i almost did 
|c|☆H2OPulse|nO okay,
|
|t:|1651987532
|move|p2a: Risotto|Covet|p1a: Senecio
|-damage|p1a: Senecio|8\/394
|move|p1a: Senecio|Recover|p1a: Senecio
|-heal|p1a: Senecio|205\/394
|
|-heal|p2a: Risotto|16\/100|[from] item: Leftovers
|upkeep
|turn|50
|c|☆H2OPulse|breathes
|
|t:|1651987539
|move|p2a: Risotto|U-turn|p1a: Senecio
|-damage|p1a: Senecio|141\/394
|
|t:|1651987544
|switch|p2a: Jelly|Tentacruel, F|91\/100|[from]move: U-turn
|move|p1a: Senecio|Recover|p1a: Senecio
|-heal|p1a: Senecio|338\/394
|
|-heal|p2a: Jelly|97\/100|[from] item: Black Sludge
|upkeep
|turn|51
|
|t:|1651987555
|move|p2a: Jelly|Scald|p1a: Senecio
|-resisted|p1a: Senecio
|-damage|p1a: Senecio|289\/394
|move|p1a: Senecio|Mirror Coat|p2a: Jelly
|-damage|p2a: Jelly|70\/100
|
|-heal|p2a: Jelly|76\/100|[from] item: Black Sludge
|upkeep
|turn|52
|
|t:|1651987568
|move|p2a: Jelly|Scald|p1a: Senecio
|-resisted|p1a: Senecio
|-damage|p1a: Senecio|245\/394
|-status|p1a: Senecio|brn
|move|p1a: Senecio|Mirror Coat|p2a: Jelly
|-damage|p2a: Jelly|52\/100
|
|-heal|p2a: Jelly|58\/100|[from] item: Black Sludge
|-damage|p1a: Senecio|221\/394 brn|[from] brn
|upkeep
|turn|53
|
|t:|1651987578
|move|p2a: Jelly|Rapid Spin|p1a: Senecio
|-damage|p1a: Senecio|202\/394 brn
|-boost|p2a: Jelly|spe|1
|move|p1a: Senecio|Recover|p1a: Senecio
|-heal|p1a: Senecio|394\/394 brn
|
|-heal|p2a: Jelly|64\/100|[from] item: Black Sludge
|-damage|p1a: Senecio|370\/394 brn|[from] brn
|upkeep
|turn|54
|
|t:|1651987586
|move|p2a: Jelly|Rapid Spin|p1a: Senecio
|-damage|p1a: Senecio|351\/394 brn
|-boost|p2a: Jelly|spe|1
|move|p1a: Senecio|Mirror Coat||[still]
|-fail|p1a: Senecio
|
|-heal|p2a: Jelly|70\/100|[from] item: Black Sludge
|-damage|p1a: Senecio|327\/394 brn|[from] brn
|upkeep
|turn|55
|c|☆H2OPulse|Ohhh I am following
|c|☆H2OPulse|Rude
|
|t:|1651987606
|switch|p1a: Mango|Noivern-Variant, M|90\/332
|-start|p1a: Mango|typechange|Fighting\/Dragon|[silent]
|move|p2a: Jelly|Rapid Spin|p1a: Mango
|-damage|p1a: Mango|62\/332
|-boost|p2a: Jelly|spe|1
|
|-heal|p2a: Jelly|76\/100|[from] item: Black Sludge
|upkeep
|turn|56
|c|☆inkbug1|you fool i have 600 speed
|c|☆H2OPulse|Yeah,
|
|t:|1651987620
|move|p2a: Jelly|Sludge Bomb|p1a: Mango
|-damage|p1a: Mango|0 fnt
|faint|p1a: Mango
|
|-heal|p2a: Jelly|82\/100|[from] item: Black Sludge
|upkeep
|c|☆H2OPulse|Good game :'D
|c|☆inkbug1|asdfajfgakjsdfgasdf
|c|☆H2OPulse|OH I had
|c|☆H2OPulse|a better option there
|
|t:|1651987629
|switch|p1a: Yeast|Gourmant, F|110\/374
|-start|p1a: Yeast|typechange|Fire\/Dark|[silent]
|-status|p1a: Yeast|tox
|turn|57
|c|☆H2OPulse|I mean sort of
|c|☆inkbug1|you
|c|☆H2OPulse|not really
|c|☆H2OPulse|but
|c|☆H2OPulse|like see if I were smart I could at __least__ have forced you out but I am not especially :'D
|
|t:|1651987651
|move|p1a: Yeast|Sucker Punch||[still]
|-fail|p1a: Yeast
|move|p2a: Jelly|Toxic Spikes||[still]
|-fail|p2a: Jelly
|
|-heal|p2a: Jelly|88\/100|[from] item: Black Sludge
|-damage|p1a: Yeast|87\/374 tox|[from] psn
|upkeep
|turn|58
|c|☆inkbug1|i was not intending to set up on speed but :'D 
|c|☆H2OPulse|Khdfjk
|
|t:|1651987662
|move|p2a: Jelly|Scald|p1a: Yeast
|-supereffective|p1a: Yeast
|-damage|p1a: Yeast|0 fnt
|faint|p1a: Yeast
|
|-heal|p2a: Jelly|94\/100|[from] item: Black Sludge
|upkeep
|
|t:|1651987665
|switch|p1a: Senecio|Milotic, M|327\/394 brn
|turn|59
|c|☆H2OPulse|MAN okay--
|c|☆H2OPulse|G o o d game : D
|c|☆inkbug1|thisis so funny
|c|☆H2OPulse|Y e s
|
|t:|1651987688
|move|p2a: Jelly|Sludge Bomb|p1a: Senecio
|-damage|p1a: Senecio|230\/394 brn
|move|p1a: Senecio|Scald|p2a: Jelly
|-resisted|p2a: Jelly
|-damage|p2a: Jelly|84\/100
|
|-heal|p2a: Jelly|90\/100|[from] item: Black Sludge
|-damage|p1a: Senecio|206\/394 brn|[from] brn
|upkeep
|turn|60
|
|t:|1651987701
|move|p2a: Jelly|Sludge Bomb|p1a: Senecio
|-damage|p1a: Senecio|104\/394 brn
|move|p1a: Senecio|Mirror Coat|p2a: Jelly
|-damage|p2a: Jelly|34\/100
|
|-heal|p2a: Jelly|40\/100|[from] item: Black Sludge
|-damage|p1a: Senecio|80\/394 brn|[from] brn
|upkeep
|turn|61
|c|☆H2OPulse|now you're just taunting me--
|
|t:|1651987709
|move|p2a: Jelly|Sludge Bomb|p1a: Senecio
|-damage|p1a: Senecio|0 fnt
|faint|p1a: Senecio
|
|win|inkbug1
|c|☆inkbug1|wheez 
|c|☆H2OPulse|Good game!!!
|c|☆inkbug1|gg 
|c|☆H2OPulse|kfdjsadkhf</script>
</div>
<div class="battle-log battle-log-inline"><div class="inner"><div class="battle-options"><div style="padding-top: 3px; padding-right: 3px; text-align: right"><button class="icon button" name="openBattleOptions" title="Options">Battle Options</button></div></div><div class="inner message-log"><div class="chat"><small>☆H2OPulse and ☆inkbug1 joined</small></div><div class=""><small>Format:</small> <br><strong>[Gen 8] Evolution Project</strong></div><div class=""><small><em>HP Percentage Mod:</em> HP is shown in percentages</small></div><div class=""><small><em>Endless Battle Clause:</em> Forcing endless battles is banned</small></div><div class=""><small><em>OHKO Clause:</em> OHKO moves are banned</small></div><div class=""><small><em>Evasion Moves Clause:</em> Evasion moves are banned</small></div><div class=""><small><em>Species Clause:</em> Limit one of each Pokémon</small></div><div class=""><small><em>Dynamax Clause:</em> You cannot dynamax</small></div><div class=""><small><em>Sleep Clause Mod:</em> Limit one foe put to sleep</small></div><div class=""><small><em>Z-Move Clause:</em> Type-based Z-Moves are banned</small></div><div class="chat battle-history"><strong>H2OPulse's team:</strong> <em style="color:#445566;display:block;">Galvantula / Shiinotic-Kalos / Gourmant / Noivern-Variant / Milotic / Bronzong</em></div><div class="chat battle-history"><strong>inkbug1's team:</strong> <em style="color:#445566;display:block;">Carnelion / Polteageist-Cold-Brew / Constabull / Tentacruel / Endurow / Mezmir</em></div><div class="chat"><small>+god of joe joined</small></div><div class="chat chatmessage-godofjoe"><strong style="color:#a523c9"><small>+</small><span class="username" data-name="god of joe">god of joe</span>:</strong> <em>i am very intrigued abt how this will go</em></div><div class="chat chatmessage-inkbug1"><strong style="color:#e46e0f"><small>☆</small><span class="username" data-name="inkbug1">inkbug1</span>:</strong> <em>gl hf</em></div><div class="chat chatmessage-h2opulse mine"><strong style="color:#6e8c2b"><small>☆</small><span class="username" data-name="H2OPulse">H2OPulse</span>:</strong> <em>Okay hi again!</em></div><div class="chat chatmessage-h2opulse mine"><strong style="color:#6e8c2b"><small>☆</small><span class="username" data-name="H2OPulse">H2OPulse</span>:</strong> <em>Good luck and have fun : D</em></div><div class="chat chatmessage-h2opulse mine"><strong style="color:#6e8c2b"><small>☆</small><span class="username" data-name="H2OPulse">H2OPulse</span>:</strong> <em>Same and also afraid</em></div><div class="spacer battle-history"><br></div><div class="battle-history">Battle started between H2OPulse and inkbug1!<br></div><div class="spacer battle-history"><br></div><div class="battle-history">Go! Asparagus (<strong>Galvantula</strong>)!<br></div><div class="spacer battle-history"><br></div><div class="battle-history">inkbug1 sent out Risotto (<strong>Carnelion</strong>)!<br></div><div class="chat"><ul class="utilichart"><li class="result"><span class="col pokemonnamecol" style="white-space: nowrap">Carnelion</span> <span class="col typecol"><img src="https://dragonheaven.herokuapp.com/sprites/types/Normal.png" alt="Normal" height="14" width="32"><img src="https://dragonheaven.herokuapp.com/sprites/types/Rock.png" alt="Rock" height="14" width="32"></span> <span style="float: left ; min-height: 26px"><span class="col abilitycol">Limber / Technician / Unnerve</span><span class="col abilitycol"></span></span></li><li style="clear: both"></li></ul></div><div class="chat"><ul class="utilichart"><li class="result"><span style="float: left ; min-height: 26px"><span class="col statcol"><em>HP</em><br>85</span> <span class="col statcol"><em>Atk</em><br>105</span> <span class="col statcol"><em>Def</em><br>70</span> <span class="col statcol"><em>SpA</em><br>95</span> <span class="col statcol"><em>SpD</em><br>70</span> <span class="col statcol"><em>Spe</em><br>120</span> </span></li><li style="clear: both"></li></ul></div><div class="battle-history"><small>(Carnelion was created by abismal!)</small><br></div><div class="spacer battle-history"><br></div><h2 class="battle-history">Turn 1</h2><div class="chat chatmessage-inkbug1"><strong style="color:#e46e0f"><small>☆</small><span class="username" data-name="inkbug1">inkbug1</span>:</strong> <em>i made a whole bunch of my sets even worse i apologise in advance</em></div><div class="spacer battle-history"><br></div><div class="battle-history">Asparagus, come back!<br></div><div class="battle-history">Go! Flavonoid (<strong>Bronzong</strong>)!<br></div><div class="spacer battle-history"><br></div><div class="battle-history">The opposing Risotto used <strong>Fake Out</strong>!<br></div><div class="battle-history"><small>The Normal Gem strengthened the opposing Risotto's power!</small><br></div><div class="battle-history"><small>It's not very effective...</small><br></div><div class="battle-history"><small>(Flavonoid lost <abbr title="−54/338">16.0%</abbr> of its health!)</small><br></div><div class="spacer battle-history"><br></div><h2 class="battle-history">Turn 2</h2><div class="chat chatmessage-h2opulse mine"><strong style="color:#6e8c2b"><small>☆</small><span class="username" data-name="H2OPulse">H2OPulse</span>:</strong> <em>Sadkfjh hype</em></div><div class="spacer battle-history"><br></div><div class="battle-history">Flavonoid, come back!<br></div><div class="battle-history">Go! Mango (<strong>Noivern-Variant</strong>)!<br></div><div class="chat"><ul class="utilichart"><li class="result"><span class="col pokemonnamecol" style="white-space: nowrap">Noivern-Variant</span> <span class="col typecol"><img src="https://dragonheaven.herokuapp.com/sprites/types/Fighting.png" alt="Fighting" height="14" width="32"><img src="https://dragonheaven.herokuapp.com/sprites/types/Dragon.png" alt="Dragon" height="14" width="32"></span> <span style="float: left ; min-height: 26px"><span class="col abilitycol">Levitate</span><span class="col abilitycol"></span></span></li><li style="clear: both"></li></ul></div><div class="chat"><ul class="utilichart"><li class="result"><span style="float: left ; min-height: 26px"><span class="col statcol"><em>HP</em><br>95</span> <span class="col statcol"><em>Atk</em><br>70</span> <span class="col statcol"><em>Def</em><br>80</span> <span class="col statcol"><em>SpA</em><br>97</span> <span class="col statcol"><em>SpD</em><br>80</span> <span class="col statcol"><em>Spe</em><br>113</span> </span></li><li style="clear: both"></li></ul></div><div class="battle-history"><small>(Noivern-Variant was created by Hematite!)</small><br></div><div class="spacer battle-history"><br></div><div class="battle-history">The opposing Risotto used <strong>U-turn</strong>!<br></div><div class="battle-history"><small>It's not very effective...</small><br></div><div class="battle-history"><small>(Mango lost <abbr title="−40/332">12.0%</abbr> of its health!)</small><br></div><div class="spacer battle-history"><br></div><div class="battle-history">The opposing Risotto went back to inkbug1!<br></div><div class="battle-history">inkbug1 sent out Caesar (<strong>Endurow</strong>)!<br></div><div class="chat"><ul class="utilichart"><li class="result"><span class="col pokemonnamecol" style="white-space: nowrap">Endurow</span> <span class="col typecol"><img src="https://dragonheaven.herokuapp.com/sprites/types/Flying.png" alt="Flying" height="14" width="32"></span> <span style="float: left ; min-height: 26px"><span class="col abilitycol">Stamina / Sniper</span><span class="col abilitycol"></span></span></li><li style="clear: both"></li></ul></div><div class="chat"><ul class="utilichart"><li class="result"><span style="float: left ; min-height: 26px"><span class="col statcol"><em>HP</em><br>82</span> <span class="col statcol"><em>Atk</em><br>110</span> <span class="col statcol"><em>Def</em><br>65</span> <span class="col statcol"><em>SpA</em><br>61</span> <span class="col statcol"><em>SpD</em><br>61</span> <span class="col statcol"><em>Spe</em><br>118</span> </span></li><li style="clear: both"></li></ul></div><div class="battle-history"><small>(Endurow was created by Violet!)</small><br></div><div class="spacer battle-history"><br></div><h2 class="battle-history">Turn 3</h2><div class="spacer battle-history"><br></div><div class="battle-history">The opposing Caesar used <strong>Work Up</strong>!<br></div><div class="battle-history"><small>The opposing Caesar's Attack rose!</small><br></div><div class="battle-history"><small>The opposing Caesar's Sp. Atk rose!</small><br></div><div class="spacer battle-history"><br></div><div class="battle-history">Mango used <strong>Draco Meteor</strong>!<br></div><div class="battle-history"><small>(The opposing Caesar lost 100% of its health!)</small><br></div><div class="battle-history"><small>Mango's Sp. Atk fell harshly!</small><br></div><div class="spacer battle-history"><br></div><div class="battle-history">The opposing Caesar fainted!<br></div><div class="chat chatmessage-inkbug1"><strong style="color:#e46e0f"><small>☆</small><span class="username" data-name="inkbug1">inkbug1</span>:</strong> <em>oh</em></div><div class="chat chatmessage-inkbug1"><strong style="color:#e46e0f"><small>☆</small><span class="username" data-name="inkbug1">inkbug1</span>:</strong> <em>you piece of shit</em></div><div class="chat chatmessage-h2opulse mine"><strong style="color:#6e8c2b"><small>☆</small><span class="username" data-name="H2OPulse">H2OPulse</span>:</strong> <em>sorry</em></div><div class="chat chatmessage-h2opulse mine"><strong style="color:#6e8c2b"><small>☆</small><span class="username" data-name="H2OPulse">H2OPulse</span>:</strong> <em>um it gets worse actually</em></div><div class="chat chatmessage-inkbug1"><strong style="color:#e46e0f"><small>☆</small><span class="username" data-name="inkbug1">inkbug1</span>:</strong> <em>well now youll never know the heat :sparkle: </em></div><div class="chat chatmessage-h2opulse mine"><strong style="color:#6e8c2b"><small>☆</small><span class="username" data-name="H2OPulse">H2OPulse</span>:</strong> <em>Aww fair</em></div><div class="spacer battle-history"><br></div><div class="battle-history">inkbug1 sent out Has Bean (<strong>Polteageist-Cold-Brew</strong>)!<br></div><div class="chat"><ul class="utilichart"><li class="result"><span class="col pokemonnamecol" style="white-space: nowrap">Polteageist-Cold-Brew</span> <span class="col typecol"><img src="https://dragonheaven.herokuapp.com/sprites/types/Dark.png" alt="Dark" height="14" width="32"><img src="https://dragonheaven.herokuapp.com/sprites/types/Ice.png" alt="Ice" height="14" width="32"></span> <span style="float: left ; min-height: 26px"><span class="col abilitycol">Bulletproof / Insomnia</span><span class="col abilitycol"></span></span></li><li style="clear: both"></li></ul></div><div class="chat"><ul class="utilichart"><li class="result"><span style="float: left ; min-height: 26px"><span class="col statcol"><em>HP</em><br>80</span> <span class="col statcol"><em>Atk</em><br>65</span> <span class="col statcol"><em>Def</em><br>45</span> <span class="col statcol"><em>SpA</em><br>114</span> <span class="col statcol"><em>SpD</em><br>134</span> <span class="col statcol"><em>Spe</em><br>70</span> </span></li><li style="clear: both"></li></ul></div><div class="battle-history"><small>(Polteageist-Cold-Brew was created by Hematite!)</small><br></div><div class="spacer battle-history"><br></div><h2 class="battle-history">Turn 4</h2><div class="spacer battle-history"><br></div><div class="battle-history">Mango, come back!<br></div><div class="battle-history">Go! Flavonoid (<strong>Bronzong</strong>)!<br></div><div class="spacer battle-history"><br></div><div class="battle-history">The opposing Has Bean used <strong>Ice Beam</strong>!<br></div><div class="battle-history"><small>It's not very effective...</small><br></div><div class="battle-history"><small>(Flavonoid lost <abbr title="−68/338">20.1%</abbr> of its health!)</small><br></div><div class="spacer battle-history"><br></div><h2 class="battle-history">Turn 5</h2><div class="spacer battle-history"><br></div><div class="battle-history">inkbug1 withdrew Has Bean!<br></div><div class="battle-history">inkbug1 sent out Jelly (<strong>Tentacruel</strong>)!<br></div><div class="spacer battle-history"><br></div><div class="battle-history">Flavonoid used <strong>Reflect</strong>!<br></div><div class="battle-history"><small>Reflect made your team stronger against physical moves!</small><br></div><div class="spacer battle-history"><br></div><h2 class="battle-history">Turn 6</h2><div class="chat chatmessage-godofjoe"><strong style="color:#a523c9"><small>+</small><span class="username" data-name="god of joe">god of joe</span>:</strong> <em>seeing cold brew polteageist is reminding me of how absolutely terrifying dark/ice is as an offensive typing</em></div><div class="chat chatmessage-godofjoe"><strong style="color:#a523c9"><small>+</small><span class="username" data-name="god of joe">god of joe</span>:</strong> <em>:fear:</em></div><div class="chat chatmessage-h2opulse mine"><strong style="color:#6e8c2b"><small>☆</small><span class="username" data-name="H2OPulse">H2OPulse</span>:</strong> <em>Skfjhg f air</em></div><div class="chat chatmessage-h2opulse mine"><strong style="color:#6e8c2b"><small>☆</small><span class="username" data-name="H2OPulse">H2OPulse</span>:</strong> <em>It has seemed pretty underwhelming so far admittedly :'D</em></div><div class="chat chatmessage-inkbug1"><strong style="color:#e46e0f"><small>☆</small><span class="username" data-name="inkbug1">inkbug1</span>:</strong> <em>well </em></div><div class="spacer battle-history"><br></div><div class="battle-history">Flavonoid, come back!<br></div><div class="battle-history">Go! Mango (<strong>Noivern-Variant</strong>)!<br></div><div class="spacer battle-history"><br></div><div class="battle-history">The opposing Jelly used <strong>Toxic Spikes</strong>!<br></div><div class="battle-history"><small>Poison spikes were scattered on the ground all around your team!</small><br></div><div class="spacer battle-history"><br></div><h2 class="battle-history">Turn 7</h2><div class="chat chatmessage-inkbug1"><strong style="color:#e46e0f"><small>☆</small><span class="username" data-name="inkbug1">inkbug1</span>:</strong> <em>i havent exactly been running it</em></div><div class="chat chatmessage-inkbug1"><strong style="color:#e46e0f"><small>☆</small><span class="username" data-name="inkbug1">inkbug1</span>:</strong> <em>oh no</em></div><div class="chat chatmessage-inkbug1"><strong style="color:#e46e0f"><small>☆</small><span class="username" data-name="inkbug1">inkbug1</span>:</strong> <em>hm</em></div><div class="spacer battle-history"><br></div><div class="battle-history">inkbug1 withdrew Jelly!<br></div><div class="battle-history">inkbug1 sent out Has Bean (<strong>Polteageist-Cold-Brew</strong>)!<br></div><div class="spacer battle-history"><br></div><div class="battle-history">Mango used <strong>Draco Meteor</strong>!<br></div><div class="battle-history"><small>(The opposing Has Bean lost 61% of its health!)</small><br></div><div class="battle-history"><small>Mango's Sp. Atk fell harshly!</small><br></div><div class="spacer battle-history"><br></div><h2 class="battle-history">Turn 8</h2><div class="chat chatmessage-h2opulse mine"><strong style="color:#6e8c2b"><small>☆</small><span class="username" data-name="H2OPulse">H2OPulse</span>:</strong> <em>Oh it could've been really funny if I were braver there</em></div><div class="spacer battle-history"><br></div><div class="battle-history">Mango, come back!<br></div><div class="battle-history">Go! Foxfire (<strong>Shiinotic-Kalos</strong>)!<br></div><div class="battle-history"><small>The poison spikes disappeared from the ground around your team!</small><br></div><div class="chat"><ul class="utilichart"><li class="result"><span class="col pokemonnamecol" style="white-space: nowrap">Shiinotic-Kalos</span> <span class="col typecol"><img src="https://dragonheaven.herokuapp.com/sprites/types/Poison.png" alt="Poison" height="14" width="32"><img src="https://dragonheaven.herokuapp.com/sprites/types/Fairy.png" alt="Fairy" height="14" width="32"></span> <span style="float: left ; min-height: 26px"><span class="col abilitycol">Illuminate / Effect Spore / Technician</span><span class="col abilitycol"></span></span></li><li style="clear: both"></li></ul></div><div class="chat"><ul class="utilichart"><li class="result"><span style="float: left ; min-height: 26px"><span class="col statcol"><em>HP</em><br>60</span> <span class="col statcol"><em>Atk</em><br>45</span> <span class="col statcol"><em>Def</em><br>60</span> <span class="col statcol"><em>SpA</em><br>90</span> <span class="col statcol"><em>SpD</em><br>80</span> <span class="col statcol"><em>Spe</em><br>70</span> </span></li><li style="clear: both"></li></ul></div><div class="battle-history"><small>(Shiinotic-Kalos was created by Hematite!)</small><br></div><div class="spacer battle-history"><br></div><div class="battle-history">The opposing Has Bean used <strong>Strength Sap</strong>!<br></div><div class="battle-history"><small>Foxfire's Attack fell!</small><br></div><div class="battle-history"><small>The opposing Has Bean had its HP restored.</small><br></div><div class="spacer battle-history"><br></div><h2 class="battle-history">Turn 9</h2><div class="spacer battle-history"><br></div><div class="battle-history">inkbug1 withdrew Has Bean!<br></div><div class="battle-history">inkbug1 sent out Jelly (<strong>Tentacruel</strong>)!<br></div><div class="spacer battle-history"><br></div><div class="battle-history">Foxfire used <strong>Spore</strong>!<br></div><div class="battle-history"><small>The opposing Jelly fell asleep!</small><br></div><div class="spacer battle-history"><br></div><h2 class="battle-history">Turn 10</h2><div class="spacer battle-history"><br></div><div class="battle-history">Foxfire used <strong>Acid Spray</strong>!<br></div><div class="battle-history"><small>It's not very effective...</small><br></div><div class="battle-history"><small>(The opposing Jelly lost 9% of its health!)</small><br></div><div class="battle-history"><small>The opposing Jelly's Sp. Def fell harshly!</small><br></div><div class="spacer battle-history"><br></div><div class="battle-history">The opposing Jelly is fast asleep.<br></div><div class="spacer battle-history"><br></div><div class="battle-history"><small>The opposing Jelly restored a little HP using its Black Sludge!</small><br></div><div class="spacer battle-history"><br></div><h2 class="battle-history">Turn 11</h2><div class="chat chatmessage-inkbug1"><strong style="color:#e46e0f"><small>☆</small><span class="username" data-name="inkbug1">inkbug1</span>:</strong> <em>eyyy it slept for more than zero turns </em></div><div class="spacer battle-history"><br></div><div class="battle-history">Foxfire, come back!<br></div><div class="battle-history">Go! Mango (<strong>Noivern-Variant</strong>)!<br></div><div class="battle-history"><small>The opposing Jelly woke up!</small><br></div><div class="spacer battle-history"><br></div><div class="battle-history">The opposing Jelly used <strong>Sludge Bomb</strong>!<br></div><div class="battle-history"><small>(Mango lost <abbr title="−147/332">44.3%</abbr> of its health!)</small><br></div><div class="spacer battle-history"><br></div><div class="battle-history"><small>The opposing Jelly restored a little HP using its Black Sludge!</small><br></div><div class="spacer battle-history"><br></div><h2 class="battle-history">Turn 12</h2><div class="chat chatmessage-inkbug1"><strong style="color:#e46e0f"><small>☆</small><span class="username" data-name="inkbug1">inkbug1</span>:</strong> <em>god dammit jelluy</em></div><div class="chat chatmessage-inkbug1"><strong style="color:#e46e0f"><small>☆</small><span class="username" data-name="inkbug1">inkbug1</span>:</strong> <em>what did i just say</em></div><div class="chat chatmessage-h2opulse mine"><strong style="color:#6e8c2b"><small>☆</small><span class="username" data-name="H2OPulse">H2OPulse</span>:</strong> <em>Kjdhfs</em></div><div class="chat chatmessage-h2opulse mine"><strong style="color:#6e8c2b"><small>☆</small><span class="username" data-name="H2OPulse">H2OPulse</span>:</strong> <em>That was still minimum sleep turns :'D</em></div><div class="chat chatmessage-godofjoe"><strong style="color:#a523c9"><small>+</small><span class="username" data-name="god of joe">god of joe</span>:</strong> <em>go forth mango</em></div><div class="chat chatmessage-inkbug1"><strong style="color:#e46e0f"><small>☆</small><span class="username" data-name="inkbug1">inkbug1</span>:</strong> <em>mmm</em></div><div class="chat chatmessage-h2opulse mine"><strong style="color:#6e8c2b"><small>☆</small><span class="username" data-name="H2OPulse">H2OPulse</span>:</strong> <em>Hmm</em></div><div class="spacer battle-history"><br></div><div class="battle-history">Mango, come back!<br></div><div class="battle-history">Go! Asparagus (<strong>Galvantula</strong>)!<br></div><div class="spacer battle-history"><br></div><div class="battle-history">inkbug1 withdrew Jelly!<br></div><div class="battle-history">inkbug1 sent out PB (<strong>Constabull</strong>)!<br></div><div class="chat"><ul class="utilichart"><li class="result"><span class="col pokemonnamecol" style="white-space: nowrap">Constabull</span> <span class="col typecol"><img src="https://dragonheaven.herokuapp.com/sprites/types/Fairy.png" alt="Fairy" height="14" width="32"></span> <span style="float: left ; min-height: 26px"><span class="col abilitycol">Intimidate / Early Bird / Iron Barbs</span><span class="col abilitycol"></span></span></li><li style="clear: both"></li></ul></div><div class="chat"><ul class="utilichart"><li class="result"><span style="float: left ; min-height: 26px"><span class="col statcol"><em>HP</em><br>93</span> <span class="col statcol"><em>Atk</em><br>130</span> <span class="col statcol"><em>Def</em><br>110</span> <span class="col statcol"><em>SpA</em><br>80</span> <span class="col statcol"><em>SpD</em><br>80</span> <span class="col statcol"><em>Spe</em><br>32</span> </span></li><li style="clear: both"></li></ul></div><div class="battle-history"><small>(Constabull was created by inkbug!)</small><br></div><div class="battle-history">[The opposing PB's Intimidate]<br></div><div class="battle-history"><small>Asparagus's Attack fell!</small><br></div><div class="spacer battle-history"><br></div><div class="battle-history"><small>Your team's Reflect wore off!</small><br></div><div class="spacer battle-history"><br></div><h2 class="battle-history">Turn 13</h2><div class="chat chatmessage-inkbug1"><strong style="color:#e46e0f"><small>☆</small><span class="username" data-name="inkbug1">inkbug1</span>:</strong> <em>ths is acceptable</em></div><div class="spacer battle-history"><br></div><div class="battle-history">Asparagus used <strong>Sticky Web</strong>!<br></div><div class="battle-history"><small>A sticky web has been laid out on the ground around the opposing team!</small><br></div><div class="spacer battle-history"><br></div><div class="battle-history">The opposing PB used <strong>Bulk Up</strong>!<br></div><div class="battle-history"><small>The opposing PB's Attack rose!</small><br></div><div class="battle-history"><small>The opposing PB's Defense rose!</small><br></div><div class="spacer battle-history"><br></div><h2 class="battle-history">Turn 14</h2><div class="spacer battle-history"><br></div><div class="battle-history">Asparagus used <strong>Thunder</strong>!<br></div><div class="battle-history"><small>(The opposing PB lost 35% of its health!)</small><br></div><div class="battle-history"><small>The opposing PB is paralyzed! It may be unable to move!</small><br></div><div class="spacer battle-history"><br></div><div class="battle-history">The opposing PB used <strong>Play Rough</strong>!<br></div><div class="battle-history"><small>(Asparagus lost <abbr title="−279/281">99.3%</abbr> of its health!)</small><br></div><div class="spacer battle-history"><br></div><h2 class="battle-history">Turn 15</h2><div class="chat chatmessage-h2opulse mine"><strong style="color:#6e8c2b"><small>☆</small><span class="username" data-name="H2OPulse">H2OPulse</span>:</strong> <em>Oh that</em></div><div class="chat chatmessage-h2opulse mine"><strong style="color:#6e8c2b"><small>☆</small><span class="username" data-name="H2OPulse">H2OPulse</span>:</strong> <em>huh</em></div><div class="chat chatmessage-h2opulse mine"><strong style="color:#6e8c2b"><small>☆</small><span class="username" data-name="H2OPulse">H2OPulse</span>:</strong> <em>okay</em></div><div class="chat chatmessage-inkbug1"><strong style="color:#e46e0f"><small>☆</small><span class="username" data-name="inkbug1">inkbug1</span>:</strong> <em>changed my evs</em></div><div class="chat chatmessage-h2opulse mine"><strong style="color:#6e8c2b"><small>☆</small><span class="username" data-name="H2OPulse">H2OPulse</span>:</strong> <em>I see,</em></div><div class="chat chatmessage-inkbug1"><strong style="color:#e46e0f"><small>☆</small><span class="username" data-name="inkbug1">inkbug1</span>:</strong> <em>since last time it go t hit by that</em></div><div class="chat chatmessage-godofjoe"><strong style="color:#a523c9"><small>+</small><span class="username" data-name="god of joe">god of joe</span>:</strong> <em>what is with galvantula and having a tendency to live at 1% even without a focus sash</em></div><div class="chat chatmessage-inkbug1"><strong style="color:#e46e0f"><small>☆</small><span class="username" data-name="inkbug1">inkbug1</span>:</strong> <em>not for that reason but</em></div><div class="chat chatmessage-h2opulse mine"><strong style="color:#6e8c2b"><small>☆</small><span class="username" data-name="H2OPulse">H2OPulse</span>:</strong> <em>Kjdhsj yEAH</em></div><div class="chat chatmessage-inkbug1"><strong style="color:#e46e0f"><small>☆</small><span class="username" data-name="inkbug1">inkbug1</span>:</strong> <em>I DUNNO </em></div><div class="chat chatmessage-inkbug1"><strong style="color:#e46e0f"><small>☆</small><span class="username" data-name="inkbug1">inkbug1</span>:</strong> <em>ITS SO FUNNY</em></div><div class="chat chatmessage-h2opulse mine"><strong style="color:#6e8c2b"><small>☆</small><span class="username" data-name="H2OPulse">H2OPulse</span>:</strong> <em>I have</em></div><div class="chat chatmessage-h2opulse mine"><strong style="color:#6e8c2b"><small>☆</small><span class="username" data-name="H2OPulse">H2OPulse</span>:</strong> <em>2 HP</em></div><div class="chat chatmessage-inkbug1"><strong style="color:#e46e0f"><small>☆</small><span class="username" data-name="inkbug1">inkbug1</span>:</strong> <em>i mean </em></div><div class="chat chatmessage-godofjoe"><strong style="color:#a523c9"><small>+</small><span class="username" data-name="god of joe">god of joe</span>:</strong> <em>like i swear it's not just this instance this has happened to me like</em></div><div class="chat chatmessage-inkbug1"><strong style="color:#e46e0f"><small>☆</small><span class="username" data-name="inkbug1">inkbug1</span>:</strong> <em>also realistic</em></div><div class="chat chatmessage-godofjoe"><strong style="color:#a523c9"><small>+</small><span class="username" data-name="god of joe">god of joe</span>:</strong> <em>2-3 times before</em></div><div class="chat chatmessage-inkbug1"><strong style="color:#e46e0f"><small>☆</small><span class="username" data-name="inkbug1">inkbug1</span>:</strong> <em>its like when ur trying to get a spider and you thought you got it but actually you didnt and you hav no idea how</em></div><div class="chat chatmessage-inkbug1"><strong style="color:#e46e0f"><small>☆</small><span class="username" data-name="inkbug1">inkbug1</span>:</strong> <em>faithful to real life</em></div><div class="chat chatmessage-godofjoe"><strong style="color:#a523c9"><small>+</small><span class="username" data-name="god of joe">god of joe</span>:</strong> <em>LMFAO</em></div><div class="chat chatmessage-h2opulse mine"><strong style="color:#6e8c2b"><small>☆</small><span class="username" data-name="H2OPulse">H2OPulse</span>:</strong> <em><i>Kjdshsdhf</i></em></div><div class="spacer battle-history"><br></div><div class="battle-history">Asparagus, come back!<br></div><div class="battle-history">Go! Flavonoid (<strong>Bronzong</strong>)!<br></div><div class="spacer battle-history"><br></div><div class="battle-history">The opposing PB used <strong>Play Rough</strong>!<br></div><div class="battle-history"><small>It's not very effective...</small><br></div><div class="battle-history"><small>(Flavonoid lost <abbr title="−86/338">25.4%</abbr> of its health!)</small><br></div><div class="spacer battle-history"><br></div><h2 class="battle-history">Turn 16</h2><div class="chat chatmessage-h2opulse mine"><strong style="color:#6e8c2b"><small>☆</small><span class="username" data-name="H2OPulse">H2OPulse</span>:</strong> <em>Um, ow,</em></div><div class="spacer battle-history"><br></div><div class="battle-history">Flavonoid used <strong>Reflect</strong>!<br></div><div class="battle-history"><small>Reflect made your team stronger against physical moves!</small><br></div><div class="spacer battle-history"><br></div><div class="battle-history">The opposing PB used <strong>Bulk Up</strong>!<br></div><div class="battle-history"><small>The opposing PB's Attack rose!</small><br></div><div class="battle-history"><small>The opposing PB's Defense rose!</small><br></div><div class="spacer battle-history"><br></div><h2 class="battle-history">Turn 17</h2><div class="spacer battle-history"><br></div><div class="battle-history">Flavonoid used <strong>Explosion</strong>!<br></div><div class="battle-history"><small>(The opposing PB lost 29% of its health!)</small><br></div><div class="spacer battle-history"><br></div><div class="battle-history">Flavonoid fainted!<br></div><div class="battle-history">The opposing PB is paralyzed! It can't move!<br></div><div class="chat chatmessage-inkbug1"><strong style="color:#e46e0f"><small>☆</small><span class="username" data-name="inkbug1">inkbug1</span>:</strong> <em>oop</em></div><div class="chat chatmessage-inkbug1"><strong style="color:#e46e0f"><small>☆</small><span class="username" data-name="inkbug1">inkbug1</span>:</strong> <em>fair</em></div><div class="spacer battle-history"><br></div><div class="battle-history">Go! Asparagus (<strong>Galvantula</strong>)!<br></div><div class="spacer battle-history"><br></div><h2 class="battle-history">Turn 18</h2><div class="spacer battle-history"><br></div><div class="battle-history">Asparagus used <strong>Thunder</strong>!<br></div><div class="battle-history"><small>The opposing PB avoided the attack!</small><br></div><div class="spacer battle-history"><br></div><div class="battle-history">The opposing PB used <strong>Rest</strong>!<br></div><div class="battle-history"><small>The opposing PB slept and became healthy!</small><br></div><div class="spacer battle-history"><br></div><h2 class="battle-history">Turn 19</h2><div class="chat chatmessage-h2opulse mine"><strong style="color:#6e8c2b"><small>☆</small><span class="username" data-name="H2OPulse">H2OPulse</span>:</strong> <em>OH NO</em></div><div class="spacer battle-history"><br></div><div class="battle-history">Asparagus used <strong>Volt Switch</strong>!<br></div><div class="battle-history"><small>(The opposing PB lost 20% of its health!)</small><br></div><div class="chat chatmessage-h2opulse mine"><strong style="color:#6e8c2b"><small>☆</small><span class="username" data-name="H2OPulse">H2OPulse</span>:</strong> <em>FEAR</em></div><div class="chat chatmessage-inkbug1"><strong style="color:#e46e0f"><small>☆</small><span class="username" data-name="inkbug1">inkbug1</span>:</strong> <em>dashgfsdgjfdsjh</em></div><div class="spacer battle-history"><br></div><div class="battle-history">Asparagus went back to H2OPulse!<br></div><div class="battle-history">Go! Foxfire (<strong>Shiinotic-Kalos</strong>)!<br></div><div class="spacer battle-history"><br></div><div class="battle-history">The opposing PB is fast asleep.<br></div><div class="spacer battle-history"><br></div><h2 class="battle-history">Turn 20</h2><div class="spacer battle-history"><br></div><div class="battle-history">Foxfire used <strong>Acid Spray</strong>!<br></div><div class="battle-history"><small>It's super effective!</small><br></div><div class="battle-history"><small>(The opposing PB lost 35% of its health!)</small><br></div><div class="battle-history"><small>The opposing PB's Sp. Def fell harshly!</small><br></div><div class="spacer battle-history"><br></div><div class="battle-history">The opposing PB is fast asleep.<br></div><div class="spacer battle-history"><br></div><h2 class="battle-history">Turn 21</h2><div class="chat chatmessage-h2opulse mine"><strong style="color:#6e8c2b"><small>☆</small><span class="username" data-name="H2OPulse">H2OPulse</span>:</strong> <em>exhales</em></div><div class="chat chatmessage-h2opulse mine"><strong style="color:#6e8c2b"><small>☆</small><span class="username" data-name="H2OPulse">H2OPulse</span>:</strong> <em>okay</em></div><div class="spacer battle-history"><br></div><div class="battle-history">inkbug1 withdrew PB!<br></div><div class="battle-history">inkbug1 sent out Risotto (<strong>Carnelion</strong>)!<br></div><div class="battle-history"><small>The opposing Risotto was caught in a sticky web!</small><br></div><div class="battle-history"><small>The opposing Risotto's Speed fell!</small><br></div><div class="spacer battle-history"><br></div><div class="battle-history">Foxfire used <strong>Acid Spray</strong>!<br></div><div class="battle-history"><small>It's not very effective...</small><br></div><div class="battle-history"><small>(The opposing Risotto lost 16% of its health!)</small><br></div><div class="battle-history"><small>The opposing Risotto's Sp. Def fell harshly!</small><br></div><div class="spacer battle-history"><br></div><h2 class="battle-history">Turn 22</h2><div class="spacer battle-history"><br></div><div class="battle-history">The opposing Risotto used <strong>Fake Out</strong>!<br></div><div class="battle-history"><small>(Foxfire lost <abbr title="−64/274">23.4%</abbr> of its health!)</small><br></div><div class="spacer battle-history"><br></div><div class="battle-history">Foxfire flinched and couldn't move!<br></div><div class="spacer battle-history"><br></div><div class="battle-history"><small>Foxfire restored a little HP using its Black Sludge!</small><br></div><div class="spacer battle-history"><br></div><h2 class="battle-history">Turn 23</h2><div class="spacer battle-history"><br></div><div class="battle-history">inkbug1 withdrew Risotto!<br></div><div class="battle-history">inkbug1 sent out Hocus (<strong>Mezmir</strong>)!<br></div><div class="battle-history"><small>The opposing Hocus was caught in a sticky web!</small><br></div><div class="battle-history"><small>The opposing Hocus's Speed fell!</small><br></div><div class="chat"><ul class="utilichart"><li class="result"><span class="col pokemonnamecol" style="white-space: nowrap">Mezmir</span> <span class="col typecol"><img src="https://dragonheaven.herokuapp.com/sprites/types/Psychic.png" alt="Psychic" height="14" width="32"><img src="https://dragonheaven.herokuapp.com/sprites/types/Fighting.png" alt="Fighting" height="14" width="32"></span> <span style="float: left ; min-height: 26px"><span class="col abilitycol">Comatose / Forewarn / Inner Focus</span><span class="col abilitycol"></span></span></li><li style="clear: both"></li></ul></div><div class="chat"><ul class="utilichart"><li class="result"><span style="float: left ; min-height: 26px"><span class="col statcol"><em>HP</em><br>90</span> <span class="col statcol"><em>Atk</em><br>103</span> <span class="col statcol"><em>Def</em><br>70</span> <span class="col statcol"><em>SpA</em><br>73</span> <span class="col statcol"><em>SpD</em><br>115</span> <span class="col statcol"><em>Spe</em><br>77</span> </span></li><li style="clear: both"></li></ul></div><div class="battle-history"><small>(Mezmir was created by quagsi!)</small><br></div><div class="battle-history">[The opposing Hocus's Comatose]<br><small>The opposing Hocus is drowsing!</small><br></div><div class="spacer battle-history"><br></div><div class="battle-history">Foxfire used <strong>Draining Kiss</strong>!<br></div><div class="battle-history"><small>It's super effective!</small><br></div><div class="battle-history"><small>(The opposing Hocus lost 52% of its health!)</small><br></div><div class="battle-history"><small>The opposing Hocus had its energy drained!</small><br></div><div class="battle-history"><small>(The opposing Hocus ate its Sitrus Berry!)</small><br></div><div class="battle-history"><small>The opposing Hocus restored HP using its Sitrus Berry!</small><br></div><div class="spacer battle-history"><br></div><div class="battle-history"><small>Your team's Reflect wore off!</small><br></div><div class="spacer battle-history"><br></div><h2 class="battle-history">Turn 24</h2><div class="chat chatmessage-inkbug1"><strong style="color:#e46e0f"><small>☆</small><span class="username" data-name="inkbug1">inkbug1</span>:</strong> <em>okay </em></div><div class="chat chatmessage-inkbug1"><strong style="color:#e46e0f"><small>☆</small><span class="username" data-name="inkbug1">inkbug1</span>:</strong> <em>um </em></div><div class="chat chatmessage-inkbug1"><strong style="color:#e46e0f"><small>☆</small><span class="username" data-name="inkbug1">inkbug1</span>:</strong> <em>uh. </em></div><div class="chat chatmessage-inkbug1"><strong style="color:#e46e0f"><small>☆</small><span class="username" data-name="inkbug1">inkbug1</span>:</strong> <em>hmmmm.</em></div><div class="spacer battle-history"><br></div><div class="battle-history">inkbug1 withdrew Hocus!<br></div><div class="battle-history">inkbug1 sent out Jelly (<strong>Tentacruel</strong>)!<br></div><div class="battle-history"><small>The opposing Jelly was caught in a sticky web!</small><br></div><div class="battle-history"><small>The opposing Jelly's Speed fell!</small><br></div><div class="spacer battle-history"><br></div><div class="battle-history">Foxfire used <strong>Acid Spray</strong>!<br></div><div class="battle-history"><small>It's not very effective...</small><br></div><div class="battle-history"><small>(The opposing Jelly lost 9% of its health!)</small><br></div><div class="battle-history"><small>The opposing Jelly's Sp. Def fell harshly!</small><br></div><div class="spacer battle-history"><br></div><div class="battle-history"><small>The opposing Jelly restored a little HP using its Black Sludge!</small><br></div><div class="spacer battle-history"><br></div><h2 class="battle-history">Turn 25</h2><div class="spacer battle-history"><br></div><div class="battle-history">Foxfire, come back!<br></div><div class="battle-history">Go! Asparagus (<strong>Galvantula</strong>)!<br></div><div class="spacer battle-history"><br></div><div class="battle-history">The opposing Jelly used <strong>Sludge Bomb</strong>!<br></div><div class="battle-history"><small>(Asparagus lost <abbr title="−2/281">0.7%</abbr> of its health!)</small><br></div><div class="spacer battle-history"><br></div><div class="battle-history">Asparagus fainted!<br></div><div class="spacer battle-history"><br></div><div class="battle-history"><small>The opposing Jelly restored a little HP using its Black Sludge!</small><br></div><div class="spacer battle-history"><br></div><div class="battle-history">Go! Mango (<strong>Noivern-Variant</strong>)!<br></div><div class="spacer battle-history"><br></div><h2 class="battle-history">Turn 26</h2><div class="spacer battle-history"><br></div><div class="battle-history">inkbug1 withdrew Jelly!<br></div><div class="battle-history">inkbug1 sent out PB (<strong>Constabull</strong>)!<br></div><div class="battle-history"><small>The opposing PB was caught in a sticky web!</small><br></div><div class="battle-history"><small>The opposing PB's Speed fell!</small><br></div><div class="battle-history">[The opposing PB's Intimidate]<br></div><div class="battle-history"><small>Mango's Attack fell!</small><br></div><div class="spacer battle-history"><br></div><div class="battle-history">Mango used <strong>U-turn</strong>!<br></div><div class="battle-history"><small>It's not very effective...</small><br></div><div class="battle-history"><small>(The opposing PB lost 4% of its health!)</small><br></div><div class="battle-history"><small>Mango was hurt by the Rocky Helmet!</small><br></div><div class="spacer battle-history"><br></div><div class="battle-history">Mango went back to H2OPulse!<br></div><div class="battle-history">Go! Foxfire (<strong>Shiinotic-Kalos</strong>)!<br></div><div class="spacer battle-history"><br></div><h2 class="battle-history">Turn 27</h2><div class="spacer battle-history"><br></div><div class="battle-history">Foxfire used <strong>Acid Spray</strong>!<br></div><div class="battle-history"><small>It's super effective!</small><br></div><div class="battle-history"><small>(The opposing PB lost 33% of its health!)</small><br></div><div class="battle-history"><small>The opposing PB's Sp. Def fell harshly!</small><br></div><div class="battle-history"><small>The opposing PB woke up!</small><br></div><div class="spacer battle-history"><br></div><div class="battle-history">The opposing PB used <strong>Earthquake</strong>!<br></div><div class="battle-history"><small>It's super effective!</small><br></div><div class="battle-history"><small>A critical hit!</small><br></div><div class="battle-history"><small>(Foxfire lost <abbr title="−274/274">100%</abbr> of its health!)</small><br></div><div class="spacer battle-history"><br></div><div class="battle-history">Foxfire fainted!<br></div><div class="chat chatmessage-inkbug1"><strong style="color:#e46e0f"><small>☆</small><span class="username" data-name="inkbug1">inkbug1</span>:</strong> <em>p hew</em></div><div class="chat chatmessage-h2opulse mine"><strong style="color:#6e8c2b"><small>☆</small><span class="username" data-name="H2OPulse">H2OPulse</span>:</strong> <em>Oops I mistimed that</em></div><div class="chat chatmessage-h2opulse mine"><strong style="color:#6e8c2b"><small>☆</small><span class="username" data-name="H2OPulse">H2OPulse</span>:</strong> <em>I forgot you could KO this time</em></div><div class="chat chatmessage-h2opulse mine"><strong style="color:#6e8c2b"><small>☆</small><span class="username" data-name="H2OPulse">H2OPulse</span>:</strong> <em>That crit did not matter because Reflect was down</em></div><div class="spacer battle-history"><br></div><div class="battle-history">Go! Senecio (<strong>Milotic</strong>)!<br></div><div class="spacer battle-history"><br></div><h2 class="battle-history">Turn 28</h2><div class="chat chatmessage-inkbug1"><strong style="color:#e46e0f"><small>☆</small><span class="username" data-name="inkbug1">inkbug1</span>:</strong> <em>yea tht should ohko without that </em></div><div class="spacer battle-history"><br></div><div class="battle-history">inkbug1 withdrew PB!<br></div><div class="battle-history">inkbug1 sent out Has Bean (<strong>Polteageist-Cold-Brew</strong>)!<br></div><div class="battle-history"><small>The opposing Has Bean was caught in a sticky web!</small><br></div><div class="battle-history"><small>The opposing Has Bean's Speed fell!</small><br></div><div class="spacer battle-history"><br></div><div class="battle-history">Senecio used <strong>Scald</strong>!<br></div><div class="battle-history"><small>(The opposing Has Bean lost 19% of its health!)</small><br></div><div class="spacer battle-history"><br></div><h2 class="battle-history">Turn 29</h2><div class="chat chatmessage-h2opulse mine"><strong style="color:#6e8c2b"><small>☆</small><span class="username" data-name="H2OPulse">H2OPulse</span>:</strong> <em>Hm,</em></div><div class="spacer battle-history"><br></div><div class="battle-history">Senecio, come back!<br></div><div class="battle-history">Go! Yeast (<strong>Gourmant</strong>)!<br></div><div class="chat"><ul class="utilichart"><li class="result"><span class="col pokemonnamecol" style="white-space: nowrap">Gourmant</span> <span class="col typecol"><img src="https://dragonheaven.herokuapp.com/sprites/types/Fire.png" alt="Fire" height="14" width="32"><img src="https://dragonheaven.herokuapp.com/sprites/types/Dark.png" alt="Dark" height="14" width="32"></span> <span style="float: left ; min-height: 26px"><span class="col abilitycol">Gluttony / Flash Fire / White Smoke</span><span class="col abilitycol"></span></span></li><li style="clear: both"></li></ul></div><div class="chat"><ul class="utilichart"><li class="result"><span style="float: left ; min-height: 26px"><span class="col statcol"><em>HP</em><br>85</span> <span class="col statcol"><em>Atk</em><br>137</span> <span class="col statcol"><em>Def</em><br>66</span> <span class="col statcol"><em>SpA</em><br>105</span> <span class="col statcol"><em>SpD</em><br>66</span> <span class="col statcol"><em>Spe</em><br>75</span> </span></li><li style="clear: both"></li></ul></div><div class="battle-history"><small>(Gourmant was created by quagsi!)</small><br></div><div class="spacer battle-history"><br></div><div class="battle-history">The opposing Has Bean used <strong>Strength Sap</strong>!<br></div><div class="battle-history">[Yeast's White Smoke]<br><small>Yeast's stats were not lowered!</small><br></div><div class="battle-history"><small>The opposing Has Bean had its HP restored.</small><br></div><div class="spacer battle-history"><br></div><h2 class="battle-history">Turn 30</h2><div class="chat chatmessage-inkbug1"><strong style="color:#e46e0f"><small>☆</small><span class="username" data-name="inkbug1">inkbug1</span>:</strong> <em>WHY DOES THT STILL HEAL </em></div><div class="chat chatmessage-inkbug1"><strong style="color:#e46e0f"><small>☆</small><span class="username" data-name="inkbug1">inkbug1</span>:</strong> <em>I FEEL LIKE I T SHOULDNT</em></div><div class="chat chatmessage-h2opulse mine"><strong style="color:#6e8c2b"><small>☆</small><span class="username" data-name="H2OPulse">H2OPulse</span>:</strong> <em>WAIT</em></div><div class="chat chatmessage-h2opulse mine"><strong style="color:#6e8c2b"><small>☆</small><span class="username" data-name="H2OPulse">H2OPulse</span>:</strong> <em>YOU WERE GONNA</em></div><div class="chat chatmessage-h2opulse mine"><strong style="color:#6e8c2b"><small>☆</small><span class="username" data-name="H2OPulse">H2OPulse</span>:</strong> <em>shoot okay I didn't even need to switch--</em></div><div class="spacer battle-history"><br></div><div class="battle-history">Yeast used <strong>Fire Lash</strong>!<br></div><div class="battle-history"><small>It's super effective!</small><br></div><div class="battle-history"><small>The opposing Has Bean hung on using its Focus Sash!</small><br></div><div class="battle-history"><small>(The opposing Has Bean lost 99% of its health!)</small><br></div><div class="battle-history"><small>The opposing Has Bean's Defense fell!</small><br></div><div class="spacer battle-history"><br></div><div class="battle-history">The opposing Has Bean used <strong>Hidden Power</strong>!<br></div><div class="battle-history"><small>It's super effective!</small><br></div><div class="battle-history"><small>(Yeast lost <abbr title="−202/374">54.0%</abbr> of its health!)</small><br></div><div class="spacer battle-history"><br></div><h2 class="battle-history">Turn 31</h2><div class="chat chatmessage-h2opulse mine"><strong style="color:#6e8c2b"><small>☆</small><span class="username" data-name="H2OPulse">H2OPulse</span>:</strong> <em>Ohhh you're Sash</em></div><div class="chat chatmessage-h2opulse mine"><strong style="color:#6e8c2b"><small>☆</small><span class="username" data-name="H2OPulse">H2OPulse</span>:</strong> <em>I see</em></div><div class="spacer battle-history"><br></div><div class="battle-history">inkbug1 withdrew Has Bean!<br></div><div class="battle-history">inkbug1 sent out PB (<strong>Constabull</strong>)!<br></div><div class="battle-history"><small>The opposing PB was caught in a sticky web!</small><br></div><div class="battle-history"><small>The opposing PB's Speed fell!</small><br></div><div class="battle-history">[The opposing PB's Intimidate]<br></div><div class="battle-history">[Yeast's White Smoke]<br><small>Yeast's stats were not lowered!</small><br></div><div class="spacer battle-history"><br></div><div class="battle-history">Yeast used <strong>Fire Lash</strong>!<br></div><div class="battle-history"><small>(The opposing PB lost 8% of its health!)</small><br></div><div class="battle-history"><small>Yeast was hurt by the Rocky Helmet!</small><br></div><div class="spacer battle-history"><br></div><div class="battle-history">The opposing PB fainted!<br></div><div class="chat chatmessage-h2opulse mine"><strong style="color:#6e8c2b"><small>☆</small><span class="username" data-name="H2OPulse">H2OPulse</span>:</strong> <em>I switched out fearing Trick but actually Strength Sap on Milotic would be awesome</em></div><div class="chat chatmessage-h2opulse mine"><strong style="color:#6e8c2b"><small>☆</small><span class="username" data-name="H2OPulse">H2OPulse</span>:</strong> <em>because I have</em></div><div class="chat chatmessage-h2opulse mine"><strong style="color:#6e8c2b"><small>☆</small><span class="username" data-name="H2OPulse">H2OPulse</span>:</strong> <em>Competitive</em></div><div class="chat chatmessage-inkbug1"><strong style="color:#e46e0f"><small>☆</small><span class="username" data-name="inkbug1">inkbug1</span>:</strong> <em>yeah i realized that um the last time i tried to click it</em></div><div class="chat chatmessage-inkbug1"><strong style="color:#e46e0f"><small>☆</small><span class="username" data-name="inkbug1">inkbug1</span>:</strong> <em>but forgot this time</em></div><div class="chat chatmessage-h2opulse mine"><strong style="color:#6e8c2b"><small>☆</small><span class="username" data-name="H2OPulse">H2OPulse</span>:</strong> <em>Sdkjfh</em></div><div class="spacer battle-history"><br></div><div class="battle-history">inkbug1 sent out Risotto (<strong>Carnelion</strong>)!<br></div><div class="battle-history"><small>The opposing Risotto was caught in a sticky web!</small><br></div><div class="battle-history"><small>The opposing Risotto's Speed fell!</small><br></div><div class="spacer battle-history"><br></div><h2 class="battle-history">Turn 32</h2><div class="spacer battle-history"><br></div><div class="battle-history">Yeast, come back!<br></div><div class="battle-history">Go! Senecio (<strong>Milotic</strong>)!<br></div><div class="spacer battle-history"><br></div><div class="battle-history">The opposing Risotto used <strong>Fake Out</strong>!<br></div><div class="battle-history"><small>(Senecio lost <abbr title="−82/394">20.8%</abbr> of its health!)</small><br></div><div class="spacer battle-history"><br></div><div class="battle-history"><small>Senecio restored a little HP using its Leftovers!</small><br></div><div class="spacer battle-history"><br></div><h2 class="battle-history">Turn 33</h2><div class="spacer battle-history"><br></div><div class="battle-history">The opposing Risotto used <strong>U-turn</strong>!<br></div><div class="battle-history"><small>(Senecio lost <abbr title="−62/394">15.7%</abbr> of its health!)</small><br></div><div class="spacer battle-history"><br></div><div class="battle-history">The opposing Risotto went back to inkbug1!<br></div><div class="battle-history">inkbug1 sent out Jelly (<strong>Tentacruel</strong>)!<br></div><div class="battle-history"><small>The opposing Jelly was caught in a sticky web!</small><br></div><div class="battle-history"><small>The opposing Jelly's Speed fell!</small><br></div><div class="spacer battle-history"><br></div><div class="battle-history">Senecio used <strong>Scald</strong>!<br></div><div class="battle-history"><small>It's not very effective...</small><br></div><div class="battle-history"><small>(The opposing Jelly lost 11% of its health!)</small><br></div><div class="spacer battle-history"><br></div><div class="battle-history"><small>Senecio restored a little HP using its Leftovers!</small><br></div><div class="battle-history"><small>The opposing Jelly restored a little HP using its Black Sludge!</small><br></div><div class="spacer battle-history"><br></div><h2 class="battle-history">Turn 34</h2><div class="spacer battle-history"><br></div><div class="battle-history">The opposing Jelly used <strong>Rapid Spin</strong>!<br></div><div class="battle-history"><small>(Senecio lost <abbr title="−18/394">4.6%</abbr> of its health!)</small><br></div><div class="battle-history"><small>The opposing Jelly's Speed rose!</small><br></div><div class="battle-history"><small>The sticky web has disappeared from the ground around the opposing team!</small><br></div><div class="spacer battle-history"><br></div><div class="battle-history">Senecio used <strong>Mirror Coat</strong>!<br></div><div class="battle-history"><small>But it failed!</small><br></div><div class="spacer battle-history"><br></div><div class="battle-history"><small>The opposing Jelly restored a little HP using its Black Sludge!</small><br></div><div class="battle-history"><small>Senecio restored a little HP using its Leftovers!</small><br></div><div class="spacer battle-history"><br></div><h2 class="battle-history">Turn 35</h2><div class="chat chatmessage-inkbug1"><strong style="color:#e46e0f"><small>☆</small><span class="username" data-name="inkbug1">inkbug1</span>:</strong> <em>oh right haha uh</em></div><div class="spacer battle-history"><br></div><div class="battle-history">The opposing Jelly used <strong>Toxic Spikes</strong>!<br></div><div class="battle-history"><small>Poison spikes were scattered on the ground all around your team!</small><br></div><div class="spacer battle-history"><br></div><div class="battle-history">Senecio used <strong>Scald</strong>!<br></div><div class="battle-history"><small>It's not very effective...</small><br></div><div class="battle-history"><small>(The opposing Jelly lost 10% of its health!)</small><br></div><div class="spacer battle-history"><br></div><div class="battle-history"><small>The opposing Jelly restored a little HP using its Black Sludge!</small><br></div><div class="battle-history"><small>Senecio restored a little HP using its Leftovers!</small><br></div><div class="spacer battle-history"><br></div><h2 class="battle-history">Turn 36</h2><div class="spacer battle-history"><br></div><div class="battle-history">The opposing Jelly used <strong>Toxic Spikes</strong>!<br></div><div class="battle-history"><small>Poison spikes were scattered on the ground all around your team!</small><br></div><div class="spacer battle-history"><br></div><div class="battle-history">Senecio used <strong>Scald</strong>!<br></div><div class="battle-history"><small>It's not very effective...</small><br></div><div class="battle-history"><small>(The opposing Jelly lost 11% of its health!)</small><br></div><div class="spacer battle-history"><br></div><div class="battle-history"><small>The opposing Jelly restored a little HP using its Black Sludge!</small><br></div><div class="battle-history"><small>Senecio restored a little HP using its Leftovers!</small><br></div><div class="spacer battle-history"><br></div><h2 class="battle-history">Turn 37</h2><div class="spacer battle-history"><br></div><div class="battle-history">inkbug1 withdrew Jelly!<br></div><div class="battle-history">inkbug1 sent out Hocus (<strong>Mezmir</strong>)!<br></div><div class="battle-history">[The opposing Hocus's Comatose]<br><small>The opposing Hocus is drowsing!</small><br></div><div class="spacer battle-history"><br></div><div class="battle-history">Senecio used <strong>Scald</strong>!<br></div><div class="battle-history"><small>(The opposing Hocus lost 21% of its health!)</small><br></div><div class="spacer battle-history"><br></div><div class="battle-history"><small>Senecio restored a little HP using its Leftovers!</small><br></div><div class="spacer battle-history"><br></div><h2 class="battle-history">Turn 38</h2><div class="spacer battle-history"><br></div><div class="battle-history">Senecio used <strong>Scald</strong>!<br></div><div class="battle-history"><small>(The opposing Hocus lost 23% of its health!)</small><br></div><div class="spacer battle-history"><br></div><div class="battle-history">The opposing Hocus used <strong>Drain Punch</strong>!<br></div><div class="battle-history"><small>(Senecio lost <abbr title="−99/394">25.1%</abbr> of its health!)</small><br></div><div class="battle-history"><small>Senecio had its energy drained!</small><br></div><div class="spacer battle-history"><br></div><div class="battle-history"><small>Senecio restored a little HP using its Leftovers!</small><br></div><div class="spacer battle-history"><br></div><h2 class="battle-history">Turn 39</h2><div class="spacer battle-history"><br></div><div class="battle-history">Senecio used <strong>Scald</strong>!<br></div><div class="battle-history"><small>(The opposing Hocus lost 22% of its health!)</small><br></div><div class="spacer battle-history"><br></div><div class="battle-history">The opposing Hocus used <strong>Drain Punch</strong>!<br></div><div class="battle-history"><small>(Senecio lost <abbr title="−112/394">28.4%</abbr> of its health!)</small><br></div><div class="battle-history"><small>Senecio had its energy drained!</small><br></div><div class="spacer battle-history"><br></div><div class="battle-history"><small>Senecio restored a little HP using its Leftovers!</small><br></div><div class="spacer battle-history"><br></div><h2 class="battle-history">Turn 40</h2><div class="spacer battle-history"><br></div><div class="battle-history">Senecio used <strong>Scald</strong>!<br></div><div class="battle-history"><small>(The opposing Hocus lost 21% of its health!)</small><br></div><div class="spacer battle-history"><br></div><div class="battle-history">The opposing Hocus used <strong>Drain Punch</strong>!<br></div><div class="battle-history"><small>(Senecio lost <abbr title="−103/394">26.1%</abbr> of its health!)</small><br></div><div class="battle-history"><small>Senecio had its energy drained!</small><br></div><div class="spacer battle-history"><br></div><div class="battle-history"><small>Senecio restored a little HP using its Leftovers!</small><br></div><div class="spacer battle-history"><br></div><h2 class="battle-history">Turn 41</h2><div class="spacer battle-history"><br></div><div class="battle-history">Senecio used <strong>Recover</strong>!<br></div><div class="battle-history"><small>Senecio had its HP restored.</small><br></div><div class="spacer battle-history"><br></div><div class="battle-history">The opposing Hocus used <strong>Zen Headbutt</strong>!<br></div><div class="battle-history"><small>(Senecio lost <abbr title="−109/394">27.7%</abbr> of its health!)</small><br></div><div class="spacer battle-history"><br></div><div class="battle-history"><small>Senecio restored a little HP using its Leftovers!</small><br></div><div class="spacer battle-history"><br></div><h2 class="battle-history">Turn 42</h2><div class="spacer battle-history"><br></div><div class="battle-history">Senecio used <strong>Scald</strong>!<br></div><div class="battle-history"><small>(The opposing Hocus lost 22% of its health!)</small><br></div><div class="spacer battle-history"><br></div><div class="battle-history">The opposing Hocus used <strong>Drain Punch</strong>!<br></div><div class="battle-history"><small>A critical hit!</small><br></div><div class="battle-history"><small>(Senecio lost <abbr title="−148/394">37.6%</abbr> of its health!)</small><br></div><div class="battle-history"><small>Senecio had its energy drained!</small><br></div><div class="spacer battle-history"><br></div><div class="battle-history"><small>Senecio restored a little HP using its Leftovers!</small><br></div><div class="spacer battle-history"><br></div><h2 class="battle-history">Turn 43</h2><div class="spacer battle-history"><br></div><div class="battle-history">Senecio used <strong>Recover</strong>!<br></div><div class="battle-history"><small>Senecio had its HP restored.</small><br></div><div class="spacer battle-history"><br></div><div class="battle-history">The opposing Hocus used <strong>Drain Punch</strong>!<br></div><div class="battle-history"><small>(Senecio lost <abbr title="−97/394">24.6%</abbr> of its health!)</small><br></div><div class="battle-history"><small>Senecio had its energy drained!</small><br></div><div class="spacer battle-history"><br></div><div class="battle-history"><small>Senecio restored a little HP using its Leftovers!</small><br></div><div class="spacer battle-history"><br></div><h2 class="battle-history">Turn 44</h2><div class="chat chatmessage-inkbug1"><strong style="color:#e46e0f"><small>☆</small><span class="username" data-name="inkbug1">inkbug1</span>:</strong> <em>i might try something extremely ill advised w this thing</em></div><div class="chat chatmessage-h2opulse mine"><strong style="color:#6e8c2b"><small>☆</small><span class="username" data-name="H2OPulse">H2OPulse</span>:</strong> <em>:eyes:</em></div><div class="spacer battle-history"><br></div><div class="battle-history">Senecio used <strong>Scald</strong>!<br></div><div class="battle-history"><small>(The opposing Hocus lost 22% of its health!)</small><br></div><div class="spacer battle-history"><br></div><div class="battle-history">The opposing Hocus used <strong>Drain Punch</strong>!<br></div><div class="battle-history"><small>(Senecio lost <abbr title="−106/394">26.9%</abbr> of its health!)</small><br></div><div class="battle-history"><small>Senecio had its energy drained!</small><br></div><div class="spacer battle-history"><br></div><div class="battle-history"><small>Senecio restored a little HP using its Leftovers!</small><br></div><div class="spacer battle-history"><br></div><h2 class="battle-history">Turn 45</h2><div class="spacer battle-history"><br></div><div class="battle-history">Senecio used <strong>Scald</strong>!<br></div><div class="battle-history"><small>(The opposing Hocus lost 22% of its health!)</small><br></div><div class="spacer battle-history"><br></div><div class="battle-history">The opposing Hocus used <strong>Drain Punch</strong>!<br></div><div class="battle-history"><small>(Senecio lost <abbr title="−109/394">27.7%</abbr> of its health!)</small><br></div><div class="battle-history"><small>Senecio had its energy drained!</small><br></div><div class="spacer battle-history"><br></div><div class="battle-history"><small>Senecio restored a little HP using its Leftovers!</small><br></div><div class="spacer battle-history"><br></div><h2 class="battle-history">Turn 46</h2><div class="spacer battle-history"><br></div><div class="battle-history">inkbug1 withdrew Hocus!<br></div><div class="battle-history">inkbug1 sent out Risotto (<strong>Carnelion</strong>)!<br></div><div class="spacer battle-history"><br></div><div class="battle-history">Senecio used <strong>Recover</strong>!<br></div><div class="battle-history"><small>Senecio had its HP restored.</small><br></div><div class="spacer battle-history"><br></div><div class="battle-history"><small>Senecio restored a little HP using its Leftovers!</small><br></div><div class="spacer battle-history"><br></div><h2 class="battle-history">Turn 47</h2><div class="spacer battle-history"><br></div><div class="battle-history">The opposing Risotto used <strong>Fake Out</strong>!<br></div><div class="battle-history"><small>(Senecio lost <abbr title="−82/394">20.8%</abbr> of its health!)</small><br></div><div class="spacer battle-history"><br></div><div class="battle-history">Senecio flinched and couldn't move!<br></div><div class="spacer battle-history"><br></div><div class="battle-history"><small>Senecio restored a little HP using its Leftovers!</small><br></div><div class="spacer battle-history"><br></div><h2 class="battle-history">Turn 48</h2><div class="chat chatmessage-inkbug1"><strong style="color:#e46e0f"><small>☆</small><span class="username" data-name="inkbug1">inkbug1</span>:</strong> <em>hmmm.... decisions </em></div><div class="chat chatmessage-h2opulse mine"><strong style="color:#6e8c2b"><small>☆</small><span class="username" data-name="H2OPulse">H2OPulse</span>:</strong> <em>Rock Tomb</em></div><div class="chat chatmessage-h2opulse mine"><strong style="color:#6e8c2b"><small>☆</small><span class="username" data-name="H2OPulse">H2OPulse</span>:</strong> <em>I am begging</em></div><div class="chat chatmessage-inkbug1"><strong style="color:#e46e0f"><small>☆</small><span class="username" data-name="inkbug1">inkbug1</span>:</strong> <em>oh right</em></div><div class="spacer battle-history"><br></div><div class="battle-history">The opposing Risotto used <strong>Covet</strong>!<br></div><div class="battle-history"><small>(Senecio lost <abbr title="−126/394">32.0%</abbr> of its health!)</small><br></div><div class="battle-history"><small>The opposing Risotto stole Senecio's Leftovers!</small><br></div><div class="spacer battle-history"><br></div><div class="battle-history">Senecio used <strong>Scald</strong>!<br></div><div class="battle-history"><small>It's super effective!</small><br></div><div class="battle-history"><small>(The opposing Risotto lost 80% of its health!)</small><br></div><div class="spacer battle-history"><br></div><div class="battle-history"><small>The opposing Risotto restored a little HP using its Leftovers!</small><br></div><div class="spacer battle-history"><br></div><h2 class="battle-history">Turn 49</h2><div class="chat chatmessage-h2opulse mine"><strong style="color:#6e8c2b"><small>☆</small><span class="username" data-name="H2OPulse">H2OPulse</span>:</strong> <em>Kdhdj</em></div><div class="chat chatmessage-inkbug1"><strong style="color:#e46e0f"><small>☆</small><span class="username" data-name="inkbug1">inkbug1</span>:</strong> <em>i almost did </em></div><div class="chat chatmessage-h2opulse mine"><strong style="color:#6e8c2b"><small>☆</small><span class="username" data-name="H2OPulse">H2OPulse</span>:</strong> <em>nO okay,</em></div><div class="spacer battle-history"><br></div><div class="battle-history">The opposing Risotto used <strong>Covet</strong>!<br></div><div class="battle-history"><small>(Senecio lost <abbr title="−108/394">27.4%</abbr> of its health!)</small><br></div><div class="spacer battle-history"><br></div><div class="battle-history">Senecio used <strong>Recover</strong>!<br></div><div class="battle-history"><small>Senecio had its HP restored.</small><br></div><div class="spacer battle-history"><br></div><div class="battle-history"><small>The opposing Risotto restored a little HP using its Leftovers!</small><br></div><div class="spacer battle-history"><br></div><h2 class="battle-history">Turn 50</h2><div class="chat chatmessage-h2opulse mine"><strong style="color:#6e8c2b"><small>☆</small><span class="username" data-name="H2OPulse">H2OPulse</span>:</strong> <em>breathes</em></div><div class="spacer battle-history"><br></div><div class="battle-history">The opposing Risotto used <strong>U-turn</strong>!<br></div><div class="battle-history"><small>(Senecio lost <abbr title="−64/394">16.2%</abbr> of its health!)</small><br></div><div class="spacer battle-history"><br></div><div class="battle-history">The opposing Risotto went back to inkbug1!<br></div><div class="battle-history">inkbug1 sent out Jelly (<strong>Tentacruel</strong>)!<br></div><div class="spacer battle-history"><br></div><div class="battle-history">Senecio used <strong>Recover</strong>!<br></div><div class="battle-history"><small>Senecio had its HP restored.</small><br></div><div class="spacer battle-history"><br></div><div class="battle-history"><small>The opposing Jelly restored a little HP using its Black Sludge!</small><br></div><div class="spacer battle-history"><br></div><h2 class="battle-history">Turn 51</h2><div class="spacer battle-history"><br></div><div class="battle-history">The opposing Jelly used <strong>Scald</strong>!<br></div><div class="battle-history"><small>It's not very effective...</small><br></div><div class="battle-history"><small>(Senecio lost <abbr title="−49/394">12.4%</abbr> of its health!)</small><br></div><div class="spacer battle-history"><br></div><div class="battle-history">Senecio used <strong>Mirror Coat</strong>!<br></div><div class="battle-history"><small>(The opposing Jelly lost 27% of its health!)</small><br></div><div class="spacer battle-history"><br></div><div class="battle-history"><small>The opposing Jelly restored a little HP using its Black Sludge!</small><br></div><div class="spacer battle-history"><br></div><h2 class="battle-history">Turn 52</h2><div class="spacer battle-history"><br></div><div class="battle-history">The opposing Jelly used <strong>Scald</strong>!<br></div><div class="battle-history"><small>It's not very effective...</small><br></div><div class="battle-history"><small>(Senecio lost <abbr title="−44/394">11.2%</abbr> of its health!)</small><br></div><div class="battle-history"><small>Senecio was burned!</small><br></div><div class="spacer battle-history"><br></div><div class="battle-history">Senecio used <strong>Mirror Coat</strong>!<br></div><div class="battle-history"><small>(The opposing Jelly lost 24% of its health!)</small><br></div><div class="spacer battle-history"><br></div><div class="battle-history"><small>The opposing Jelly restored a little HP using its Black Sludge!</small><br></div><div class="battle-history"><small>Senecio was hurt by its burn!</small><br></div><div class="spacer battle-history"><br></div><h2 class="battle-history">Turn 53</h2><div class="spacer battle-history"><br></div><div class="battle-history">The opposing Jelly used <strong>Rapid Spin</strong>!<br></div><div class="battle-history"><small>(Senecio lost <abbr title="−19/394">4.8%</abbr> of its health!)</small><br></div><div class="battle-history"><small>The opposing Jelly's Speed rose!</small><br></div><div class="spacer battle-history"><br></div><div class="battle-history">Senecio used <strong>Recover</strong>!<br></div><div class="battle-history"><small>Senecio had its HP restored.</small><br></div><div class="spacer battle-history"><br></div><div class="battle-history"><small>The opposing Jelly restored a little HP using its Black Sludge!</small><br></div><div class="battle-history"><small>Senecio was hurt by its burn!</small><br></div><div class="spacer battle-history"><br></div><h2 class="battle-history">Turn 54</h2><div class="spacer battle-history"><br></div><div class="battle-history">The opposing Jelly used <strong>Rapid Spin</strong>!<br></div><div class="battle-history"><small>(Senecio lost <abbr title="−19/394">4.8%</abbr> of its health!)</small><br></div><div class="battle-history"><small>The opposing Jelly's Speed rose!</small><br></div><div class="spacer battle-history"><br></div><div class="battle-history">Senecio used <strong>Mirror Coat</strong>!<br></div><div class="battle-history"><small>But it failed!</small><br></div><div class="spacer battle-history"><br></div><div class="battle-history"><small>The opposing Jelly restored a little HP using its Black Sludge!</small><br></div><div class="battle-history"><small>Senecio was hurt by its burn!</small><br></div><div class="spacer battle-history"><br></div><h2 class="battle-history">Turn 55</h2><div class="chat chatmessage-h2opulse mine"><strong style="color:#6e8c2b"><small>☆</small><span class="username" data-name="H2OPulse">H2OPulse</span>:</strong> <em>Ohhh I am following</em></div><div class="chat chatmessage-h2opulse mine"><strong style="color:#6e8c2b"><small>☆</small><span class="username" data-name="H2OPulse">H2OPulse</span>:</strong> <em>Rude</em></div><div class="spacer battle-history"><br></div><div class="battle-history">Senecio, come back!<br></div><div class="battle-history">Go! Mango (<strong>Noivern-Variant</strong>)!<br></div><div class="spacer battle-history"><br></div><div class="battle-history">The opposing Jelly used <strong>Rapid Spin</strong>!<br></div><div class="battle-history"><small>(Mango lost <abbr title="−28/332">8.4%</abbr> of its health!)</small><br></div><div class="battle-history"><small>The opposing Jelly's Speed rose!</small><br></div><div class="spacer battle-history"><br></div><div class="battle-history"><small>The opposing Jelly restored a little HP using its Black Sludge!</small><br></div><div class="spacer battle-history"><br></div><h2 class="battle-history">Turn 56</h2><div class="chat chatmessage-inkbug1"><strong style="color:#e46e0f"><small>☆</small><span class="username" data-name="inkbug1">inkbug1</span>:</strong> <em>you fool i have 600 speed</em></div><div class="chat chatmessage-h2opulse mine"><strong style="color:#6e8c2b"><small>☆</small><span class="username" data-name="H2OPulse">H2OPulse</span>:</strong> <em>Yeah,</em></div><div class="spacer battle-history"><br></div><div class="battle-history">The opposing Jelly used <strong>Sludge Bomb</strong>!<br></div><div class="battle-history"><small>(Mango lost <abbr title="−62/332">18.7%</abbr> of its health!)</small><br></div><div class="spacer battle-history"><br></div><div class="battle-history">Mango fainted!<br></div><div class="spacer battle-history"><br></div><div class="battle-history"><small>The opposing Jelly restored a little HP using its Black Sludge!</small><br></div><div class="chat chatmessage-h2opulse mine"><strong style="color:#6e8c2b"><small>☆</small><span class="username" data-name="H2OPulse">H2OPulse</span>:</strong> <em>Good game :'D</em></div><div class="chat chatmessage-inkbug1"><strong style="color:#e46e0f"><small>☆</small><span class="username" data-name="inkbug1">inkbug1</span>:</strong> <em>asdfajfgakjsdfgasdf</em></div><div class="chat chatmessage-h2opulse mine"><strong style="color:#6e8c2b"><small>☆</small><span class="username" data-name="H2OPulse">H2OPulse</span>:</strong> <em>OH I had</em></div><div class="chat chatmessage-h2opulse mine"><strong style="color:#6e8c2b"><small>☆</small><span class="username" data-name="H2OPulse">H2OPulse</span>:</strong> <em>a better option there</em></div><div class="spacer battle-history"><br></div><div class="battle-history">Go! Yeast (<strong>Gourmant</strong>)!<br></div><div class="battle-history"><small>Yeast was badly poisoned!</small><br></div><div class="spacer battle-history"><br></div><h2 class="battle-history">Turn 57</h2><div class="chat chatmessage-h2opulse mine"><strong style="color:#6e8c2b"><small>☆</small><span class="username" data-name="H2OPulse">H2OPulse</span>:</strong> <em>I mean sort of</em></div><div class="chat chatmessage-inkbug1"><strong style="color:#e46e0f"><small>☆</small><span class="username" data-name="inkbug1">inkbug1</span>:</strong> <em>you</em></div><div class="chat chatmessage-h2opulse mine"><strong style="color:#6e8c2b"><small>☆</small><span class="username" data-name="H2OPulse">H2OPulse</span>:</strong> <em>not really</em></div><div class="chat chatmessage-h2opulse mine"><strong style="color:#6e8c2b"><small>☆</small><span class="username" data-name="H2OPulse">H2OPulse</span>:</strong> <em>but</em></div><div class="chat chatmessage-h2opulse mine"><strong style="color:#6e8c2b"><small>☆</small><span class="username" data-name="H2OPulse">H2OPulse</span>:</strong> <em>like see if I were smart I could at <i>least</i> have forced you out but I am not especially :'D</em></div><div class="spacer battle-history"><br></div><div class="battle-history">Yeast used <strong>Sucker Punch</strong>!<br></div><div class="battle-history"><small>But it failed!</small><br></div><div class="spacer battle-history"><br></div><div class="battle-history">The opposing Jelly used <strong>Toxic Spikes</strong>!<br></div><div class="battle-history"><small>But it failed!</small><br></div><div class="spacer battle-history"><br></div><div class="battle-history"><small>The opposing Jelly restored a little HP using its Black Sludge!</small><br></div><div class="battle-history"><small>Yeast was hurt by poison!</small><br></div><div class="spacer battle-history"><br></div><h2 class="battle-history">Turn 58</h2><div class="chat chatmessage-inkbug1"><strong style="color:#e46e0f"><small>☆</small><span class="username" data-name="inkbug1">inkbug1</span>:</strong> <em>i was not intending to set up on speed but :'D </em></div><div class="chat chatmessage-h2opulse mine"><strong style="color:#6e8c2b"><small>☆</small><span class="username" data-name="H2OPulse">H2OPulse</span>:</strong> <em>Khdfjk</em></div><div class="spacer battle-history"><br></div><div class="battle-history">The opposing Jelly used <strong>Scald</strong>!<br></div><div class="battle-history"><small>It's super effective!</small><br></div><div class="battle-history"><small>(Yeast lost <abbr title="−87/374">23.3%</abbr> of its health!)</small><br></div><div class="spacer battle-history"><br></div><div class="battle-history">Yeast fainted!<br></div><div class="spacer battle-history"><br></div><div class="battle-history"><small>The opposing Jelly restored a little HP using its Black Sludge!</small><br></div><div class="spacer battle-history"><br></div><div class="battle-history">Go! Senecio (<strong>Milotic</strong>)!<br></div><div class="spacer battle-history"><br></div><h2 class="battle-history">Turn 59</h2><div class="chat chatmessage-h2opulse mine"><strong style="color:#6e8c2b"><small>☆</small><span class="username" data-name="H2OPulse">H2OPulse</span>:</strong> <em>MAN okay--</em></div><div class="chat chatmessage-h2opulse mine"><strong style="color:#6e8c2b"><small>☆</small><span class="username" data-name="H2OPulse">H2OPulse</span>:</strong> <em>G o o d game : D</em></div><div class="chat chatmessage-inkbug1"><strong style="color:#e46e0f"><small>☆</small><span class="username" data-name="inkbug1">inkbug1</span>:</strong> <em>thisis so funny</em></div><div class="chat chatmessage-h2opulse mine"><strong style="color:#6e8c2b"><small>☆</small><span class="username" data-name="H2OPulse">H2OPulse</span>:</strong> <em>Y e s</em></div><div class="spacer battle-history"><br></div><div class="battle-history">The opposing Jelly used <strong>Sludge Bomb</strong>!<br></div><div class="battle-history"><small>(Senecio lost <abbr title="−97/394">24.6%</abbr> of its health!)</small><br></div><div class="spacer battle-history"><br></div><div class="battle-history">Senecio used <strong>Scald</strong>!<br></div><div class="battle-history"><small>It's not very effective...</small><br></div><div class="battle-history"><small>(The opposing Jelly lost 10% of its health!)</small><br></div><div class="spacer battle-history"><br></div><div class="battle-history"><small>The opposing Jelly restored a little HP using its Black Sludge!</small><br></div><div class="battle-history"><small>Senecio was hurt by its burn!</small><br></div><div class="spacer battle-history"><br></div><h2 class="battle-history">Turn 60</h2><div class="spacer battle-history"><br></div><div class="battle-history">The opposing Jelly used <strong>Sludge Bomb</strong>!<br></div><div class="battle-history"><small>(Senecio lost <abbr title="−102/394">25.9%</abbr> of its health!)</small><br></div><div class="spacer battle-history"><br></div><div class="battle-history">Senecio used <strong>Mirror Coat</strong>!<br></div><div class="battle-history"><small>(The opposing Jelly lost 56% of its health!)</small><br></div><div class="spacer battle-history"><br></div><div class="battle-history"><small>The opposing Jelly restored a little HP using its Black Sludge!</small><br></div><div class="battle-history"><small>Senecio was hurt by its burn!</small><br></div><div class="spacer battle-history"><br></div><h2 class="battle-history">Turn 61</h2><div class="chat chatmessage-h2opulse mine"><strong style="color:#6e8c2b"><small>☆</small><span class="username" data-name="H2OPulse">H2OPulse</span>:</strong> <em>now you're just taunting me--</em></div><div class="spacer battle-history"><br></div><div class="battle-history">The opposing Jelly used <strong>Sludge Bomb</strong>!<br></div><div class="battle-history"><small>(Senecio lost <abbr title="−80/394">20.3%</abbr> of its health!)</small><br></div><div class="spacer battle-history"><br></div><div class="battle-history">Senecio fainted!<br></div><div class="spacer battle-history"><br></div><div class="battle-history"><strong>inkbug1</strong> won the battle!<br></div><div class="chat chatmessage-inkbug1"><strong style="color:#e46e0f"><small>☆</small><span class="username" data-name="inkbug1">inkbug1</span>:</strong> <em>wheez </em></div><div class="chat chatmessage-h2opulse mine"><strong style="color:#6e8c2b"><small>☆</small><span class="username" data-name="H2OPulse">H2OPulse</span>:</strong> <em>Good game!!!</em></div><div class="chat chatmessage-inkbug1"><strong style="color:#e46e0f"><small>☆</small><span class="username" data-name="inkbug1">inkbug1</span>:</strong> <em>gg </em></div><div class="chat chatmessage-h2opulse mine"><strong style="color:#6e8c2b"><small>☆</small><span class="username" data-name="H2OPulse">H2OPulse</span>:</strong> <em>kfdjsadkhf</em></div></div><div class="inner-preempt message-log"></div></div></div>
</div>
<script>
let daily = Math.floor(Date.now()/1000/60/60/24);document.write('<script src="https://dragonheaven.herokuapp.com/js/replay-embed.js?version'+daily+'"></'+'script>');
</script>
