<!DOCTYPE html>
<meta charset="utf-8" />
<!-- version 1 -->
<title>[Gen 8] Evolution Project replay: Violettes vs. god of joe</title>
<style>
html,body {font-family:Verdana, sans-serif;font-size:10pt;margin:0;padding:0;}body{padding:12px 0;} .battle-log {font-family:Verdana, sans-serif;font-size:10pt;} .battle-log-inline {border:1px solid #AAAAAA;background:#EEF2F5;color:black;max-width:640px;margin:0 auto 80px;padding-bottom:5px;} .battle-log .inner {padding:4px 8px 0px 8px;} .battle-log .inner-preempt {padding:0 8px 4px 8px;} .battle-log .inner-after {margin-top:0.5em;} .battle-log h2 {margin:0.5em -8px;padding:4px 8px;border:1px solid #AAAAAA;background:#E0E7EA;border-left:0;border-right:0;font-family:Verdana, sans-serif;font-size:13pt;} .battle-log .chat {vertical-align:middle;padding:3px 0 3px 0;font-size:8pt;} .battle-log .chat strong {color:#40576A;} .battle-log .chat em {padding:1px 4px 1px 3px;color:#000000;font-style:normal;} .chat.mine {background:rgba(0,0,0,0.05);margin-left:-8px;margin-right:-8px;padding-left:8px;padding-right:8px;} .spoiler {color:#BBBBBB;background:#BBBBBB;padding:0px 3px;} .spoiler:hover, .spoiler:active, .spoiler-shown {color:#000000;background:#E2E2E2;padding:0px 3px;} .spoiler a {color:#BBBBBB;} .spoiler:hover a, .spoiler:active a, .spoiler-shown a {color:#2288CC;} .chat code, .chat .spoiler:hover code, .chat .spoiler:active code, .chat .spoiler-shown code {border:1px solid #C0C0C0;background:#EEEEEE;color:black;padding:0 2px;} .chat .spoiler code {border:1px solid #CCCCCC;background:#CCCCCC;color:#CCCCCC;} .battle-log .rated {padding:3px 4px;} .battle-log .rated strong {color:white;background:#89A;padding:1px 4px;border-radius:4px;} .spacer {margin-top:0.5em;} .message-announce {background:#6688AA;color:white;padding:1px 4px 2px;} .message-announce a, .broadcast-green a, .broadcast-blue a, .broadcast-red a {color:#DDEEFF;} .broadcast-green {background-color:#559955;color:white;padding:2px 4px;} .broadcast-blue {background-color:#6688AA;color:white;padding:2px 4px;} .infobox {border:1px solid #6688AA;padding:2px 4px;} .infobox-limited {max-height:200px;overflow:auto;overflow-x:hidden;} .broadcast-red {background-color:#AA5544;color:white;padding:2px 4px;} .message-learn-canlearn {font-weight:bold;color:#228822;text-decoration:underline;} .message-learn-cannotlearn {font-weight:bold;color:#CC2222;text-decoration:underline;} .message-effect-weak {font-weight:bold;color:#CC2222;} .message-effect-resist {font-weight:bold;color:#6688AA;} .message-effect-immune {font-weight:bold;color:#666666;} .message-learn-list {margin-top:0;margin-bottom:0;} .message-throttle-notice, .message-error {color:#992222;} .message-overflow, .chat small.message-overflow {font-size:0pt;} .message-overflow::before {font-size:9pt;content:'...';} .subtle {color:#3A4A66;}
</style>
<div class="wrapper replay-wrapper" style="max-width:1180px;margin:0 auto">
<input type="hidden" name="replayid" value="dragonheaven-gen8evolutionproject-50" />
<div class="battle"></div><div class="battle-log"></div><div class="replay-controls"></div><div class="replay-controls-2"></div>
<h1 style="font-weight:normal;text-align:center"><strong>[Gen 8] Evolution Project</strong><br /><a href="http://pokemonshowdown.com/users/violettes" class="subtle" target="_blank">Violettes</a> vs. <a href="http://pokemonshowdown.com/users/godofjoe" class="subtle" target="_blank">god of joe</a></h1>
<script type="text/plain" class="battle-log-data">|j|☆Violettes
|j|☆god of joe
|t:|1658357631
|player|p1|Violettes|furisodegirl-pink|
|player|p2|god of joe|caitlin|
|teamsize|p1|6
|teamsize|p2|6
|gametype|singles
|gen|8
|tier|[Gen 8] Evolution Project
|clearpoke
|poke|p1|Musasoar, F|
|poke|p1|Milotic, F|
|poke|p1|Mantine-Variant, M|
|poke|p1|Noivern-Variant, M|
|poke|p1|Bronzong|
|poke|p1|Krookodile, F|
|poke|p2|Skiversnow, M|
|poke|p2|Sandslash-Alola, F|
|poke|p2|Eclipseroid, F|
|poke|p2|Whiscazu, F|
|poke|p2|Shiinotic-Kalos, M|
|poke|p2|Mienshao-Yaoguai, F|
|rule|HP Percentage Mod: HP is shown in percentages
|rule|Endless Battle Clause: Forcing endless battles is banned
|rule|OHKO Clause: OHKO moves are banned
|rule|Evasion Moves Clause: Evasion moves are banned
|rule|Species Clause: Limit one of each Pokémon
|rule|Dynamax Clause: You cannot dynamax
|rule|Sleep Clause Mod: Limit one foe put to sleep
|rule|Z-Move Clause: Type-based Z-Moves are banned
|teampreview
|j|~inkbug1

|
|t:|1658357648
|start
|switch|p1a: Bandit Camp|Krookodile, F|100\/100
|switch|p2a: Skiversnow|Skiversnow, M|100\/100
|-ability|p1a: Bandit Camp|Intimidate|boost
|-unboost|p2a: Skiversnow|atk|1
|-start|p2a: Skiversnow|typechange|Grass\/Ice|[silent]
|raw|<ul class="utilichart"><li class="result"><span class="col pokemonnamecol" style="white-space: nowrap">Skiversnow<\/span> <span class="col typecol"><img src="https:\/\/dragonheaven.herokuapp.com\/sprites\/types\/Grass.png" alt="Grass" height="14" width="32"><img src="https:\/\/dragonheaven.herokuapp.com\/sprites\/types\/Ice.png" alt="Ice" height="14" width="32"><\/span> <span style="float: left ; min-height: 26px"><span class="col abilitycol">Snow Warning \/ Pressure<\/span><span class="col abilitycol"><\/span><\/span><\/li><li style="clear: both"><\/li><\/ul>
|raw|<ul class="utilichart"><li class="result"><span style="float: left ; min-height: 26px"><span class="col statcol"><em>HP<\/em><br>90<\/span> <span class="col statcol"><em>Atk<\/em><br>92<\/span> <span class="col statcol"><em>Def<\/em><br>55<\/span> <span class="col statcol"><em>SpA<\/em><br>92<\/span> <span class="col statcol"><em>SpD<\/em><br>65<\/span> <span class="col statcol"><em>Spe<\/em><br>100<\/span> <\/span><\/li><li style="clear: both"><\/li><\/ul>
|-hint|Skiversnow was created by ausma!
|-weather|Hail|[from] ability: Snow Warning|[of] p2a: Skiversnow
|turn|1
|
|t:|1658357666
|move|p1a: Bandit Camp|Stone Edge|p2a: Skiversnow
|-supereffective|p2a: Skiversnow
|-damage|p2a: Skiversnow|0 fnt
|faint|p2a: Skiversnow
|
|-weather|Hail|[upkeep]
|-damage|p1a: Bandit Camp|94\/100|[from] Hail
|upkeep
|
|t:|1658357669
|switch|p2a: Sandslash|Sandslash-Alola, F|100\/100
|turn|2
|
|t:|1658357674
|switch|p1a: Lagi Pa'ia|Mantine-Variant, M|100\/100
|-start|p1a: Lagi Pa'ia|typechange|Fire|[silent]
|raw|<ul class="utilichart"><li class="result"><span class="col pokemonnamecol" style="white-space: nowrap">Mantine-Variant<\/span> <span class="col typecol"><img src="https:\/\/dragonheaven.herokuapp.com\/sprites\/types\/Fire.png" alt="Fire" height="14" width="32"><\/span> <span style="float: left ; min-height: 26px"><span class="col abilitycol">Cloud Nine \/ Levitate \/ Flame Body<\/span><span class="col abilitycol"><\/span><\/span><\/li><li style="clear: both"><\/li><\/ul>
|raw|<ul class="utilichart"><li class="result"><span style="float: left ; min-height: 26px"><span class="col statcol"><em>HP<\/em><br>85<\/span> <span class="col statcol"><em>Atk<\/em><br>40<\/span> <span class="col statcol"><em>Def<\/em><br>70<\/span> <span class="col statcol"><em>SpA<\/em><br>70<\/span> <span class="col statcol"><em>SpD<\/em><br>140<\/span> <span class="col statcol"><em>Spe<\/em><br>80<\/span> <\/span><\/li><li style="clear: both"><\/li><\/ul>
|-hint|Mantine-Variant was created by Violet!
|move|p2a: Sandslash|Swords Dance|p2a: Sandslash
|-boost|p2a: Sandslash|atk|2
|
|-weather|Hail|[upkeep]
|-damage|p1a: Lagi Pa'ia|94\/100|[from] Hail
|upkeep
|turn|3
|
|t:|1658357679
|switch|p2a: Eclipseroid|Eclipseroid, F|100\/100
|-start|p2a: Eclipseroid|typechange|Rock\/Ghost|[silent]
|raw|<ul class="utilichart"><li class="result"><span class="col pokemonnamecol" style="white-space: nowrap">Eclipseroid<\/span> <span class="col typecol"><img src="https:\/\/dragonheaven.herokuapp.com\/sprites\/types\/Rock.png" alt="Rock" height="14" width="32"><img src="https:\/\/dragonheaven.herokuapp.com\/sprites\/types\/Ghost.png" alt="Ghost" height="14" width="32"><\/span> <span style="float: left ; min-height: 26px"><span class="col abilitycol">Levitate<\/span><span class="col abilitycol"><\/span><\/span><\/li><li style="clear: both"><\/li><\/ul>
|raw|<ul class="utilichart"><li class="result"><span style="float: left ; min-height: 26px"><span class="col statcol"><em>HP<\/em><br>90<\/span> <span class="col statcol"><em>Atk<\/em><br>100<\/span> <span class="col statcol"><em>Def<\/em><br>90<\/span> <span class="col statcol"><em>SpA<\/em><br>100<\/span> <span class="col statcol"><em>SpD<\/em><br>90<\/span> <span class="col statcol"><em>Spe<\/em><br>70<\/span> <\/span><\/li><li style="clear: both"><\/li><\/ul>
|-hint|Eclipseroid was created by ausma!
|move|p1a: Lagi Pa'ia|Flamethrower|p2a: Eclipseroid
|-resisted|p2a: Eclipseroid
|-damage|p2a: Eclipseroid|87\/100
|
|-weather|Hail|[upkeep]
|-damage|p2a: Eclipseroid|81\/100|[from] Hail
|-damage|p1a: Lagi Pa'ia|88\/100|[from] Hail
|upkeep
|turn|4
|
|t:|1658357686
|move|p2a: Eclipseroid|Meteor Beam||[still]
|-prepare|p2a: Eclipseroid|Meteor Beam
|-boost|p2a: Eclipseroid|spa|1
|-enditem|p2a: Eclipseroid|Power Herb
|-anim|p2a: Eclipseroid|Meteor Beam|p1a: Lagi Pa'ia
|-supereffective|p1a: Lagi Pa'ia
|-damage|p1a: Lagi Pa'ia|0 fnt
|faint|p1a: Lagi Pa'ia
|
|-weather|Hail|[upkeep]
|-damage|p2a: Eclipseroid|74\/100|[from] Hail
|upkeep
|
|t:|1658357703
|switch|p1a: Bandit Camp|Krookodile, F|94\/100
|-ability|p1a: Bandit Camp|Intimidate|boost
|-unboost|p2a: Eclipseroid|atk|1
|turn|5
|
|t:|1658357708
|move|p1a: Bandit Camp|Knock Off|p2a: Eclipseroid
|-supereffective|p2a: Eclipseroid
|-crit|p2a: Eclipseroid
|-damage|p2a: Eclipseroid|0 fnt
|faint|p2a: Eclipseroid
|
|-weather|Hail|[upkeep]
|-damage|p1a: Bandit Camp|88\/100|[from] Hail
|upkeep
|
|t:|1658357712
|switch|p2a: Sandslash|Sandslash-Alola, F|100\/100
|turn|6
|
|t:|1658357715
|switch|p1a: Strongpoint|Bronzong|100\/100
|move|p2a: Sandslash|Swords Dance|p2a: Sandslash
|-boost|p2a: Sandslash|atk|2
|
|-weather|Hail|[upkeep]
|-damage|p1a: Strongpoint|94\/100|[from] Hail
|-heal|p1a: Strongpoint|100\/100|[from] item: Leftovers
|upkeep
|turn|7
|
|t:|1658357718
|move|p2a: Sandslash|Knock Off|p1a: Strongpoint
|-supereffective|p1a: Strongpoint
|-damage|p1a: Strongpoint|16\/100
|-enditem|p1a: Strongpoint|Leftovers|[from] move: Knock Off|[of] p2a: Sandslash
|move|p1a: Strongpoint|Body Press|p2a: Sandslash
|-supereffective|p2a: Sandslash
|-damage|p2a: Sandslash|0 fnt
|faint|p2a: Sandslash
|
|-weather|Hail|[upkeep]
|-damage|p1a: Strongpoint|10\/100|[from] Hail
|upkeep
|
|t:|1658357724
|switch|p2a: Mienshao|Mienshao-Yaoguai, F|100\/100
|-start|p2a: Mienshao|typechange|Fighting\/Ghost|[silent]
|raw|<ul class="utilichart"><li class="result"><span class="col pokemonnamecol" style="white-space: nowrap">Mienshao-Yaoguai<\/span> <span class="col typecol"><img src="https:\/\/dragonheaven.herokuapp.com\/sprites\/types\/Fighting.png" alt="Fighting" height="14" width="32"><img src="https:\/\/dragonheaven.herokuapp.com\/sprites\/types\/Ghost.png" alt="Ghost" height="14" width="32"><\/span> <span style="float: left ; min-height: 26px"><span class="col abilitycol">Inner Focus \/ Prankster \/ Berserk<\/span><span class="col abilitycol"><\/span><\/span><\/li><li style="clear: both"><\/li><\/ul>
|raw|<ul class="utilichart"><li class="result"><span style="float: left ; min-height: 26px"><span class="col statcol"><em>HP<\/em><br>65<\/span> <span class="col statcol"><em>Atk<\/em><br>125<\/span> <span class="col statcol"><em>Def<\/em><br>60<\/span> <span class="col statcol"><em>SpA<\/em><br>105<\/span> <span class="col statcol"><em>SpD<\/em><br>60<\/span> <span class="col statcol"><em>Spe<\/em><br>95<\/span> <\/span><\/li><li style="clear: both"><\/li><\/ul>
|-hint|Mienshao-Yaoguai was created by Hematite!
|turn|8
|
|t:|1658357727
|move|p2a: Mienshao|Shadow Ball|p1a: Strongpoint
|-supereffective|p1a: Strongpoint
|-damage|p1a: Strongpoint|0 fnt
|faint|p1a: Strongpoint
|
|-weather|none
|upkeep
|
|t:|1658357735
|switch|p1a: Bandit Camp|Krookodile, F|88\/100
|-ability|p1a: Bandit Camp|Intimidate|boost
|-unboost|p2a: Mienshao|atk|1
|turn|9
|
|t:|1658357738
|move|p2a: Mienshao|Reflect|p2a: Mienshao
|-sidestart|p2: god of joe|Reflect
|move|p1a: Bandit Camp|Pursuit|p2a: Mienshao
|-damage|p2a: Mienshao|83\/100
|
|upkeep
|turn|10
|
|t:|1658357744
|switch|p1a: Aurora|Milotic, F|100\/100
|move|p2a: Mienshao|Close Combat|p1a: Aurora
|-damage|p1a: Aurora|68\/100
|-unboost|p2a: Mienshao|def|1
|-unboost|p2a: Mienshao|spd|1
|
|-heal|p1a: Aurora|74\/100|[from] item: Leftovers
|upkeep
|turn|11
|
|t:|1658357750
|move|p2a: Mienshao|U-turn|p1a: Aurora
|-damage|p1a: Aurora|60\/100
|
|t:|1658357753
|switch|p2a: Shiinotic|Shiinotic-Kalos, M|100\/100|[from]move: U-turn
|-start|p2a: Shiinotic|typechange|Poison\/Fairy|[silent]
|raw|<ul class="utilichart"><li class="result"><span class="col pokemonnamecol" style="white-space: nowrap">Shiinotic-Kalos<\/span> <span class="col typecol"><img src="https:\/\/dragonheaven.herokuapp.com\/sprites\/types\/Poison.png" alt="Poison" height="14" width="32"><img src="https:\/\/dragonheaven.herokuapp.com\/sprites\/types\/Fairy.png" alt="Fairy" height="14" width="32"><\/span> <span style="float: left ; min-height: 26px"><span class="col abilitycol">Illuminate \/ Effect Spore \/ Technician<\/span><span class="col abilitycol"><\/span><\/span><\/li><li style="clear: both"><\/li><\/ul>
|raw|<ul class="utilichart"><li class="result"><span style="float: left ; min-height: 26px"><span class="col statcol"><em>HP<\/em><br>60<\/span> <span class="col statcol"><em>Atk<\/em><br>61<\/span> <span class="col statcol"><em>Def<\/em><br>60<\/span> <span class="col statcol"><em>SpA<\/em><br>90<\/span> <span class="col statcol"><em>SpD<\/em><br>80<\/span> <span class="col statcol"><em>Spe<\/em><br>54<\/span> <\/span><\/li><li style="clear: both"><\/li><\/ul>
|-hint|Shiinotic-Kalos was created by Hematite!
|move|p1a: Aurora|Scald|p2a: Shiinotic
|-damage|p2a: Shiinotic|61\/100
|
|-heal|p1a: Aurora|66\/100|[from] item: Leftovers
|upkeep
|turn|12
|
|t:|1658357759
|move|p2a: Shiinotic|Spore|p1a: Aurora
|-status|p1a: Aurora|slp|[from] move: Spore
|cant|p1a: Aurora|slp
|
|-heal|p1a: Aurora|72\/100 slp|[from] item: Leftovers
|upkeep
|turn|13
|
|t:|1658357769
|switch|p1a: Beatbox|Noivern-Variant, M|100\/100
|-start|p1a: Beatbox|typechange|Fighting\/Dragon|[silent]
|raw|<ul class="utilichart"><li class="result"><span class="col pokemonnamecol" style="white-space: nowrap">Noivern-Variant<\/span> <span class="col typecol"><img src="https:\/\/dragonheaven.herokuapp.com\/sprites\/types\/Fighting.png" alt="Fighting" height="14" width="32"><img src="https:\/\/dragonheaven.herokuapp.com\/sprites\/types\/Dragon.png" alt="Dragon" height="14" width="32"><\/span> <span style="float: left ; min-height: 26px"><span class="col abilitycol">Levitate<\/span><span class="col abilitycol"><\/span><\/span><\/li><li style="clear: both"><\/li><\/ul>
|raw|<ul class="utilichart"><li class="result"><span style="float: left ; min-height: 26px"><span class="col statcol"><em>HP<\/em><br>95<\/span> <span class="col statcol"><em>Atk<\/em><br>70<\/span> <span class="col statcol"><em>Def<\/em><br>80<\/span> <span class="col statcol"><em>SpA<\/em><br>97<\/span> <span class="col statcol"><em>SpD<\/em><br>80<\/span> <span class="col statcol"><em>Spe<\/em><br>113<\/span> <\/span><\/li><li style="clear: both"><\/li><\/ul>
|-hint|Noivern-Variant was created by Hematite!
|move|p2a: Shiinotic|Nasty Plot|p2a: Shiinotic
|-boost|p2a: Shiinotic|spa|2
|
|upkeep
|turn|14
|
|t:|1658357775
|move|p1a: Beatbox|Switcheroo|p2a: Shiinotic
|-activate|p1a: Beatbox|move: Trick|[of] p2a: Shiinotic
|-item|p2a: Shiinotic|Choice Specs|[from] move: Switcheroo
|-item|p1a: Beatbox|Life Orb|[from] move: Switcheroo
|move|p2a: Shiinotic|Draining Kiss|p1a: Beatbox
|-supereffective|p1a: Beatbox
|-damage|p1a: Beatbox|0 fnt
|-heal|p2a: Shiinotic|100\/100|[from] drain|[of] p1a: Beatbox
|faint|p1a: Beatbox
|
|upkeep
|
|t:|1658357792
|switch|p1a: Paraíso|Musasoar, F|100\/100
|-start|p1a: Paraíso|typechange|Grass\/Flying|[silent]
|raw|<ul class="utilichart"><li class="result"><span class="col pokemonnamecol" style="white-space: nowrap">Musasoar<\/span> <span class="col typecol"><img src="https:\/\/dragonheaven.herokuapp.com\/sprites\/types\/Grass.png" alt="Grass" height="14" width="32"><img src="https:\/\/dragonheaven.herokuapp.com\/sprites\/types\/Flying.png" alt="Flying" height="14" width="32"><\/span> <span style="float: left ; min-height: 26px"><span class="col abilitycol">Chlorophyll \/ Leaf Guard \/ Harvest<\/span><span class="col abilitycol"><\/span><\/span><\/li><li style="clear: both"><\/li><\/ul>
|raw|<ul class="utilichart"><li class="result"><span style="float: left ; min-height: 26px"><span class="col statcol"><em>HP<\/em><br>109<\/span> <span class="col statcol"><em>Atk<\/em><br>78<\/span> <span class="col statcol"><em>Def<\/em><br>83<\/span> <span class="col statcol"><em>SpA<\/em><br>72<\/span> <span class="col statcol"><em>SpD<\/em><br>87<\/span> <span class="col statcol"><em>Spe<\/em><br>66<\/span> <\/span><\/li><li style="clear: both"><\/li><\/ul>
|-hint|Musasoar was created by Violet!
|turn|15
|
|t:|1658357793
|move|p1a: Paraíso|Substitute|p1a: Paraíso
|-start|p1a: Paraíso|Substitute
|-damage|p1a: Paraíso|75\/100
|move|p2a: Shiinotic|Draining Kiss|p1a: Paraíso
|-end|p1a: Paraíso|Substitute
|
|upkeep
|turn|16
|
|t:|1658357800
|move|p1a: Paraíso|Substitute|p1a: Paraíso
|-start|p1a: Paraíso|Substitute
|-damage|p1a: Paraíso|50\/100
|-enditem|p1a: Paraíso|Sitrus Berry|[eat]
|-heal|p1a: Paraíso|75\/100|[from] item: Sitrus Berry
|move|p2a: Shiinotic|Draining Kiss|p1a: Paraíso
|-end|p1a: Paraíso|Substitute
|
|-sideend|p2: god of joe|Reflect
|-item|p1a: Paraíso|Sitrus Berry|[from] ability: Harvest
|upkeep
|turn|17
|
|t:|1658357805
|switch|p1a: Aurora|Milotic, F|72\/100 slp
|move|p2a: Shiinotic|Draining Kiss|p1a: Aurora
|-damage|p1a: Aurora|23\/100 slp
|
|-heal|p1a: Aurora|29\/100 slp|[from] item: Leftovers
|upkeep
|turn|18
|
|t:|1658357813
|move|p2a: Shiinotic|Draining Kiss|p1a: Aurora
|-damage|p1a: Aurora|0 fnt
|faint|p1a: Aurora
|
|upkeep
|
|t:|1658357816
|switch|p1a: Bandit Camp|Krookodile, F|88\/100
|-ability|p1a: Bandit Camp|Intimidate|boost
|-unboost|p2a: Shiinotic|atk|1
|turn|19
|
|t:|1658357824
|switch|p2a: Mienshao|Mienshao-Yaoguai, F|83\/100
|-start|p2a: Mienshao|typechange|Fighting\/Ghost|[silent]
|move|p1a: Bandit Camp|Earthquake|p2a: Mienshao
|-damage|p2a: Mienshao|0 fnt
|faint|p2a: Mienshao
|
|upkeep
|
|t:|1658357825
|switch|p2a: Whiscazu|Whiscazu, F|100\/100
|-start|p2a: Whiscazu|typechange|Water\/Ground|[silent]
|raw|<ul class="utilichart"><li class="result"><span class="col pokemonnamecol" style="white-space: nowrap">Whiscazu<\/span> <span class="col typecol"><img src="https:\/\/dragonheaven.herokuapp.com\/sprites\/types\/Water.png" alt="Water" height="14" width="32"><img src="https:\/\/dragonheaven.herokuapp.com\/sprites\/types\/Ground.png" alt="Ground" height="14" width="32"><\/span> <span style="float: left ; min-height: 26px"><span class="col abilitycol">Oblivious \/ Cheek Pouch \/ Hydration<\/span><span class="col abilitycol"><\/span><\/span><\/li><li style="clear: both"><\/li><\/ul>
|raw|<ul class="utilichart"><li class="result"><span style="float: left ; min-height: 26px"><span class="col statcol"><em>HP<\/em><br>110<\/span> <span class="col statcol"><em>Atk<\/em><br>78<\/span> <span class="col statcol"><em>Def<\/em><br>78<\/span> <span class="col statcol"><em>SpA<\/em><br>116<\/span> <span class="col statcol"><em>SpD<\/em><br>81<\/span> <span class="col statcol"><em>Spe<\/em><br>70<\/span> <\/span><\/li><li style="clear: both"><\/li><\/ul>
|-hint|Whiscazu was created by ausma!
|turn|20
|
|t:|1658357834
|switch|p1a: Paraíso|Musasoar, F|75\/100
|-start|p1a: Paraíso|typechange|Grass\/Flying|[silent]
|move|p2a: Whiscazu|Scald|p1a: Paraíso
|-resisted|p1a: Paraíso
|-crit|p1a: Paraíso
|-damage|p1a: Paraíso|44\/100
|-enditem|p1a: Paraíso|Sitrus Berry|[eat]
|-heal|p1a: Paraíso|69\/100|[from] item: Sitrus Berry
|
|-item|p1a: Paraíso|Sitrus Berry|[from] ability: Harvest
|upkeep
|turn|21
|
|t:|1658357838
|switch|p2a: Shiinotic|Shiinotic-Kalos, M|100\/100
|-start|p2a: Shiinotic|typechange|Poison\/Fairy|[silent]
|move|p1a: Paraíso|Substitute|p1a: Paraíso
|-start|p1a: Paraíso|Substitute
|-damage|p1a: Paraíso|44\/100
|-enditem|p1a: Paraíso|Sitrus Berry|[eat]
|-heal|p1a: Paraíso|69\/100|[from] item: Sitrus Berry
|
|-item|p1a: Paraíso|Sitrus Berry|[from] ability: Harvest
|upkeep
|turn|22
|
|t:|1658357844
|move|p1a: Paraíso|Dragon Dance|p1a: Paraíso
|-boost|p1a: Paraíso|atk|1
|-boost|p1a: Paraíso|spe|1
|move|p2a: Shiinotic|Acid Spray|p1a: Paraíso
|-supereffective|p1a: Paraíso
|-end|p1a: Paraíso|Substitute
|
|upkeep
|turn|23
|
|t:|1658357886
|move|p1a: Paraíso|Substitute|p1a: Paraíso
|-start|p1a: Paraíso|Substitute
|-damage|p1a: Paraíso|44\/100
|-enditem|p1a: Paraíso|Sitrus Berry|[eat]
|-heal|p1a: Paraíso|69\/100|[from] item: Sitrus Berry
|move|p2a: Shiinotic|Acid Spray|p1a: Paraíso
|-supereffective|p1a: Paraíso
|-end|p1a: Paraíso|Substitute
|
|-item|p1a: Paraíso|Sitrus Berry|[from] ability: Harvest
|upkeep
|turn|24
|
|t:|1658357908
|move|p1a: Paraíso|Dragon Dance|p1a: Paraíso
|-boost|p1a: Paraíso|atk|1
|-boost|p1a: Paraíso|spe|1
|move|p2a: Shiinotic|Acid Spray|p1a: Paraíso
|-supereffective|p1a: Paraíso
|-damage|p1a: Paraíso|0 fnt
|faint|p1a: Paraíso
|
|upkeep
|
|t:|1658357911
|switch|p1a: Bandit Camp|Krookodile, F|88\/100
|-ability|p1a: Bandit Camp|Intimidate|boost
|-unboost|p2a: Shiinotic|atk|1
|turn|25
|
|t:|1658357913
|move|p1a: Bandit Camp|Earthquake|p2a: Shiinotic
|-supereffective|p2a: Shiinotic
|-damage|p2a: Shiinotic|0 fnt
|faint|p2a: Shiinotic
|
|upkeep
|
|t:|1658357915
|switch|p2a: Whiscazu|Whiscazu, F|100\/100
|-start|p2a: Whiscazu|typechange|Water\/Ground|[silent]
|turn|26
|
|t:|1658357916
|move|p1a: Bandit Camp|Earthquake|p2a: Whiscazu
|-damage|p2a: Whiscazu|51\/100
|move|p2a: Whiscazu|Scald|p1a: Bandit Camp
|-supereffective|p1a: Bandit Camp
|-damage|p1a: Bandit Camp|0 fnt
|faint|p1a: Bandit Camp
|
|win|god of joe
|l|☆Violettes</script>
</div>
<div class="battle-log battle-log-inline"><div class="inner"><div class="battle-options"><div style="padding-top: 3px; padding-right: 3px; text-align: right"><button class="icon button" name="openBattleOptions" title="Options">Battle Options</button></div></div><div class="inner message-log"><div class="chat"><small>☆Violettes and ☆god of joe joined</small></div><div class=""><small>Format:</small> <br><strong>[Gen 8] Evolution Project</strong></div><div class=""><small><em>HP Percentage Mod:</em> HP is shown in percentages</small></div><div class=""><small><em>Endless Battle Clause:</em> Forcing endless battles is banned</small></div><div class=""><small><em>OHKO Clause:</em> OHKO moves are banned</small></div><div class=""><small><em>Evasion Moves Clause:</em> Evasion moves are banned</small></div><div class=""><small><em>Species Clause:</em> Limit one of each Pokémon</small></div><div class=""><small><em>Dynamax Clause:</em> You cannot dynamax</small></div><div class=""><small><em>Sleep Clause Mod:</em> Limit one foe put to sleep</small></div><div class=""><small><em>Z-Move Clause:</em> Type-based Z-Moves are banned</small></div><div class="chat battle-history"><strong>Violettes's team:</strong> <em style="color:#445566;display:block;">Musasoar / Milotic / Mantine-Variant / Noivern-Variant / Bronzong / Krookodile</em></div><div class="chat battle-history"><strong>god of joe's team:</strong> <em style="color:#445566;display:block;">Skiversnow / Sandslash-Alola / Eclipseroid / Whiscazu / Shiinotic-Kalos / Mienshao-Yaoguai</em></div><div class="chat"><small>~inkbug1 joined</small></div><div class="spacer battle-history"><br></div><div class="battle-history">Battle started between Violettes and god of joe!<br></div><div class="spacer battle-history"><br></div><div class="battle-history">Go! Bandit Camp (<strong>Krookodile</strong>)!<br></div><div class="spacer battle-history"><br></div><div class="battle-history">god of joe sent out <strong>Skiversnow</strong>!<br></div><div class="battle-history">[Bandit Camp's Intimidate]<br></div><div class="battle-history"><small>The opposing Skiversnow's Attack fell!</small><br></div><div class="chat"><ul class="utilichart"><li class="result"><span class="col pokemonnamecol" style="white-space: nowrap">Skiversnow</span> <span class="col typecol"><img src="https://dragonheaven.herokuapp.com/sprites/types/Grass.png" alt="Grass" height="14" width="32"><img src="https://dragonheaven.herokuapp.com/sprites/types/Ice.png" alt="Ice" height="14" width="32"></span> <span style="float: left ; min-height: 26px"><span class="col abilitycol">Snow Warning / Pressure</span><span class="col abilitycol"></span></span></li><li style="clear: both"></li></ul></div><div class="chat"><ul class="utilichart"><li class="result"><span style="float: left ; min-height: 26px"><span class="col statcol"><em>HP</em><br>90</span> <span class="col statcol"><em>Atk</em><br>92</span> <span class="col statcol"><em>Def</em><br>55</span> <span class="col statcol"><em>SpA</em><br>92</span> <span class="col statcol"><em>SpD</em><br>65</span> <span class="col statcol"><em>Spe</em><br>100</span> </span></li><li style="clear: both"></li></ul></div><div class="battle-history"><small>(Skiversnow was created by ausma!)</small><br></div><div class="battle-history">[The opposing Skiversnow's Snow Warning]<br><small>It started to hail!</small><br></div><div class="spacer battle-history"><br></div><h2 class="battle-history">Turn 1</h2><div class="spacer battle-history"><br></div><div class="battle-history">Bandit Camp used <strong>Stone Edge</strong>!<br></div><div class="battle-history"><small>It's super effective!</small><br></div><div class="battle-history"><small>(The opposing Skiversnow lost 100% of its health!)</small><br></div><div class="spacer battle-history"><br></div><div class="battle-history">The opposing Skiversnow fainted!<br></div><div class="spacer battle-history"><br></div><div class="battle-history"><small>(The hail is crashing down.)</small><br></div><div class="battle-history"><small>Bandit Camp is buffeted by the hail!</small><br></div><div class="spacer battle-history"><br></div><div class="battle-history">god of joe sent out Sandslash (<strong>Sandslash-Alola</strong>)!<br></div><div class="spacer battle-history"><br></div><h2 class="battle-history">Turn 2</h2><div class="spacer battle-history"><br></div><div class="battle-history">Bandit Camp, come back!<br></div><div class="battle-history">Go! Lagi Pa'ia (<strong>Mantine-Variant</strong>)!<br></div><div class="chat"><ul class="utilichart"><li class="result"><span class="col pokemonnamecol" style="white-space: nowrap">Mantine-Variant</span> <span class="col typecol"><img src="https://dragonheaven.herokuapp.com/sprites/types/Fire.png" alt="Fire" height="14" width="32"></span> <span style="float: left ; min-height: 26px"><span class="col abilitycol">Cloud Nine / Levitate / Flame Body</span><span class="col abilitycol"></span></span></li><li style="clear: both"></li></ul></div><div class="chat"><ul class="utilichart"><li class="result"><span style="float: left ; min-height: 26px"><span class="col statcol"><em>HP</em><br>85</span> <span class="col statcol"><em>Atk</em><br>40</span> <span class="col statcol"><em>Def</em><br>70</span> <span class="col statcol"><em>SpA</em><br>70</span> <span class="col statcol"><em>SpD</em><br>140</span> <span class="col statcol"><em>Spe</em><br>80</span> </span></li><li style="clear: both"></li></ul></div><div class="battle-history"><small>(Mantine-Variant was created by Violet!)</small><br></div><div class="spacer battle-history"><br></div><div class="battle-history">The opposing Sandslash used <strong>Swords Dance</strong>!<br></div><div class="battle-history"><small>The opposing Sandslash's Attack rose sharply!</small><br></div><div class="spacer battle-history"><br></div><div class="battle-history"><small>(The hail is crashing down.)</small><br></div><div class="battle-history"><small>Lagi Pa'ia is buffeted by the hail!</small><br></div><div class="spacer battle-history"><br></div><h2 class="battle-history">Turn 3</h2><div class="spacer battle-history"><br></div><div class="battle-history">god of joe withdrew Sandslash!<br></div><div class="battle-history">god of joe sent out <strong>Eclipseroid</strong>!<br></div><div class="chat"><ul class="utilichart"><li class="result"><span class="col pokemonnamecol" style="white-space: nowrap">Eclipseroid</span> <span class="col typecol"><img src="https://dragonheaven.herokuapp.com/sprites/types/Rock.png" alt="Rock" height="14" width="32"><img src="https://dragonheaven.herokuapp.com/sprites/types/Ghost.png" alt="Ghost" height="14" width="32"></span> <span style="float: left ; min-height: 26px"><span class="col abilitycol">Levitate</span><span class="col abilitycol"></span></span></li><li style="clear: both"></li></ul></div><div class="chat"><ul class="utilichart"><li class="result"><span style="float: left ; min-height: 26px"><span class="col statcol"><em>HP</em><br>90</span> <span class="col statcol"><em>Atk</em><br>100</span> <span class="col statcol"><em>Def</em><br>90</span> <span class="col statcol"><em>SpA</em><br>100</span> <span class="col statcol"><em>SpD</em><br>90</span> <span class="col statcol"><em>Spe</em><br>70</span> </span></li><li style="clear: both"></li></ul></div><div class="battle-history"><small>(Eclipseroid was created by ausma!)</small><br></div><div class="spacer battle-history"><br></div><div class="battle-history">Lagi Pa'ia used <strong>Flamethrower</strong>!<br></div><div class="battle-history"><small>It's not very effective...</small><br></div><div class="battle-history"><small>(The opposing Eclipseroid lost 13% of its health!)</small><br></div><div class="spacer battle-history"><br></div><div class="battle-history"><small>(The hail is crashing down.)</small><br></div><div class="battle-history"><small>The opposing Eclipseroid is buffeted by the hail!</small><br></div><div class="battle-history"><small>Lagi Pa'ia is buffeted by the hail!</small><br></div><div class="spacer battle-history"><br></div><h2 class="battle-history">Turn 4</h2><div class="spacer battle-history"><br></div><div class="battle-history">The opposing Eclipseroid used <strong>Meteor Beam</strong>!<br></div><div class="battle-history">The opposing Eclipseroid is overflowing with space power!<br></div><div class="battle-history"><small>The opposing Eclipseroid's Sp. Atk rose!</small><br></div><div class="battle-history"><small>The opposing Eclipseroid became fully charged due to its Power Herb!</small><br></div><div class="battle-history"><small>It's super effective!</small><br></div><div class="battle-history"><small>(Lagi Pa'ia lost 88% of its health!)</small><br></div><div class="spacer battle-history"><br></div><div class="battle-history">Lagi Pa'ia fainted!<br></div><div class="spacer battle-history"><br></div><div class="battle-history"><small>(The hail is crashing down.)</small><br></div><div class="battle-history"><small>The opposing Eclipseroid is buffeted by the hail!</small><br></div><div class="spacer battle-history"><br></div><div class="battle-history">Go! Bandit Camp (<strong>Krookodile</strong>)!<br></div><div class="battle-history">[Bandit Camp's Intimidate]<br></div><div class="battle-history"><small>The opposing Eclipseroid's Attack fell!</small><br></div><div class="spacer battle-history"><br></div><h2 class="battle-history">Turn 5</h2><div class="spacer battle-history"><br></div><div class="battle-history">Bandit Camp used <strong>Knock Off</strong>!<br></div><div class="battle-history"><small>It's super effective!</small><br></div><div class="battle-history"><small>A critical hit!</small><br></div><div class="battle-history"><small>(The opposing Eclipseroid lost 74% of its health!)</small><br></div><div class="spacer battle-history"><br></div><div class="battle-history">The opposing Eclipseroid fainted!<br></div><div class="spacer battle-history"><br></div><div class="battle-history"><small>(The hail is crashing down.)</small><br></div><div class="battle-history"><small>Bandit Camp is buffeted by the hail!</small><br></div><div class="spacer battle-history"><br></div><div class="battle-history">god of joe sent out Sandslash (<strong>Sandslash-Alola</strong>)!<br></div><div class="spacer battle-history"><br></div><h2 class="battle-history">Turn 6</h2><div class="spacer battle-history"><br></div><div class="battle-history">Bandit Camp, come back!<br></div><div class="battle-history">Go! Strongpoint (<strong>Bronzong</strong>)!<br></div><div class="spacer battle-history"><br></div><div class="battle-history">The opposing Sandslash used <strong>Swords Dance</strong>!<br></div><div class="battle-history"><small>The opposing Sandslash's Attack rose sharply!</small><br></div><div class="spacer battle-history"><br></div><div class="battle-history"><small>(The hail is crashing down.)</small><br></div><div class="battle-history"><small>Strongpoint is buffeted by the hail!</small><br></div><div class="battle-history"><small>Strongpoint restored a little HP using its Leftovers!</small><br></div><div class="spacer battle-history"><br></div><h2 class="battle-history">Turn 7</h2><div class="spacer battle-history"><br></div><div class="battle-history">The opposing Sandslash used <strong>Knock Off</strong>!<br></div><div class="battle-history"><small>It's super effective!</small><br></div><div class="battle-history"><small>(Strongpoint lost 84% of its health!)</small><br></div><div class="battle-history"><small>The opposing Sandslash knocked off Strongpoint's Leftovers!</small><br></div><div class="spacer battle-history"><br></div><div class="battle-history">Strongpoint used <strong>Body Press</strong>!<br></div><div class="battle-history"><small>It's super effective!</small><br></div><div class="battle-history"><small>(The opposing Sandslash lost 100% of its health!)</small><br></div><div class="spacer battle-history"><br></div><div class="battle-history">The opposing Sandslash fainted!<br></div><div class="spacer battle-history"><br></div><div class="battle-history"><small>(The hail is crashing down.)</small><br></div><div class="battle-history"><small>Strongpoint is buffeted by the hail!</small><br></div><div class="spacer battle-history"><br></div><div class="battle-history">god of joe sent out Mienshao (<strong>Mienshao-Yaoguai</strong>)!<br></div><div class="chat"><ul class="utilichart"><li class="result"><span class="col pokemonnamecol" style="white-space: nowrap">Mienshao-Yaoguai</span> <span class="col typecol"><img src="https://dragonheaven.herokuapp.com/sprites/types/Fighting.png" alt="Fighting" height="14" width="32"><img src="https://dragonheaven.herokuapp.com/sprites/types/Ghost.png" alt="Ghost" height="14" width="32"></span> <span style="float: left ; min-height: 26px"><span class="col abilitycol">Inner Focus / Prankster / Berserk</span><span class="col abilitycol"></span></span></li><li style="clear: both"></li></ul></div><div class="chat"><ul class="utilichart"><li class="result"><span style="float: left ; min-height: 26px"><span class="col statcol"><em>HP</em><br>65</span> <span class="col statcol"><em>Atk</em><br>125</span> <span class="col statcol"><em>Def</em><br>60</span> <span class="col statcol"><em>SpA</em><br>105</span> <span class="col statcol"><em>SpD</em><br>60</span> <span class="col statcol"><em>Spe</em><br>95</span> </span></li><li style="clear: both"></li></ul></div><div class="battle-history"><small>(Mienshao-Yaoguai was created by Hematite!)</small><br></div><div class="spacer battle-history"><br></div><h2 class="battle-history">Turn 8</h2><div class="spacer battle-history"><br></div><div class="battle-history">The opposing Mienshao used <strong>Shadow Ball</strong>!<br></div><div class="battle-history"><small>It's super effective!</small><br></div><div class="battle-history"><small>(Strongpoint lost 10% of its health!)</small><br></div><div class="spacer battle-history"><br></div><div class="battle-history">Strongpoint fainted!<br></div><div class="spacer battle-history"><br></div><div class="battle-history"><small>The hail stopped.</small><br></div><div class="spacer battle-history"><br></div><div class="battle-history">Go! Bandit Camp (<strong>Krookodile</strong>)!<br></div><div class="battle-history">[Bandit Camp's Intimidate]<br></div><div class="battle-history"><small>The opposing Mienshao's Attack fell!</small><br></div><div class="spacer battle-history"><br></div><h2 class="battle-history">Turn 9</h2><div class="spacer battle-history"><br></div><div class="battle-history">The opposing Mienshao used <strong>Reflect</strong>!<br></div><div class="battle-history"><small>Reflect made the opposing team stronger against physical moves!</small><br></div><div class="spacer battle-history"><br></div><div class="battle-history">Bandit Camp used <strong>Pursuit</strong>!<br></div><div class="battle-history"><small>(The opposing Mienshao lost 17% of its health!)</small><br></div><div class="spacer battle-history"><br></div><h2 class="battle-history">Turn 10</h2><div class="spacer battle-history"><br></div><div class="battle-history">Bandit Camp, come back!<br></div><div class="battle-history">Go! Aurora (<strong>Milotic</strong>)!<br></div><div class="spacer battle-history"><br></div><div class="battle-history">The opposing Mienshao used <strong>Close Combat</strong>!<br></div><div class="battle-history"><small>(Aurora lost 32% of its health!)</small><br></div><div class="battle-history"><small>The opposing Mienshao's Defense fell!</small><br></div><div class="battle-history"><small>The opposing Mienshao's Sp. Def fell!</small><br></div><div class="spacer battle-history"><br></div><div class="battle-history"><small>Aurora restored a little HP using its Leftovers!</small><br></div><div class="spacer battle-history"><br></div><h2 class="battle-history">Turn 11</h2><div class="spacer battle-history"><br></div><div class="battle-history">The opposing Mienshao used <strong>U-turn</strong>!<br></div><div class="battle-history"><small>(Aurora lost 14% of its health!)</small><br></div><div class="spacer battle-history"><br></div><div class="battle-history">The opposing Mienshao went back to god of joe!<br></div><div class="battle-history">god of joe sent out Shiinotic (<strong>Shiinotic-Kalos</strong>)!<br></div><div class="chat"><ul class="utilichart"><li class="result"><span class="col pokemonnamecol" style="white-space: nowrap">Shiinotic-Kalos</span> <span class="col typecol"><img src="https://dragonheaven.herokuapp.com/sprites/types/Poison.png" alt="Poison" height="14" width="32"><img src="https://dragonheaven.herokuapp.com/sprites/types/Fairy.png" alt="Fairy" height="14" width="32"></span> <span style="float: left ; min-height: 26px"><span class="col abilitycol">Illuminate / Effect Spore / Technician</span><span class="col abilitycol"></span></span></li><li style="clear: both"></li></ul></div><div class="chat"><ul class="utilichart"><li class="result"><span style="float: left ; min-height: 26px"><span class="col statcol"><em>HP</em><br>60</span> <span class="col statcol"><em>Atk</em><br>61</span> <span class="col statcol"><em>Def</em><br>60</span> <span class="col statcol"><em>SpA</em><br>90</span> <span class="col statcol"><em>SpD</em><br>80</span> <span class="col statcol"><em>Spe</em><br>54</span> </span></li><li style="clear: both"></li></ul></div><div class="battle-history"><small>(Shiinotic-Kalos was created by Hematite!)</small><br></div><div class="spacer battle-history"><br></div><div class="battle-history">Aurora used <strong>Scald</strong>!<br></div><div class="battle-history"><small>(The opposing Shiinotic lost 39% of its health!)</small><br></div><div class="spacer battle-history"><br></div><div class="battle-history"><small>Aurora restored a little HP using its Leftovers!</small><br></div><div class="spacer battle-history"><br></div><h2 class="battle-history">Turn 12</h2><div class="spacer battle-history"><br></div><div class="battle-history">The opposing Shiinotic used <strong>Spore</strong>!<br></div><div class="battle-history"><small>Aurora fell asleep!</small><br></div><div class="spacer battle-history"><br></div><div class="battle-history">Aurora is fast asleep.<br></div><div class="spacer battle-history"><br></div><div class="battle-history"><small>Aurora restored a little HP using its Leftovers!</small><br></div><div class="spacer battle-history"><br></div><h2 class="battle-history">Turn 13</h2><div class="spacer battle-history"><br></div><div class="battle-history">Aurora, come back!<br></div><div class="battle-history">Go! Beatbox (<strong>Noivern-Variant</strong>)!<br></div><div class="chat"><ul class="utilichart"><li class="result"><span class="col pokemonnamecol" style="white-space: nowrap">Noivern-Variant</span> <span class="col typecol"><img src="https://dragonheaven.herokuapp.com/sprites/types/Fighting.png" alt="Fighting" height="14" width="32"><img src="https://dragonheaven.herokuapp.com/sprites/types/Dragon.png" alt="Dragon" height="14" width="32"></span> <span style="float: left ; min-height: 26px"><span class="col abilitycol">Levitate</span><span class="col abilitycol"></span></span></li><li style="clear: both"></li></ul></div><div class="chat"><ul class="utilichart"><li class="result"><span style="float: left ; min-height: 26px"><span class="col statcol"><em>HP</em><br>95</span> <span class="col statcol"><em>Atk</em><br>70</span> <span class="col statcol"><em>Def</em><br>80</span> <span class="col statcol"><em>SpA</em><br>97</span> <span class="col statcol"><em>SpD</em><br>80</span> <span class="col statcol"><em>Spe</em><br>113</span> </span></li><li style="clear: both"></li></ul></div><div class="battle-history"><small>(Noivern-Variant was created by Hematite!)</small><br></div><div class="spacer battle-history"><br></div><div class="battle-history">The opposing Shiinotic used <strong>Nasty Plot</strong>!<br></div><div class="battle-history"><small>The opposing Shiinotic's Sp. Atk rose sharply!</small><br></div><div class="spacer battle-history"><br></div><h2 class="battle-history">Turn 14</h2><div class="spacer battle-history"><br></div><div class="battle-history">Beatbox used <strong>Switcheroo</strong>!<br></div><div class="battle-history"><small>Beatbox switched items with its target!</small><br></div><div class="battle-history"><small>The opposing Shiinotic obtained one Choice Specs.</small><br></div><div class="battle-history"><small>Beatbox obtained one Life Orb.</small><br></div><div class="spacer battle-history"><br></div><div class="battle-history">The opposing Shiinotic used <strong>Draining Kiss</strong>!<br></div><div class="battle-history"><small>It's super effective!</small><br></div><div class="battle-history"><small>(Beatbox lost 100% of its health!)</small><br></div><div class="battle-history"><small>Beatbox had its energy drained!</small><br></div><div class="spacer battle-history"><br></div><div class="battle-history">Beatbox fainted!<br></div><div class="spacer battle-history"><br></div><div class="battle-history">Go! Paraíso (<strong>Musasoar</strong>)!<br></div><div class="chat"><ul class="utilichart"><li class="result"><span class="col pokemonnamecol" style="white-space: nowrap">Musasoar</span> <span class="col typecol"><img src="https://dragonheaven.herokuapp.com/sprites/types/Grass.png" alt="Grass" height="14" width="32"><img src="https://dragonheaven.herokuapp.com/sprites/types/Flying.png" alt="Flying" height="14" width="32"></span> <span style="float: left ; min-height: 26px"><span class="col abilitycol">Chlorophyll / Leaf Guard / Harvest</span><span class="col abilitycol"></span></span></li><li style="clear: both"></li></ul></div><div class="chat"><ul class="utilichart"><li class="result"><span style="float: left ; min-height: 26px"><span class="col statcol"><em>HP</em><br>109</span> <span class="col statcol"><em>Atk</em><br>78</span> <span class="col statcol"><em>Def</em><br>83</span> <span class="col statcol"><em>SpA</em><br>72</span> <span class="col statcol"><em>SpD</em><br>87</span> <span class="col statcol"><em>Spe</em><br>66</span> </span></li><li style="clear: both"></li></ul></div><div class="battle-history"><small>(Musasoar was created by Violet!)</small><br></div><div class="spacer battle-history"><br></div><h2 class="battle-history">Turn 15</h2><div class="spacer battle-history"><br></div><div class="battle-history">Paraíso used <strong>Substitute</strong>!<br></div><div class="battle-history"><small>Paraíso put in a substitute!</small><br></div><div class="battle-history"><small>(Paraíso lost 25% of its health!)</small><br></div><div class="spacer battle-history"><br></div><div class="battle-history">The opposing Shiinotic used <strong>Draining Kiss</strong>!<br></div><div class="battle-history"><small>Paraíso's substitute faded!</small><br></div><div class="spacer battle-history"><br></div><h2 class="battle-history">Turn 16</h2><div class="spacer battle-history"><br></div><div class="battle-history">Paraíso used <strong>Substitute</strong>!<br></div><div class="battle-history"><small>Paraíso put in a substitute!</small><br></div><div class="battle-history"><small>(Paraíso lost 25% of its health!)</small><br></div><div class="battle-history"><small>(Paraíso ate its Sitrus Berry!)</small><br></div><div class="battle-history"><small>Paraíso restored HP using its Sitrus Berry!</small><br></div><div class="spacer battle-history"><br></div><div class="battle-history">The opposing Shiinotic used <strong>Draining Kiss</strong>!<br></div><div class="battle-history"><small>Paraíso's substitute faded!</small><br></div><div class="spacer battle-history"><br></div><div class="battle-history"><small>The opposing team's Reflect wore off!</small><br></div><div class="battle-history">[Paraíso's Harvest]<br><small>Paraíso harvested one Sitrus Berry!</small><br></div><div class="spacer battle-history"><br></div><h2 class="battle-history">Turn 17</h2><div class="spacer battle-history"><br></div><div class="battle-history">Paraíso, come back!<br></div><div class="battle-history">Go! Aurora (<strong>Milotic</strong>)!<br></div><div class="spacer battle-history"><br></div><div class="battle-history">The opposing Shiinotic used <strong>Draining Kiss</strong>!<br></div><div class="battle-history"><small>(Aurora lost 49% of its health!)</small><br></div><div class="spacer battle-history"><br></div><div class="battle-history"><small>Aurora restored a little HP using its Leftovers!</small><br></div><div class="spacer battle-history"><br></div><h2 class="battle-history">Turn 18</h2><div class="spacer battle-history"><br></div><div class="battle-history">The opposing Shiinotic used <strong>Draining Kiss</strong>!<br></div><div class="battle-history"><small>(Aurora lost 29% of its health!)</small><br></div><div class="spacer battle-history"><br></div><div class="battle-history">Aurora fainted!<br></div><div class="spacer battle-history"><br></div><div class="battle-history">Go! Bandit Camp (<strong>Krookodile</strong>)!<br></div><div class="battle-history">[Bandit Camp's Intimidate]<br></div><div class="battle-history"><small>The opposing Shiinotic's Attack fell!</small><br></div><div class="spacer battle-history"><br></div><h2 class="battle-history">Turn 19</h2><div class="spacer battle-history"><br></div><div class="battle-history">god of joe withdrew Shiinotic!<br></div><div class="battle-history">god of joe sent out Mienshao (<strong>Mienshao-Yaoguai</strong>)!<br></div><div class="spacer battle-history"><br></div><div class="battle-history">Bandit Camp used <strong>Earthquake</strong>!<br></div><div class="battle-history"><small>(The opposing Mienshao lost 83% of its health!)</small><br></div><div class="spacer battle-history"><br></div><div class="battle-history">The opposing Mienshao fainted!<br></div><div class="spacer battle-history"><br></div><div class="battle-history">god of joe sent out <strong>Whiscazu</strong>!<br></div><div class="chat"><ul class="utilichart"><li class="result"><span class="col pokemonnamecol" style="white-space: nowrap">Whiscazu</span> <span class="col typecol"><img src="https://dragonheaven.herokuapp.com/sprites/types/Water.png" alt="Water" height="14" width="32"><img src="https://dragonheaven.herokuapp.com/sprites/types/Ground.png" alt="Ground" height="14" width="32"></span> <span style="float: left ; min-height: 26px"><span class="col abilitycol">Oblivious / Cheek Pouch / Hydration</span><span class="col abilitycol"></span></span></li><li style="clear: both"></li></ul></div><div class="chat"><ul class="utilichart"><li class="result"><span style="float: left ; min-height: 26px"><span class="col statcol"><em>HP</em><br>110</span> <span class="col statcol"><em>Atk</em><br>78</span> <span class="col statcol"><em>Def</em><br>78</span> <span class="col statcol"><em>SpA</em><br>116</span> <span class="col statcol"><em>SpD</em><br>81</span> <span class="col statcol"><em>Spe</em><br>70</span> </span></li><li style="clear: both"></li></ul></div><div class="battle-history"><small>(Whiscazu was created by ausma!)</small><br></div><div class="spacer battle-history"><br></div><h2 class="battle-history">Turn 20</h2><div class="spacer battle-history"><br></div><div class="battle-history">Bandit Camp, come back!<br></div><div class="battle-history">Go! Paraíso (<strong>Musasoar</strong>)!<br></div><div class="spacer battle-history"><br></div><div class="battle-history">The opposing Whiscazu used <strong>Scald</strong>!<br></div><div class="battle-history"><small>It's not very effective...</small><br></div><div class="battle-history"><small>A critical hit!</small><br></div><div class="battle-history"><small>(Paraíso lost 31% of its health!)</small><br></div><div class="battle-history"><small>(Paraíso ate its Sitrus Berry!)</small><br></div><div class="battle-history"><small>Paraíso restored HP using its Sitrus Berry!</small><br></div><div class="spacer battle-history"><br></div><div class="battle-history">[Paraíso's Harvest]<br><small>Paraíso harvested one Sitrus Berry!</small><br></div><div class="spacer battle-history"><br></div><h2 class="battle-history">Turn 21</h2><div class="spacer battle-history"><br></div><div class="battle-history">god of joe withdrew Whiscazu!<br></div><div class="battle-history">god of joe sent out Shiinotic (<strong>Shiinotic-Kalos</strong>)!<br></div><div class="spacer battle-history"><br></div><div class="battle-history">Paraíso used <strong>Substitute</strong>!<br></div><div class="battle-history"><small>Paraíso put in a substitute!</small><br></div><div class="battle-history"><small>(Paraíso lost 25% of its health!)</small><br></div><div class="battle-history"><small>(Paraíso ate its Sitrus Berry!)</small><br></div><div class="battle-history"><small>Paraíso restored HP using its Sitrus Berry!</small><br></div><div class="spacer battle-history"><br></div><div class="battle-history">[Paraíso's Harvest]<br><small>Paraíso harvested one Sitrus Berry!</small><br></div><div class="spacer battle-history"><br></div><h2 class="battle-history">Turn 22</h2><div class="spacer battle-history"><br></div><div class="battle-history">Paraíso used <strong>Dragon Dance</strong>!<br></div><div class="battle-history"><small>Paraíso's Attack rose!</small><br></div><div class="battle-history"><small>Paraíso's Speed rose!</small><br></div><div class="spacer battle-history"><br></div><div class="battle-history">The opposing Shiinotic used <strong>Acid Spray</strong>!<br></div><div class="battle-history"><small>It's super effective!</small><br></div><div class="battle-history"><small>Paraíso's substitute faded!</small><br></div><div class="spacer battle-history"><br></div><h2 class="battle-history">Turn 23</h2><div class="spacer battle-history"><br></div><div class="battle-history">Paraíso used <strong>Substitute</strong>!<br></div><div class="battle-history"><small>Paraíso put in a substitute!</small><br></div><div class="battle-history"><small>(Paraíso lost 25% of its health!)</small><br></div><div class="battle-history"><small>(Paraíso ate its Sitrus Berry!)</small><br></div><div class="battle-history"><small>Paraíso restored HP using its Sitrus Berry!</small><br></div><div class="spacer battle-history"><br></div><div class="battle-history">The opposing Shiinotic used <strong>Acid Spray</strong>!<br></div><div class="battle-history"><small>It's super effective!</small><br></div><div class="battle-history"><small>Paraíso's substitute faded!</small><br></div><div class="spacer battle-history"><br></div><div class="battle-history">[Paraíso's Harvest]<br><small>Paraíso harvested one Sitrus Berry!</small><br></div><div class="spacer battle-history"><br></div><h2 class="battle-history">Turn 24</h2><div class="spacer battle-history"><br></div><div class="battle-history">Paraíso used <strong>Dragon Dance</strong>!<br></div><div class="battle-history"><small>Paraíso's Attack rose!</small><br></div><div class="battle-history"><small>Paraíso's Speed rose!</small><br></div><div class="spacer battle-history"><br></div><div class="battle-history">The opposing Shiinotic used <strong>Acid Spray</strong>!<br></div><div class="battle-history"><small>It's super effective!</small><br></div><div class="battle-history"><small>(Paraíso lost 69% of its health!)</small><br></div><div class="spacer battle-history"><br></div><div class="battle-history">Paraíso fainted!<br></div><div class="spacer battle-history"><br></div><div class="battle-history">Go! Bandit Camp (<strong>Krookodile</strong>)!<br></div><div class="battle-history">[Bandit Camp's Intimidate]<br></div><div class="battle-history"><small>The opposing Shiinotic's Attack fell!</small><br></div><div class="spacer battle-history"><br></div><h2 class="battle-history">Turn 25</h2><div class="spacer battle-history"><br></div><div class="battle-history">Bandit Camp used <strong>Earthquake</strong>!<br></div><div class="battle-history"><small>It's super effective!</small><br></div><div class="battle-history"><small>(The opposing Shiinotic lost 100% of its health!)</small><br></div><div class="spacer battle-history"><br></div><div class="battle-history">The opposing Shiinotic fainted!<br></div><div class="spacer battle-history"><br></div><div class="battle-history">god of joe sent out <strong>Whiscazu</strong>!<br></div><div class="spacer battle-history"><br></div><h2 class="battle-history">Turn 26</h2><div class="spacer battle-history"><br></div><div class="battle-history">Bandit Camp used <strong>Earthquake</strong>!<br></div><div class="battle-history"><small>(The opposing Whiscazu lost 49% of its health!)</small><br></div><div class="spacer battle-history"><br></div><div class="battle-history">The opposing Whiscazu used <strong>Scald</strong>!<br></div><div class="battle-history"><small>It's super effective!</small><br></div><div class="battle-history"><small>(Bandit Camp lost 88% of its health!)</small><br></div><div class="spacer battle-history"><br></div><div class="battle-history">Bandit Camp fainted!<br></div><div class="spacer battle-history"><br></div><div class="battle-history"><strong>god of joe</strong> won the battle!<br></div><div class="chat"><small>☆Violettes left</small></div></div><div class="inner-preempt message-log"></div></div></div>
</div>
<script>
let daily = Math.floor(Date.now()/1000/60/60/24);document.write('<script src="https://dragonheaven.herokuapp.com/js/replay-embed.js?version'+daily+'"></'+'script>');
</script>
