<!DOCTYPE html>
<meta charset="utf-8" />
<!-- version 1 -->
<title>[Gen 8] Evolution Project VGC replay: inkbug1 vs. H2OPulse</title>
<style>
html,body {font-family:Verdana, sans-serif;font-size:10pt;margin:0;padding:0;}body{padding:12px 0;} .battle-log {font-family:Verdana, sans-serif;font-size:10pt;} .battle-log-inline {border:1px solid #AAAAAA;background:#EEF2F5;color:black;max-width:640px;margin:0 auto 80px;padding-bottom:5px;} .battle-log .inner {padding:4px 8px 0px 8px;} .battle-log .inner-preempt {padding:0 8px 4px 8px;} .battle-log .inner-after {margin-top:0.5em;} .battle-log h2 {margin:0.5em -8px;padding:4px 8px;border:1px solid #AAAAAA;background:#E0E7EA;border-left:0;border-right:0;font-family:Verdana, sans-serif;font-size:13pt;} .battle-log .chat {vertical-align:middle;padding:3px 0 3px 0;font-size:8pt;} .battle-log .chat strong {color:#40576A;} .battle-log .chat em {padding:1px 4px 1px 3px;color:#000000;font-style:normal;} .chat.mine {background:rgba(0,0,0,0.05);margin-left:-8px;margin-right:-8px;padding-left:8px;padding-right:8px;} .spoiler {color:#BBBBBB;background:#BBBBBB;padding:0px 3px;} .spoiler:hover, .spoiler:active, .spoiler-shown {color:#000000;background:#E2E2E2;padding:0px 3px;} .spoiler a {color:#BBBBBB;} .spoiler:hover a, .spoiler:active a, .spoiler-shown a {color:#2288CC;} .chat code, .chat .spoiler:hover code, .chat .spoiler:active code, .chat .spoiler-shown code {border:1px solid #C0C0C0;background:#EEEEEE;color:black;padding:0 2px;} .chat .spoiler code {border:1px solid #CCCCCC;background:#CCCCCC;color:#CCCCCC;} .battle-log .rated {padding:3px 4px;} .battle-log .rated strong {color:white;background:#89A;padding:1px 4px;border-radius:4px;} .spacer {margin-top:0.5em;} .message-announce {background:#6688AA;color:white;padding:1px 4px 2px;} .message-announce a, .broadcast-green a, .broadcast-blue a, .broadcast-red a {color:#DDEEFF;} .broadcast-green {background-color:#559955;color:white;padding:2px 4px;} .broadcast-blue {background-color:#6688AA;color:white;padding:2px 4px;} .infobox {border:1px solid #6688AA;padding:2px 4px;} .infobox-limited {max-height:200px;overflow:auto;overflow-x:hidden;} .broadcast-red {background-color:#AA5544;color:white;padding:2px 4px;} .message-learn-canlearn {font-weight:bold;color:#228822;text-decoration:underline;} .message-learn-cannotlearn {font-weight:bold;color:#CC2222;text-decoration:underline;} .message-effect-weak {font-weight:bold;color:#CC2222;} .message-effect-resist {font-weight:bold;color:#6688AA;} .message-effect-immune {font-weight:bold;color:#666666;} .message-learn-list {margin-top:0;margin-bottom:0;} .message-throttle-notice, .message-error {color:#992222;} .message-overflow, .chat small.message-overflow {font-size:0pt;} .message-overflow::before {font-size:9pt;content:'...';} .subtle {color:#3A4A66;}
</style>
<div class="wrapper replay-wrapper" style="max-width:1180px;margin:0 auto">
<input type="hidden" name="replayid" value="dragonheaven-gen8evolutionprojectvgc-403" />
<div class="battle"></div><div class="battle-log"></div><div class="replay-controls"></div><div class="replay-controls-2"></div>
<h1 style="font-weight:normal;text-align:center"><strong>[Gen 8] Evolution Project VGC</strong><br /><a href="http://pokemonshowdown.com/users/inkbug1" class="subtle" target="_blank">inkbug1</a> vs. <a href="http://pokemonshowdown.com/users/h2opulse" class="subtle" target="_blank">H2OPulse</a></h1>
<script type="text/plain" class="battle-log-data">|j|☆inkbug1

|j|☆H2OPulse
|t:|1641707295
|player|p1|inkbug1|burgh|
|player|p2|H2OPulse|aetherfoundation|
|teamsize|p1|6
|teamsize|p2|6
|gametype|doubles
|gen|8
|tier|[Gen 8] Evolution Project VGC
|clearpoke
|poke|p1|Scrafiti, L50, F|
|poke|p1|Rubulwark, L50, M|
|poke|p1|Magcargo-Galar, L50, F|
|poke|p1|Cherrim, L50, M|
|poke|p1|Aromatisse, L50, M|
|poke|p1|Dusglow, L50, M|
|poke|p2|Arcanine, L50, M|
|poke|p2|Tsareena, L50, F|
|poke|p2|Falinks-Terracotta, L50, F|
|poke|p2|Rubulwark, L50, M|
|poke|p2|Mienshao-Yaoguai, L50, M|
|poke|p2|Persian-Alola, L50, M|
|rule|Species Clause: Limit one of each Pokémon
|rule|Item Clause: Limit one of each item
|rule|Dynamax Clause: You cannot dynamax
|rule|Z-Move Clause: Type-based Z-Moves are banned
|teampreview|4
|c|☆H2OPulse|:eyes:
|c|☆H2OPulse|Good luck and have fun OO:
|c|☆H2OPulse|This is your first team again, right? O:
|c|☆inkbug1|yeah
|
|t:|1641707370
|start
|switch|p1a: Magcargo|Magcargo-Galar, L50, F|167\/167
|switch|p1b: Aromatisse|Aromatisse, L50, M|207\/207
|switch|p2a: Laurel|Falinks-Terracotta, L50, F|48\/48
|switch|p2b: Lance|Arcanine, L50, M|48\/48
|-start|p1a: Magcargo|typechange|Steel\/Poison|[silent]
|raw|<ul class="utilichart"><li class="result"><span class="col pokemonnamecol" style="white-space: nowrap">Magcargo-Galar<\/span> <span class="col typecol"><img src="https:\/\/play.pokemonshowdown.com\/sprites\/types\/Steel.png" alt="Steel" height="14" width="32"><img src="https:\/\/play.pokemonshowdown.com\/sprites\/types\/Poison.png" alt="Poison" height="14" width="32"><\/span> <span style="float: left ; min-height: 26px"><span class="col abilitycol">Steam Engine \/ Flame Body \/ Gooey<\/span><span class="col abilitycol"><\/span><\/span><\/li><li style="clear: both"><\/li><\/ul>
|raw|<ul class="utilichart"><li class="result"><span style="float: left ; min-height: 26px"><span class="col statcol"><em>HP<\/em><br>60<\/span> <span class="col statcol"><em>Atk<\/em><br>50<\/span> <span class="col statcol"><em>Def<\/em><br>60<\/span> <span class="col statcol"><em>SpA<\/em><br>90<\/span> <span class="col statcol"><em>SpD<\/em><br>60<\/span> <span class="col statcol"><em>Spe<\/em><br>110<\/span> <\/span><\/li><li style="clear: both"><\/li><\/ul>
|-hint|Magcargo-Galar was created by quagsi!
|-start|p2a: Laurel|typechange|Fighting\/Rock|[silent]
|raw|<ul class="utilichart"><li class="result"><span class="col pokemonnamecol" style="white-space: nowrap">Falinks-Terracotta<\/span> <span class="col typecol"><img src="https:\/\/play.pokemonshowdown.com\/sprites\/types\/Fighting.png" alt="Fighting" height="14" width="32"><img src="https:\/\/play.pokemonshowdown.com\/sprites\/types\/Rock.png" alt="Rock" height="14" width="32"><\/span> <span style="float: left ; min-height: 26px"><span class="col abilitycol">Solid Rock \/ Skill Link \/ Defiant<\/span><span class="col abilitycol"><\/span><\/span><\/li><li style="clear: both"><\/li><\/ul>
|raw|<ul class="utilichart"><li class="result"><span style="float: left ; min-height: 26px"><span class="col statcol"><em>HP<\/em><br>65<\/span> <span class="col statcol"><em>Atk<\/em><br>100<\/span> <span class="col statcol"><em>Def<\/em><br>100<\/span> <span class="col statcol"><em>SpA<\/em><br>60<\/span> <span class="col statcol"><em>SpD<\/em><br>60<\/span> <span class="col statcol"><em>Spe<\/em><br>85<\/span> <\/span><\/li><li style="clear: both"><\/li><\/ul>
|-hint|Falinks-Terracotta was created by Hematite!
|-ability|p2b: Lance|Intimidate|boost
|-unboost|p1a: Magcargo|atk|1
|-unboost|p1b: Aromatisse|atk|1
|turn|1
|
|t:|1641707396
|move|p2a: Laurel|Protect|p2a: Laurel
|-singleturn|p2a: Laurel|Protect
|move|p1a: Magcargo|After You|p1b: Aromatisse
|-activate|p1b: Aromatisse|move: After You
|move|p1b: Aromatisse|Misty Terrain|p1b: Aromatisse
|-fieldstart|move: Misty Terrain
|move|p2b: Lance|Heat Wave|p1a: Magcargo|[spread] p1a,p1b
|-supereffective|p1a: Magcargo
|-damage|p1a: Magcargo|27\/167
|-damage|p1b: Aromatisse|171\/207
|-ability|p1a: Magcargo|Steam Engine|boost
|-boost|p1a: Magcargo|spe|6
|
|upkeep
|turn|2
|c|☆H2OPulse|HUH.
|c|☆H2OPulse|okay
|c|☆inkbug1|oh well i was 
|c|☆inkbug1|gonna switch out
|c|☆inkbug1|um 
|c|☆inkbug1|uh
|c|☆H2OPulse|ksjdhbf
|j| SimpyShrimp
|
|t:|1641707456
|move|p2b: Lance|Extreme Speed|p1b: Aromatisse
|-damage|p1b: Aromatisse|120\/207
|move|p1a: Magcargo|Reflect|p1a: Magcargo
|-sidestart|p1: inkbug1|Reflect
|move|p2a: Laurel|Rock Slide|p1a: Magcargo|[spread] p1a,p1b
|-resisted|p1a: Magcargo
|-damage|p1a: Magcargo|9\/167
|-damage|p1b: Aromatisse|88\/207
|move|p1b: Aromatisse|Trick Room|p1b: Aromatisse
|-fieldstart|move: Trick Room|[of] p1b: Aromatisse
|
|upkeep
|turn|3
|
|t:|1641707479
|switch|p1a: Rubulwark|Rubulwark, L50, M|194\/194
|-start|p1a: Rubulwark|typechange|Dragon\/Rock|[silent]
|raw|<ul class="utilichart"><li class="result"><span class="col pokemonnamecol" style="white-space: nowrap">Rubulwark<\/span> <span class="col typecol"><img src="https:\/\/play.pokemonshowdown.com\/sprites\/types\/Dragon.png" alt="Dragon" height="14" width="32"><img src="https:\/\/play.pokemonshowdown.com\/sprites\/types\/Rock.png" alt="Rock" height="14" width="32"><\/span> <span style="float: left ; min-height: 26px"><span class="col abilitycol">Weak Armor \/ Sheer Force \/ Mold Breaker<\/span><span class="col abilitycol"><\/span><\/span><\/li><li style="clear: both"><\/li><\/ul>
|raw|<ul class="utilichart"><li class="result"><span style="float: left ; min-height: 26px"><span class="col statcol"><em>HP<\/em><br>87<\/span> <span class="col statcol"><em>Atk<\/em><br>160<\/span> <span class="col statcol"><em>Def<\/em><br>90<\/span> <span class="col statcol"><em>SpA<\/em><br>60<\/span> <span class="col statcol"><em>SpD<\/em><br>90<\/span> <span class="col statcol"><em>Spe<\/em><br>38<\/span> <\/span><\/li><li style="clear: both"><\/li><\/ul>
|-hint|Rubulwark was created by Hematite!
|move|p2a: Laurel|Protect|p2a: Laurel
|-singleturn|p2a: Laurel|Protect
|move|p1b: Aromatisse|Dazzling Gleam|p2b: Lance|[spread] p2b
|-activate|p2a: Laurel|move: Protect
|-resisted|p2b: Lance
|-crit|p2b: Lance
|-damage|p2b: Lance|39\/48
|move|p2b: Lance|Snarl|p1a: Rubulwark|[spread] p1a,p1b
|-resisted|p1b: Aromatisse
|-damage|p1a: Rubulwark|174\/194
|-damage|p1b: Aromatisse|80\/207
|-unboost|p1a: Rubulwark|spa|1
|-unboost|p1b: Aromatisse|spa|1
|
|upkeep
|turn|4
|c|☆H2OPulse|I did almost use Will-o-Wisp I will have you know
|c|☆H2OPulse|like I fully selected the move and then
|c|☆H2OPulse|noticed the terrain
|c|☆inkbug1|adsasd
|
|t:|1641707564
|switch|p1b: Scrafiti|Scrafiti, L50, F|177\/177
|-start|p1b: Scrafiti|typechange|Dark\/Fighting|[silent]
|raw|<ul class="utilichart"><li class="result"><span class="col pokemonnamecol" style="white-space: nowrap">Scrafiti<\/span> <span class="col typecol"><img src="https:\/\/play.pokemonshowdown.com\/sprites\/types\/Dark.png" alt="Dark" height="14" width="32"><img src="https:\/\/play.pokemonshowdown.com\/sprites\/types\/Fighting.png" alt="Fighting" height="14" width="32"><\/span> <span style="float: left ; min-height: 26px"><span class="col abilitycol">Shed Skin \/ Moxie \/ Prankster<\/span><span class="col abilitycol"><\/span><\/span><\/li><li style="clear: both"><\/li><\/ul>
|raw|<ul class="utilichart"><li class="result"><span style="float: left ; min-height: 26px"><span class="col statcol"><em>HP<\/em><br>70<\/span> <span class="col statcol"><em>Atk<\/em><br>105<\/span> <span class="col statcol"><em>Def<\/em><br>120<\/span> <span class="col statcol"><em>SpA<\/em><br>60<\/span> <span class="col statcol"><em>SpD<\/em><br>120<\/span> <span class="col statcol"><em>Spe<\/em><br>48<\/span> <\/span><\/li><li style="clear: both"><\/li><\/ul>
|-hint|Scrafiti was created by Magmajudis!
|move|p2b: Lance|Extreme Speed|p1b: Scrafiti
|-damage|p1b: Scrafiti|158\/177
|move|p1a: Rubulwark|Bulldoze|p2b: Lance|[spread] p1b,p2a,p2b
|-supereffective|p2a: Laurel
|-supereffective|p2b: Lance
|-damage|p1b: Scrafiti|123\/177
|-damage|p2a: Laurel|8\/48
|-damage|p2b: Lance|9\/48
|-enditem|p2b: Lance|Figy Berry|[eat]
|-heal|p2b: Lance|25\/48|[from] item: Figy Berry
|move|p2a: Laurel|Drain Punch|p1a: Rubulwark
|-supereffective|p1a: Rubulwark
|-damage|p1a: Rubulwark|98\/194
|-heal|p2a: Laurel|21\/48|[from] drain|[of] p1a: Rubulwark
|
|upkeep
|turn|5
|c|☆H2OPulse|Not that I am ready for you to start using Earthquake but uh
|c|☆H2OPulse|small question why are you using Sheer Force Bulldoze
|
|t:|1641707620
|move|p1b: Scrafiti|Coaching|p1a: Rubulwark
|-boost|p1a: Rubulwark|atk|1
|-boost|p1a: Rubulwark|def|1
|move|p1a: Rubulwark|Bulldoze|p2a: Laurel|[spread] p1b,p2a,p2b
|-supereffective|p2a: Laurel
|-supereffective|p2b: Lance
|-damage|p1b: Scrafiti|73\/177
|-damage|p2a: Laurel|0 fnt
|-damage|p2b: Lance|0 fnt
|faint|p2a: Laurel
|faint|p2b: Lance
|
|-fieldend|Misty Terrain
|upkeep
|c|☆inkbug1|for sheer force other stuff too right ? i dontnwatnt recoil
|c|☆H2OPulse|Ohhhhh it's for the Life Orb
|c|☆H2OPulse|Okay
|
|t:|1641707669
|switch|p2b: Garcinia|Tsareena, L50, F|48\/48
|switch|p2a: Monkshood|Mienshao-Yaoguai, L50, M|48\/48
|-start|p2a: Monkshood|typechange|Fighting\/Ghost|[silent]
|raw|<ul class="utilichart"><li class="result"><span class="col pokemonnamecol" style="white-space: nowrap">Mienshao-Yaoguai<\/span> <span class="col typecol"><img src="https:\/\/play.pokemonshowdown.com\/sprites\/types\/Fighting.png" alt="Fighting" height="14" width="32"><img src="https:\/\/play.pokemonshowdown.com\/sprites\/types\/Ghost.png" alt="Ghost" height="14" width="32"><\/span> <span style="float: left ; min-height: 26px"><span class="col abilitycol">Inner Focus \/ Prankster \/ Berserk<\/span><span class="col abilitycol"><\/span><\/span><\/li><li style="clear: both"><\/li><\/ul>
|raw|<ul class="utilichart"><li class="result"><span style="float: left ; min-height: 26px"><span class="col statcol"><em>HP<\/em><br>65<\/span> <span class="col statcol"><em>Atk<\/em><br>125<\/span> <span class="col statcol"><em>Def<\/em><br>60<\/span> <span class="col statcol"><em>SpA<\/em><br>105<\/span> <span class="col statcol"><em>SpD<\/em><br>60<\/span> <span class="col statcol"><em>Spe<\/em><br>95<\/span> <\/span><\/li><li style="clear: both"><\/li><\/ul>
|-hint|Mienshao-Yaoguai was created by Hematite!
|turn|6
|c|☆inkbug1|i dont , remember to be honest, if there was another reason but i am aware tht it isnt doing the thing :'D 
|
|t:|1641707689
|move|p1a: Rubulwark|Protect|p1a: Rubulwark
|-singleturn|p1a: Rubulwark|Protect
|move|p2a: Monkshood|Fake Out|p1b: Scrafiti
|-damage|p1b: Scrafiti|63\/177
|cant|p1b: Scrafiti|flinch
|move|p2b: Garcinia|High Jump Kick|p1a: Rubulwark
|-activate|p1a: Rubulwark|move: Protect
|-damage|p2b: Garcinia|24\/48|[from] highjumpkick
|
|-sideend|p1: inkbug1|Reflect
|-fieldend|move: Trick Room
|upkeep
|turn|7
|c|☆H2OPulse|Oh
|c|☆H2OPulse|Well
|c|☆inkbug1|oh
|c|☆H2OPulse|This is awkward
|
|t:|1641707715
|move|p1b: Scrafiti|Coaching|p1a: Rubulwark
|-boost|p1a: Rubulwark|atk|1
|-boost|p1a: Rubulwark|def|1
|move|p2a: Monkshood|Shadow Ball|p1a: Rubulwark
|-damage|p1a: Rubulwark|25\/194
|move|p2b: Garcinia|High Jump Kick|p1b: Scrafiti
|-supereffective|p1b: Scrafiti
|-damage|p1b: Scrafiti|0 fnt
|faint|p1b: Scrafiti
|move|p1a: Rubulwark|Rock Slide|p2a: Monkshood|[spread] p2a
|-miss|p1a: Rubulwark|p2b: Garcinia
|-resisted|p2a: Monkshood
|-damage|p2a: Monkshood|0 fnt
|faint|p2a: Monkshood
|
|upkeep
|c|☆H2OPulse|I'M SO SORRY
|c|☆inkbug1|ill take it
|c|☆H2OPulse|I... I mean I still lose but--
|
|t:|1641707735
|switch|p1b: Magcargo|Magcargo-Galar, L50, F|9\/167
|-start|p1b: Magcargo|typechange|Steel\/Poison|[silent]
|turn|8
|
|t:|1641707748
|move|p1a: Rubulwark|Protect|p1a: Rubulwark
|-singleturn|p1a: Rubulwark|Protect
|move|p1b: Magcargo|Heat Wave|p2b: Garcinia
|-supereffective|p2b: Garcinia
|-damage|p2b: Garcinia|4\/48
|move|p2b: Garcinia|Triple Axel|p1a: Rubulwark
|-activate|p1a: Rubulwark|move: Protect
|
|upkeep
|turn|9
|c|☆H2OPulse|Ksdhfjhf
|l| SimpyShrimp
|
|t:|1641707758
|move|p1b: Magcargo|Heat Wave|p2b: Garcinia
|-supereffective|p2b: Garcinia
|-damage|p2b: Garcinia|0 fnt
|faint|p2b: Garcinia
|
|win|inkbug1
|c|☆H2OPulse|Good game :'D
|c|☆H2OPulse|W h e w</script>
</div>
<div class="battle-log battle-log-inline"><div class="inner"><div class="battle-options"><div style="padding-top: 3px; padding-right: 3px; text-align: right"><button class="icon button" name="openBattleOptions" title="Options">Battle Options</button></div></div><div class="inner message-log"><div class="chat"><small>☆inkbug1 and ☆H2OPulse joined</small></div><div class=""><small>Format:</small> <br><strong>[Gen 8] Evolution Project VGC</strong></div><div class=""><small><em>Species Clause:</em> Limit one of each Pokémon</small></div><div class=""><small><em>Item Clause:</em> Limit one of each item</small></div><div class=""><small><em>Dynamax Clause:</em> You cannot dynamax</small></div><div class=""><small><em>Z-Move Clause:</em> Type-based Z-Moves are banned</small></div><div class="chat battle-history"><strong>inkbug1's team:</strong> <em style="color:#445566;display:block;">Scrafiti / Rubulwark / Magcargo-Galar / Cherrim / Aromatisse / Dusglow</em></div><div class="chat battle-history"><strong>H2OPulse's team:</strong> <em style="color:#445566;display:block;">Arcanine / Tsareena / Falinks-Terracotta / Rubulwark / Mienshao-Yaoguai / Persian-Alola</em></div><div class="chat chatmessage-h2opulse"><strong style="color:#6e8c2b"><small>☆</small><span class="username" data-name="H2OPulse">H2OPulse</span>:</strong> <em>:eyes:</em></div><div class="chat chatmessage-h2opulse"><strong style="color:#6e8c2b"><small>☆</small><span class="username" data-name="H2OPulse">H2OPulse</span>:</strong> <em>Good luck and have fun OO:</em></div><div class="chat chatmessage-h2opulse"><strong style="color:#6e8c2b"><small>☆</small><span class="username" data-name="H2OPulse">H2OPulse</span>:</strong> <em>This is your first team again, right? O:</em></div><div class="chat chatmessage-inkbug1 mine"><strong style="color:#e46e0f"><small>☆</small><span class="username" data-name="inkbug1">inkbug1</span>:</strong> <em>yeah</em></div><div class="spacer battle-history"><br></div><div class="battle-history">Battle started between inkbug1 and H2OPulse!<br></div><div class="spacer battle-history"><br></div><div class="battle-history">Go! Magcargo (<strong>Magcargo-Galar</strong>)!<br></div><div class="spacer battle-history"><br></div><div class="battle-history">Go! <strong>Aromatisse</strong>!<br></div><div class="spacer battle-history"><br></div><div class="battle-history">H2OPulse sent out Laurel (<strong>Falinks-Terracotta</strong>)!<br></div><div class="spacer battle-history"><br></div><div class="battle-history">H2OPulse sent out Lance (<strong>Arcanine</strong>)!<br></div><div class="chat"><ul class="utilichart"><li class="result"><span class="col pokemonnamecol" style="white-space: nowrap">Magcargo-Galar</span> <span class="col typecol"><img src="https://play.pokemonshowdown.com/sprites/types/Steel.png" alt="Steel" height="14" width="32"><img src="https://play.pokemonshowdown.com/sprites/types/Poison.png" alt="Poison" height="14" width="32"></span> <span style="float: left ; min-height: 26px"><span class="col abilitycol">Steam Engine / Flame Body / Gooey</span><span class="col abilitycol"></span></span></li><li style="clear: both"></li></ul></div><div class="chat"><ul class="utilichart"><li class="result"><span style="float: left ; min-height: 26px"><span class="col statcol"><em>HP</em><br>60</span> <span class="col statcol"><em>Atk</em><br>50</span> <span class="col statcol"><em>Def</em><br>60</span> <span class="col statcol"><em>SpA</em><br>90</span> <span class="col statcol"><em>SpD</em><br>60</span> <span class="col statcol"><em>Spe</em><br>110</span> </span></li><li style="clear: both"></li></ul></div><div class="battle-history"><small>(Magcargo-Galar was created by quagsi!)</small><br></div><div class="chat"><ul class="utilichart"><li class="result"><span class="col pokemonnamecol" style="white-space: nowrap">Falinks-Terracotta</span> <span class="col typecol"><img src="https://play.pokemonshowdown.com/sprites/types/Fighting.png" alt="Fighting" height="14" width="32"><img src="https://play.pokemonshowdown.com/sprites/types/Rock.png" alt="Rock" height="14" width="32"></span> <span style="float: left ; min-height: 26px"><span class="col abilitycol">Solid Rock / Skill Link / Defiant</span><span class="col abilitycol"></span></span></li><li style="clear: both"></li></ul></div><div class="chat"><ul class="utilichart"><li class="result"><span style="float: left ; min-height: 26px"><span class="col statcol"><em>HP</em><br>65</span> <span class="col statcol"><em>Atk</em><br>100</span> <span class="col statcol"><em>Def</em><br>100</span> <span class="col statcol"><em>SpA</em><br>60</span> <span class="col statcol"><em>SpD</em><br>60</span> <span class="col statcol"><em>Spe</em><br>85</span> </span></li><li style="clear: both"></li></ul></div><div class="battle-history"><small>(Falinks-Terracotta was created by Hematite!)</small><br></div><div class="battle-history">[The opposing Lance's Intimidate]<br></div><div class="battle-history"><small>Magcargo's Attack fell!</small><br></div><div class="battle-history"><small>Aromatisse's Attack fell!</small><br></div><div class="spacer battle-history"><br></div><h2 class="battle-history">Turn 1</h2><div class="spacer battle-history"><br></div><div class="battle-history">The opposing Laurel used <strong>Protect</strong>!<br></div><div class="battle-history"><small>The opposing Laurel protected itself!</small><br></div><div class="spacer battle-history"><br></div><div class="battle-history">Magcargo used <strong>After You</strong>!<br></div><div class="battle-history"><small>Aromatisse took the kind offer!</small><br></div><div class="spacer battle-history"><br></div><div class="battle-history">Aromatisse used <strong>Misty Terrain</strong>!<br></div><div class="battle-history"><small>Mist swirled around the battlefield!</small><br></div><div class="spacer battle-history"><br></div><div class="battle-history">The opposing Lance used <strong>Heat Wave</strong>!<br></div><div class="battle-history"><small>It's super effective on Magcargo!</small><br></div><div class="battle-history"><small>(Magcargo lost <abbr title="−140/167">83.8%</abbr> of its health!)</small><br></div><div class="battle-history"><small>(Aromatisse lost <abbr title="−36/207">17.4%</abbr> of its health!)</small><br></div><div class="battle-history">[Magcargo's Steam Engine]<br></div><div class="battle-history"><small>Magcargo's Speed rose drastically!</small><br></div><div class="spacer battle-history"><br></div><h2 class="battle-history">Turn 2</h2><div class="chat chatmessage-h2opulse"><strong style="color:#6e8c2b"><small>☆</small><span class="username" data-name="H2OPulse">H2OPulse</span>:</strong> <em>HUH.</em></div><div class="chat chatmessage-h2opulse"><strong style="color:#6e8c2b"><small>☆</small><span class="username" data-name="H2OPulse">H2OPulse</span>:</strong> <em>okay</em></div><div class="chat chatmessage-inkbug1 mine"><strong style="color:#e46e0f"><small>☆</small><span class="username" data-name="inkbug1">inkbug1</span>:</strong> <em>oh well i was </em></div><div class="chat chatmessage-inkbug1 mine"><strong style="color:#e46e0f"><small>☆</small><span class="username" data-name="inkbug1">inkbug1</span>:</strong> <em>gonna switch out</em></div><div class="chat chatmessage-inkbug1 mine"><strong style="color:#e46e0f"><small>☆</small><span class="username" data-name="inkbug1">inkbug1</span>:</strong> <em>um </em></div><div class="chat chatmessage-inkbug1 mine"><strong style="color:#e46e0f"><small>☆</small><span class="username" data-name="inkbug1">inkbug1</span>:</strong> <em>uh</em></div><div class="chat chatmessage-h2opulse"><strong style="color:#6e8c2b"><small>☆</small><span class="username" data-name="H2OPulse">H2OPulse</span>:</strong> <em>ksjdhbf</em></div><div class="chat"><small> SimpyShrimp joined</small></div><div class="spacer battle-history"><br></div><div class="battle-history">The opposing Lance used <strong>Extreme Speed</strong>!<br></div><div class="battle-history"><small>(Aromatisse lost <abbr title="−51/207">24.6%</abbr> of its health!)</small><br></div><div class="spacer battle-history"><br></div><div class="battle-history">Magcargo used <strong>Reflect</strong>!<br></div><div class="battle-history"><small>Reflect made your team stronger against physical moves!</small><br></div><div class="spacer battle-history"><br></div><div class="battle-history">The opposing Laurel used <strong>Rock Slide</strong>!<br></div><div class="battle-history"><small>It's not very effective on Magcargo.</small><br></div><div class="battle-history"><small>(Magcargo lost <abbr title="−18/167">10.8%</abbr> of its health!)</small><br></div><div class="battle-history"><small>(Aromatisse lost <abbr title="−32/207">15.5%</abbr> of its health!)</small><br></div><div class="spacer battle-history"><br></div><div class="battle-history">Aromatisse used <strong>Trick Room</strong>!<br></div><div class="battle-history"><small>Aromatisse twisted the dimensions!</small><br></div><div class="spacer battle-history"><br></div><h2 class="battle-history">Turn 3</h2><div class="spacer battle-history"><br></div><div class="battle-history">Magcargo, come back!<br></div><div class="battle-history">Go! <strong>Rubulwark</strong>!<br></div><div class="chat"><ul class="utilichart"><li class="result"><span class="col pokemonnamecol" style="white-space: nowrap">Rubulwark</span> <span class="col typecol"><img src="https://play.pokemonshowdown.com/sprites/types/Dragon.png" alt="Dragon" height="14" width="32"><img src="https://play.pokemonshowdown.com/sprites/types/Rock.png" alt="Rock" height="14" width="32"></span> <span style="float: left ; min-height: 26px"><span class="col abilitycol">Weak Armor / Sheer Force / Mold Breaker</span><span class="col abilitycol"></span></span></li><li style="clear: both"></li></ul></div><div class="chat"><ul class="utilichart"><li class="result"><span style="float: left ; min-height: 26px"><span class="col statcol"><em>HP</em><br>87</span> <span class="col statcol"><em>Atk</em><br>160</span> <span class="col statcol"><em>Def</em><br>90</span> <span class="col statcol"><em>SpA</em><br>60</span> <span class="col statcol"><em>SpD</em><br>90</span> <span class="col statcol"><em>Spe</em><br>38</span> </span></li><li style="clear: both"></li></ul></div><div class="battle-history"><small>(Rubulwark was created by Hematite!)</small><br></div><div class="spacer battle-history"><br></div><div class="battle-history">The opposing Laurel used <strong>Protect</strong>!<br></div><div class="battle-history"><small>The opposing Laurel protected itself!</small><br></div><div class="spacer battle-history"><br></div><div class="battle-history">Aromatisse used <strong>Dazzling Gleam</strong>!<br></div><div class="battle-history"><small>The opposing Laurel protected itself!</small><br></div><div class="battle-history"><small>It's not very effective on the opposing Lance.</small><br></div><div class="battle-history"><small>A critical hit on the opposing Lance!</small><br></div><div class="battle-history"><small>(The opposing Lance lost <abbr title="−9/48 pixels">16.7–18.8%</abbr> of its health!)</small><br></div><div class="spacer battle-history"><br></div><div class="battle-history">The opposing Lance used <strong>Snarl</strong>!<br></div><div class="battle-history"><small>It's not very effective on Aromatisse.</small><br></div><div class="battle-history"><small>(Rubulwark lost <abbr title="−20/194">10.3%</abbr> of its health!)</small><br></div><div class="battle-history"><small>(Aromatisse lost <abbr title="−8/207">3.9%</abbr> of its health!)</small><br></div><div class="battle-history"><small>Rubulwark's Sp. Atk fell!</small><br></div><div class="battle-history"><small>Aromatisse's Sp. Atk fell!</small><br></div><div class="spacer battle-history"><br></div><h2 class="battle-history">Turn 4</h2><div class="chat chatmessage-h2opulse"><strong style="color:#6e8c2b"><small>☆</small><span class="username" data-name="H2OPulse">H2OPulse</span>:</strong> <em>I did almost use Will-o-Wisp I will have you know</em></div><div class="chat chatmessage-h2opulse"><strong style="color:#6e8c2b"><small>☆</small><span class="username" data-name="H2OPulse">H2OPulse</span>:</strong> <em>like I fully selected the move and then</em></div><div class="chat chatmessage-h2opulse"><strong style="color:#6e8c2b"><small>☆</small><span class="username" data-name="H2OPulse">H2OPulse</span>:</strong> <em>noticed the terrain</em></div><div class="chat chatmessage-inkbug1 mine"><strong style="color:#e46e0f"><small>☆</small><span class="username" data-name="inkbug1">inkbug1</span>:</strong> <em>adsasd</em></div><div class="spacer battle-history"><br></div><div class="battle-history">Aromatisse, come back!<br></div><div class="battle-history">Go! <strong>Scrafiti</strong>!<br></div><div class="chat"><ul class="utilichart"><li class="result"><span class="col pokemonnamecol" style="white-space: nowrap">Scrafiti</span> <span class="col typecol"><img src="https://play.pokemonshowdown.com/sprites/types/Dark.png" alt="Dark" height="14" width="32"><img src="https://play.pokemonshowdown.com/sprites/types/Fighting.png" alt="Fighting" height="14" width="32"></span> <span style="float: left ; min-height: 26px"><span class="col abilitycol">Shed Skin / Moxie / Prankster</span><span class="col abilitycol"></span></span></li><li style="clear: both"></li></ul></div><div class="chat"><ul class="utilichart"><li class="result"><span style="float: left ; min-height: 26px"><span class="col statcol"><em>HP</em><br>70</span> <span class="col statcol"><em>Atk</em><br>105</span> <span class="col statcol"><em>Def</em><br>120</span> <span class="col statcol"><em>SpA</em><br>60</span> <span class="col statcol"><em>SpD</em><br>120</span> <span class="col statcol"><em>Spe</em><br>48</span> </span></li><li style="clear: both"></li></ul></div><div class="battle-history"><small>(Scrafiti was created by Magmajudis!)</small><br></div><div class="spacer battle-history"><br></div><div class="battle-history">The opposing Lance used <strong>Extreme Speed</strong>!<br></div><div class="battle-history"><small>(Scrafiti lost <abbr title="−19/177">10.7%</abbr> of its health!)</small><br></div><div class="spacer battle-history"><br></div><div class="battle-history">Rubulwark used <strong>Bulldoze</strong>!<br></div><div class="battle-history"><small>It's super effective on the opposing Laurel!</small><br></div><div class="battle-history"><small>It's super effective on the opposing Lance!</small><br></div><div class="battle-history"><small>(Scrafiti lost <abbr title="−35/177">19.8%</abbr> of its health!)</small><br></div><div class="battle-history"><small>(The opposing Laurel lost <abbr title="−40/48 pixels">81.3–83.3%</abbr> of its health!)</small><br></div><div class="battle-history"><small>(The opposing Lance lost <abbr title="−30/48 pixels">61.3–64.5%</abbr> of its health!)</small><br></div><div class="battle-history"><small>(The opposing Lance ate its Figy Berry!)</small><br></div><div class="battle-history"><small>The opposing Lance restored HP using its Figy Berry!</small><br></div><div class="spacer battle-history"><br></div><div class="battle-history">The opposing Laurel used <strong>Drain Punch</strong>!<br></div><div class="battle-history"><small>It's super effective!</small><br></div><div class="battle-history"><small>(Rubulwark lost <abbr title="−76/194">39.2%</abbr> of its health!)</small><br></div><div class="battle-history"><small>Rubulwark had its energy drained!</small><br></div><div class="spacer battle-history"><br></div><h2 class="battle-history">Turn 5</h2><div class="chat chatmessage-h2opulse"><strong style="color:#6e8c2b"><small>☆</small><span class="username" data-name="H2OPulse">H2OPulse</span>:</strong> <em>Not that I am ready for you to start using Earthquake but uh</em></div><div class="chat chatmessage-h2opulse"><strong style="color:#6e8c2b"><small>☆</small><span class="username" data-name="H2OPulse">H2OPulse</span>:</strong> <em>small question why are you using Sheer Force Bulldoze</em></div><div class="spacer battle-history"><br></div><div class="battle-history">Scrafiti used <strong>Coaching</strong>!<br></div><div class="battle-history"><small>Rubulwark's Attack rose!</small><br></div><div class="battle-history"><small>Rubulwark's Defense rose!</small><br></div><div class="spacer battle-history"><br></div><div class="battle-history">Rubulwark used <strong>Bulldoze</strong>!<br></div><div class="battle-history"><small>It's super effective on the opposing Laurel!</small><br></div><div class="battle-history"><small>It's super effective on the opposing Lance!</small><br></div><div class="battle-history"><small>(Scrafiti lost <abbr title="−50/177">28.2%</abbr> of its health!)</small><br></div><div class="battle-history"><small>(The opposing Laurel lost <abbr title="−21/48 pixels">43.8–45.8%</abbr> of its health!)</small><br></div><div class="battle-history"><small>(The opposing Lance lost <abbr title="−25/48 pixels">52.1–54.1%</abbr> of its health!)</small><br></div><div class="spacer battle-history"><br></div><div class="battle-history">The opposing Laurel fainted!<br></div><div class="battle-history">The opposing Lance fainted!<br></div><div class="spacer battle-history"><br></div><div class="battle-history"><small>The mist disappeared from the battlefield.</small><br></div><div class="chat chatmessage-inkbug1 mine"><strong style="color:#e46e0f"><small>☆</small><span class="username" data-name="inkbug1">inkbug1</span>:</strong> <em>for sheer force other stuff too right ? i dontnwatnt recoil</em></div><div class="chat chatmessage-h2opulse"><strong style="color:#6e8c2b"><small>☆</small><span class="username" data-name="H2OPulse">H2OPulse</span>:</strong> <em>Ohhhhh it's for the Life Orb</em></div><div class="chat chatmessage-h2opulse"><strong style="color:#6e8c2b"><small>☆</small><span class="username" data-name="H2OPulse">H2OPulse</span>:</strong> <em>Okay</em></div><div class="spacer battle-history"><br></div><div class="battle-history">H2OPulse sent out Garcinia (<strong>Tsareena</strong>)!<br></div><div class="spacer battle-history"><br></div><div class="battle-history">H2OPulse sent out Monkshood (<strong>Mienshao-Yaoguai</strong>)!<br></div><div class="chat"><ul class="utilichart"><li class="result"><span class="col pokemonnamecol" style="white-space: nowrap">Mienshao-Yaoguai</span> <span class="col typecol"><img src="https://play.pokemonshowdown.com/sprites/types/Fighting.png" alt="Fighting" height="14" width="32"><img src="https://play.pokemonshowdown.com/sprites/types/Ghost.png" alt="Ghost" height="14" width="32"></span> <span style="float: left ; min-height: 26px"><span class="col abilitycol">Inner Focus / Prankster / Berserk</span><span class="col abilitycol"></span></span></li><li style="clear: both"></li></ul></div><div class="chat"><ul class="utilichart"><li class="result"><span style="float: left ; min-height: 26px"><span class="col statcol"><em>HP</em><br>65</span> <span class="col statcol"><em>Atk</em><br>125</span> <span class="col statcol"><em>Def</em><br>60</span> <span class="col statcol"><em>SpA</em><br>105</span> <span class="col statcol"><em>SpD</em><br>60</span> <span class="col statcol"><em>Spe</em><br>95</span> </span></li><li style="clear: both"></li></ul></div><div class="battle-history"><small>(Mienshao-Yaoguai was created by Hematite!)</small><br></div><div class="spacer battle-history"><br></div><h2 class="battle-history">Turn 6</h2><div class="chat chatmessage-inkbug1 mine"><strong style="color:#e46e0f"><small>☆</small><span class="username" data-name="inkbug1">inkbug1</span>:</strong> <em>i dont , remember to be honest, if there was another reason but i am aware tht it isnt doing the thing :'D </em></div><div class="spacer battle-history"><br></div><div class="battle-history">Rubulwark used <strong>Protect</strong>!<br></div><div class="battle-history"><small>Rubulwark protected itself!</small><br></div><div class="spacer battle-history"><br></div><div class="battle-history">The opposing Monkshood used <strong>Fake Out</strong>!<br></div><div class="battle-history"><small>(Scrafiti lost <abbr title="−10/177">5.6%</abbr> of its health!)</small><br></div><div class="spacer battle-history"><br></div><div class="battle-history">Scrafiti flinched and couldn't move!<br></div><div class="spacer battle-history"><br></div><div class="battle-history">The opposing Garcinia used <strong>High Jump Kick</strong>!<br></div><div class="battle-history"><small>Rubulwark protected itself!</small><br></div><div class="battle-history"><small>The opposing Garcinia kept going and crashed!</small><br></div><div class="spacer battle-history"><br></div><div class="battle-history"><small>Your team's Reflect wore off!</small><br></div><div class="battle-history"><small>The twisted dimensions returned to normal!</small><br></div><div class="spacer battle-history"><br></div><h2 class="battle-history">Turn 7</h2><div class="chat chatmessage-h2opulse"><strong style="color:#6e8c2b"><small>☆</small><span class="username" data-name="H2OPulse">H2OPulse</span>:</strong> <em>Oh</em></div><div class="chat chatmessage-h2opulse"><strong style="color:#6e8c2b"><small>☆</small><span class="username" data-name="H2OPulse">H2OPulse</span>:</strong> <em>Well</em></div><div class="chat chatmessage-inkbug1 mine"><strong style="color:#e46e0f"><small>☆</small><span class="username" data-name="inkbug1">inkbug1</span>:</strong> <em>oh</em></div><div class="chat chatmessage-h2opulse"><strong style="color:#6e8c2b"><small>☆</small><span class="username" data-name="H2OPulse">H2OPulse</span>:</strong> <em>This is awkward</em></div><div class="spacer battle-history"><br></div><div class="battle-history">Scrafiti used <strong>Coaching</strong>!<br></div><div class="battle-history"><small>Rubulwark's Attack rose!</small><br></div><div class="battle-history"><small>Rubulwark's Defense rose!</small><br></div><div class="spacer battle-history"><br></div><div class="battle-history">The opposing Monkshood used <strong>Shadow Ball</strong>!<br></div><div class="battle-history"><small>(Rubulwark lost <abbr title="−73/194">37.6%</abbr> of its health!)</small><br></div><div class="spacer battle-history"><br></div><div class="battle-history">The opposing Garcinia used <strong>High Jump Kick</strong>!<br></div><div class="battle-history"><small>It's super effective!</small><br></div><div class="battle-history"><small>(Scrafiti lost <abbr title="−63/177">35.6%</abbr> of its health!)</small><br></div><div class="spacer battle-history"><br></div><div class="battle-history">Scrafiti fainted!<br></div><div class="battle-history">Rubulwark used <strong>Rock Slide</strong>!<br></div><div class="battle-history"><small>The opposing Garcinia avoided the attack!</small><br></div><div class="battle-history"><small>It's not very effective on the opposing Monkshood.</small><br></div><div class="battle-history"><small>(The opposing Monkshood lost <abbr title="−48/48 pixels">100%</abbr> of its health!)</small><br></div><div class="spacer battle-history"><br></div><div class="battle-history">The opposing Monkshood fainted!<br></div><div class="chat chatmessage-h2opulse"><strong style="color:#6e8c2b"><small>☆</small><span class="username" data-name="H2OPulse">H2OPulse</span>:</strong> <em>I'M SO SORRY</em></div><div class="chat chatmessage-inkbug1 mine"><strong style="color:#e46e0f"><small>☆</small><span class="username" data-name="inkbug1">inkbug1</span>:</strong> <em>ill take it</em></div><div class="chat chatmessage-h2opulse"><strong style="color:#6e8c2b"><small>☆</small><span class="username" data-name="H2OPulse">H2OPulse</span>:</strong> <em>I... I mean I still lose but--</em></div><div class="spacer battle-history"><br></div><div class="battle-history">Go! Magcargo (<strong>Magcargo-Galar</strong>)!<br></div><div class="spacer battle-history"><br></div><h2 class="battle-history">Turn 8</h2><div class="spacer battle-history"><br></div><div class="battle-history">Rubulwark used <strong>Protect</strong>!<br></div><div class="battle-history"><small>Rubulwark protected itself!</small><br></div><div class="spacer battle-history"><br></div><div class="battle-history">Magcargo used <strong>Heat Wave</strong>!<br></div><div class="battle-history"><small>It's super effective!</small><br></div><div class="battle-history"><small>(The opposing Garcinia lost <abbr title="−20/48 pixels">39.7–41.7%</abbr> of its health!)</small><br></div><div class="spacer battle-history"><br></div><div class="battle-history">The opposing Garcinia used <strong>Triple Axel</strong>!<br></div><div class="battle-history"><small>Rubulwark protected itself!</small><br></div><div class="spacer battle-history"><br></div><h2 class="battle-history">Turn 9</h2><div class="chat chatmessage-h2opulse"><strong style="color:#6e8c2b"><small>☆</small><span class="username" data-name="H2OPulse">H2OPulse</span>:</strong> <em>Ksdhfjhf</em></div><div class="chat"><small> SimpyShrimp left</small></div><div class="spacer battle-history"><br></div><div class="battle-history">Magcargo used <strong>Heat Wave</strong>!<br></div><div class="battle-history"><small>It's super effective!</small><br></div><div class="battle-history"><small>(The opposing Garcinia lost <abbr title="−4/48 pixels">8.3–10.3%</abbr> of its health!)</small><br></div><div class="spacer battle-history"><br></div><div class="battle-history">The opposing Garcinia fainted!<br></div><div class="spacer battle-history"><br></div><div class="battle-history"><strong>inkbug1</strong> won the battle!<br></div><div class="chat chatmessage-h2opulse"><strong style="color:#6e8c2b"><small>☆</small><span class="username" data-name="H2OPulse">H2OPulse</span>:</strong> <em>Good game :'D</em></div><div class="chat chatmessage-h2opulse"><strong style="color:#6e8c2b"><small>☆</small><span class="username" data-name="H2OPulse">H2OPulse</span>:</strong> <em>W h e w</em></div></div><div class="inner-preempt message-log"></div></div></div>
</div>
<script>
let daily = Math.floor(Date.now()/1000/60/60/24);document.write('<script src="https://dragonheaven.herokuapp.com/js/replay-embed.js?version'+daily+'"></'+'script>');
</script>
