<!DOCTYPE html>
<meta charset="utf-8" />
<!-- version 1 -->
<title>[Gen 8] Evolution Project replay: abismal vs. time to chill</title>
<style>
html,body {font-family:Verdana, sans-serif;font-size:10pt;margin:0;padding:0;}body{padding:12px 0;} .battle-log {font-family:Verdana, sans-serif;font-size:10pt;} .battle-log-inline {border:1px solid #AAAAAA;background:#EEF2F5;color:black;max-width:640px;margin:0 auto 80px;padding-bottom:5px;} .battle-log .inner {padding:4px 8px 0px 8px;} .battle-log .inner-preempt {padding:0 8px 4px 8px;} .battle-log .inner-after {margin-top:0.5em;} .battle-log h2 {margin:0.5em -8px;padding:4px 8px;border:1px solid #AAAAAA;background:#E0E7EA;border-left:0;border-right:0;font-family:Verdana, sans-serif;font-size:13pt;} .battle-log .chat {vertical-align:middle;padding:3px 0 3px 0;font-size:8pt;} .battle-log .chat strong {color:#40576A;} .battle-log .chat em {padding:1px 4px 1px 3px;color:#000000;font-style:normal;} .chat.mine {background:rgba(0,0,0,0.05);margin-left:-8px;margin-right:-8px;padding-left:8px;padding-right:8px;} .spoiler {color:#BBBBBB;background:#BBBBBB;padding:0px 3px;} .spoiler:hover, .spoiler:active, .spoiler-shown {color:#000000;background:#E2E2E2;padding:0px 3px;} .spoiler a {color:#BBBBBB;} .spoiler:hover a, .spoiler:active a, .spoiler-shown a {color:#2288CC;} .chat code, .chat .spoiler:hover code, .chat .spoiler:active code, .chat .spoiler-shown code {border:1px solid #C0C0C0;background:#EEEEEE;color:black;padding:0 2px;} .chat .spoiler code {border:1px solid #CCCCCC;background:#CCCCCC;color:#CCCCCC;} .battle-log .rated {padding:3px 4px;} .battle-log .rated strong {color:white;background:#89A;padding:1px 4px;border-radius:4px;} .spacer {margin-top:0.5em;} .message-announce {background:#6688AA;color:white;padding:1px 4px 2px;} .message-announce a, .broadcast-green a, .broadcast-blue a, .broadcast-red a {color:#DDEEFF;} .broadcast-green {background-color:#559955;color:white;padding:2px 4px;} .broadcast-blue {background-color:#6688AA;color:white;padding:2px 4px;} .infobox {border:1px solid #6688AA;padding:2px 4px;} .infobox-limited {max-height:200px;overflow:auto;overflow-x:hidden;} .broadcast-red {background-color:#AA5544;color:white;padding:2px 4px;} .message-learn-canlearn {font-weight:bold;color:#228822;text-decoration:underline;} .message-learn-cannotlearn {font-weight:bold;color:#CC2222;text-decoration:underline;} .message-effect-weak {font-weight:bold;color:#CC2222;} .message-effect-resist {font-weight:bold;color:#6688AA;} .message-effect-immune {font-weight:bold;color:#666666;} .message-learn-list {margin-top:0;margin-bottom:0;} .message-throttle-notice, .message-error {color:#992222;} .message-overflow, .chat small.message-overflow {font-size:0pt;} .message-overflow::before {font-size:9pt;content:'...';} .subtle {color:#3A4A66;}
</style>
<div class="wrapper replay-wrapper" style="max-width:1180px;margin:0 auto">
<input type="hidden" name="replayid" value="dragonheaven-gen8evolutionproject-23" />
<div class="battle"></div><div class="battle-log"></div><div class="replay-controls"></div><div class="replay-controls-2"></div>
<h1 style="font-weight:normal;text-align:center"><strong>[Gen 8] Evolution Project</strong><br /><a href="http://pokemonshowdown.com/users/abismal" class="subtle" target="_blank">abismal</a> vs. <a href="http://pokemonshowdown.com/users/timetochill" class="subtle" target="_blank">time to chill</a></h1>
<script type="text/plain" class="battle-log-data">|j|☆abismal
|j|☆time to chill
|t:|1658172779
|player|p1|abismal|brawly|
|player|p2|time to chill|cyclist-gen4|
|teamsize|p1|6
|teamsize|p2|6
|gametype|singles
|gen|8
|tier|[Gen 8] Evolution Project
|clearpoke
|poke|p1|Aggron, M|
|poke|p1|Gourgeist-*, M|
|poke|p1|Kingdra, M|
|poke|p1|Electrode|
|poke|p1|Mantine-Variant, F|
|poke|p1|Sundor, M|
|poke|p2|Balleringue, F|
|poke|p2|Oonabee, M|
|poke|p2|Scolipede-Variant, M|
|poke|p2|Velocinobi, F|
|poke|p2|Orbeetle-Variant, M|
|poke|p2|Frosmoth-Variant, M|
|rule|HP Percentage Mod: HP is shown in percentages
|rule|Endless Battle Clause: Forcing endless battles is banned
|rule|OHKO Clause: OHKO moves are banned
|rule|Evasion Moves Clause: Evasion moves are banned
|rule|Species Clause: Limit one of each Pokémon
|rule|Dynamax Clause: You cannot dynamax
|rule|Sleep Clause Mod: Limit one foe put to sleep
|rule|Z-Move Clause: Type-based Z-Moves are banned
|teampreview
|c|☆time to chill|glhf!
|c|☆abismal|u2
|
|t:|1658172807
|start
|switch|p1a: Aggron|Aggron, M|100\/100
|switch|p2a: Scolipede|Scolipede-Variant, M|100\/100
|-start|p2a: Scolipede|typechange|Bug\/Ground|[silent]
|raw|<ul class="utilichart"><li class="result"><span class="col pokemonnamecol" style="white-space: nowrap">Scolipede-Variant<\/span> <span class="col typecol"><img src="https:\/\/dragonheaven.herokuapp.com\/sprites\/types\/Bug.png" alt="Bug" height="14" width="32"><img src="https:\/\/dragonheaven.herokuapp.com\/sprites\/types\/Ground.png" alt="Ground" height="14" width="32"><\/span> <span style="float: left ; min-height: 26px"><span class="col abilitycol">Poison Heal \/ Swarm \/ Quick Feet<\/span><span class="col abilitycol"><\/span><\/span><\/li><li style="clear: both"><\/li><\/ul>
|raw|<ul class="utilichart"><li class="result"><span style="float: left ; min-height: 26px"><span class="col statcol"><em>HP<\/em><br>100<\/span> <span class="col statcol"><em>Atk<\/em><br>100<\/span> <span class="col statcol"><em>Def<\/em><br>49<\/span> <span class="col statcol"><em>SpA<\/em><br>85<\/span> <span class="col statcol"><em>SpD<\/em><br>39<\/span> <span class="col statcol"><em>Spe<\/em><br>112<\/span> <\/span><\/li><li style="clear: both"><\/li><\/ul>
|-hint|Scolipede-Variant was created by BlueRay!
|turn|1
|j|+H2OPulse
|
|t:|1658172813
|move|p1a: Aggron|Head Smash|p2a: Scolipede
|-damage|p2a: Scolipede|29\/100
|move|p2a: Scolipede|Substitute|p2a: Scolipede
|-start|p2a: Scolipede|Substitute
|-damage|p2a: Scolipede|4\/100
|
|-status|p2a: Scolipede|tox|[from] item: Toxic Orb
|upkeep
|turn|2
|
|t:|1658172821
|switch|p1a: Mantine|Mantine-Variant, F|100\/100
|-start|p1a: Mantine|typechange|Fire|[silent]
|raw|<ul class="utilichart"><li class="result"><span class="col pokemonnamecol" style="white-space: nowrap">Mantine-Variant<\/span> <span class="col typecol"><img src="https:\/\/dragonheaven.herokuapp.com\/sprites\/types\/Fire.png" alt="Fire" height="14" width="32"><\/span> <span style="float: left ; min-height: 26px"><span class="col abilitycol">Cloud Nine \/ Levitate \/ Flame Body<\/span><span class="col abilitycol"><\/span><\/span><\/li><li style="clear: both"><\/li><\/ul>
|raw|<ul class="utilichart"><li class="result"><span style="float: left ; min-height: 26px"><span class="col statcol"><em>HP<\/em><br>85<\/span> <span class="col statcol"><em>Atk<\/em><br>40<\/span> <span class="col statcol"><em>Def<\/em><br>70<\/span> <span class="col statcol"><em>SpA<\/em><br>70<\/span> <span class="col statcol"><em>SpD<\/em><br>140<\/span> <span class="col statcol"><em>Spe<\/em><br>80<\/span> <\/span><\/li><li style="clear: both"><\/li><\/ul>
|-hint|Mantine-Variant was created by Violet!
|move|p2a: Scolipede|Earthquake|p1a: Mantine
|-immune|p1a: Mantine|[from] ability: Levitate
|
|-heal|p2a: Scolipede|17\/100 tox|[from] ability: Poison Heal
|upkeep
|turn|3
|c|+H2OPulse|Ohh good luck and have fun both!! O:
|j|~inkbug1

|
|t:|1658172836
|move|p2a: Scolipede|Protect|p2a: Scolipede
|-singleturn|p2a: Scolipede|Protect
|move|p1a: Mantine|Scald|p2a: Scolipede
|-activate|p2a: Scolipede|move: Protect
|
|-heal|p2a: Scolipede|29\/100 tox|[from] ability: Poison Heal
|upkeep
|turn|4
|
|t:|1658172845
|move|p2a: Scolipede|Toxic|p1a: Mantine
|-status|p1a: Mantine|tox
|move|p1a: Mantine|Scald|p2a: Scolipede
|-supereffective|p2a: Scolipede
|-end|p2a: Scolipede|Substitute
|
|-heal|p2a: Scolipede|41\/100 tox|[from] ability: Poison Heal
|-damage|p1a: Mantine|94\/100 tox|[from] psn
|upkeep
|turn|5
|
|t:|1658172870
|switch|p1a: Aggron|Aggron, M|100\/100
|move|p2a: Scolipede|Substitute|p2a: Scolipede
|-start|p2a: Scolipede|Substitute
|-damage|p2a: Scolipede|16\/100 tox
|
|-heal|p2a: Scolipede|29\/100 tox|[from] ability: Poison Heal
|upkeep
|turn|6
|
|t:|1658172885
|switch|p1a: Mantine|Mantine-Variant, F|94\/100 tox
|-start|p1a: Mantine|typechange|Fire|[silent]
|move|p2a: Scolipede|Earthquake|p1a: Mantine
|-immune|p1a: Mantine|[from] ability: Levitate
|
|-heal|p2a: Scolipede|41\/100 tox|[from] ability: Poison Heal
|-damage|p1a: Mantine|88\/100 tox|[from] psn
|upkeep
|turn|7
|
|t:|1658172922
|move|p2a: Scolipede|Protect|p2a: Scolipede
|-singleturn|p2a: Scolipede|Protect
|move|p1a: Mantine|Scald|p2a: Scolipede
|-activate|p2a: Scolipede|move: Protect
|
|-heal|p2a: Scolipede|53\/100 tox|[from] ability: Poison Heal
|-damage|p1a: Mantine|76\/100 tox|[from] psn
|upkeep
|turn|8
|
|t:|1658172963
|move|p2a: Scolipede|Toxic|p1a: Mantine
|-fail|p1a: Mantine|tox
|move|p1a: Mantine|Scald|p2a: Scolipede
|-supereffective|p2a: Scolipede
|-end|p2a: Scolipede|Substitute
|
|-heal|p2a: Scolipede|66\/100 tox|[from] ability: Poison Heal
|-damage|p1a: Mantine|57\/100 tox|[from] psn
|upkeep
|turn|9
|
|t:|1658172973
|move|p2a: Scolipede|Protect|p2a: Scolipede
|-singleturn|p2a: Scolipede|Protect
|move|p1a: Mantine|Scald|p2a: Scolipede
|-activate|p2a: Scolipede|move: Protect
|
|-heal|p2a: Scolipede|78\/100 tox|[from] ability: Poison Heal
|-damage|p1a: Mantine|33\/100 tox|[from] psn
|upkeep
|turn|10
|
|t:|1658172982
|move|p2a: Scolipede|Substitute|p2a: Scolipede
|-start|p2a: Scolipede|Substitute
|-damage|p2a: Scolipede|53\/100 tox
|move|p1a: Mantine|Scald|p2a: Scolipede
|-supereffective|p2a: Scolipede
|-end|p2a: Scolipede|Substitute
|
|-heal|p2a: Scolipede|66\/100 tox|[from] ability: Poison Heal
|-damage|p1a: Mantine|2\/100 tox|[from] psn
|upkeep
|turn|11
|
|t:|1658172993
|move|p2a: Scolipede|Substitute|p2a: Scolipede
|-start|p2a: Scolipede|Substitute
|-damage|p2a: Scolipede|41\/100 tox
|move|p1a: Mantine|Scald|p2a: Scolipede
|-supereffective|p2a: Scolipede
|-end|p2a: Scolipede|Substitute
|
|-heal|p2a: Scolipede|53\/100 tox|[from] ability: Poison Heal
|-damage|p1a: Mantine|0 fnt|[from] psn
|faint|p1a: Mantine
|upkeep
|
|t:|1658172997
|switch|p1a: Kingdra|Kingdra, M|100\/100
|turn|12
|
|t:|1658173059
|switch|p2a: Oonabee|Oonabee, M|100\/100
|-start|p2a: Oonabee|typechange|Bug\/Fairy|[silent]
|raw|<ul class="utilichart"><li class="result"><span class="col pokemonnamecol" style="white-space: nowrap">Oonabee<\/span> <span class="col typecol"><img src="https:\/\/dragonheaven.herokuapp.com\/sprites\/types\/Bug.png" alt="Bug" height="14" width="32"><img src="https:\/\/dragonheaven.herokuapp.com\/sprites\/types\/Fairy.png" alt="Fairy" height="14" width="32"><\/span> <span style="float: left ; min-height: 26px"><span class="col abilitycol">Pressure \/ Flash Fire \/ Flare Boost<\/span><span class="col abilitycol"><\/span><\/span><\/li><li style="clear: both"><\/li><\/ul>
|raw|<ul class="utilichart"><li class="result"><span style="float: left ; min-height: 26px"><span class="col statcol"><em>HP<\/em><br>85<\/span> <span class="col statcol"><em>Atk<\/em><br>90<\/span> <span class="col statcol"><em>Def<\/em><br>110<\/span> <span class="col statcol"><em>SpA<\/em><br>100<\/span> <span class="col statcol"><em>SpD<\/em><br>110<\/span> <span class="col statcol"><em>Spe<\/em><br>60<\/span> <\/span><\/li><li style="clear: both"><\/li><\/ul>
|-hint|Oonabee was created by BlueRay!
|move|p1a: Kingdra|Dragon Dance|p1a: Kingdra
|-boost|p1a: Kingdra|atk|1
|-boost|p1a: Kingdra|spe|1
|
|upkeep
|turn|13
|
|t:|1658173066
|switch|p1a: Electrode|Electrode|100\/100
|move|p2a: Oonabee|Dazzling Gleam|p1a: Electrode
|-damage|p1a: Electrode|72\/100
|
|upkeep
|turn|14
|
|t:|1658173075
|move|p1a: Electrode|Hidden Power|p2a: Oonabee
|-damage|p2a: Oonabee|89\/100
|move|p2a: Oonabee|Dazzling Gleam|p1a: Electrode
|-damage|p1a: Electrode|44\/100
|
|upkeep
|turn|15
|
|t:|1658173121
|move|p1a: Electrode|Hidden Power|p2a: Oonabee
|-crit|p2a: Oonabee
|-damage|p2a: Oonabee|74\/100
|move|p2a: Oonabee|Heat Wave|p1a: Electrode
|-damage|p1a: Electrode|20\/100
|
|upkeep
|turn|16
|
|t:|1658173128
|move|p1a: Electrode|Hidden Power|p2a: Oonabee
|-damage|p2a: Oonabee|64\/100
|move|p2a: Oonabee|Roost|p2a: Oonabee
|-heal|p2a: Oonabee|100\/100
|-singleturn|p2a: Oonabee|move: Roost
|
|upkeep
|turn|17
|
|t:|1658173137
|move|p1a: Electrode|Hidden Power|p2a: Oonabee
|-crit|p2a: Oonabee
|-damage|p2a: Oonabee|84\/100
|move|p2a: Oonabee|Dazzling Gleam|p1a: Electrode
|-damage|p1a: Electrode|0 fnt
|faint|p1a: Electrode
|
|upkeep
|
|t:|1658173141
|switch|p1a: Aggron|Aggron, M|100\/100
|turn|18
|
|t:|1658173177
|switch|p2a: Balleringue|Balleringue, F|100\/100
|-start|p2a: Balleringue|typechange|Bug\/Steel|[silent]
|raw|<ul class="utilichart"><li class="result"><span class="col pokemonnamecol" style="white-space: nowrap">Balleringue<\/span> <span class="col typecol"><img src="https:\/\/dragonheaven.herokuapp.com\/sprites\/types\/Bug.png" alt="Bug" height="14" width="32"><img src="https:\/\/dragonheaven.herokuapp.com\/sprites\/types\/Steel.png" alt="Steel" height="14" width="32"><\/span> <span style="float: left ; min-height: 26px"><span class="col abilitycol">Anticipation \/ Triage \/ Overcoat<\/span><span class="col abilitycol"><\/span><\/span><\/li><li style="clear: both"><\/li><\/ul>
|raw|<ul class="utilichart"><li class="result"><span style="float: left ; min-height: 26px"><span class="col statcol"><em>HP<\/em><br>80<\/span> <span class="col statcol"><em>Atk<\/em><br>109<\/span> <span class="col statcol"><em>Def<\/em><br>105<\/span> <span class="col statcol"><em>SpA<\/em><br>69<\/span> <span class="col statcol"><em>SpD<\/em><br>105<\/span> <span class="col statcol"><em>Spe<\/em><br>29<\/span> <\/span><\/li><li style="clear: both"><\/li><\/ul>
|-hint|Balleringue was created by Magmajudis!
|move|p1a: Aggron|Head Smash|p2a: Balleringue
|-damage|p2a: Balleringue|42\/100
|
|-heal|p2a: Balleringue|48\/100|[from] item: Leftovers
|upkeep
|turn|19
|
|t:|1658173186
|move|p2a: Balleringue|Leech Life|p1a: Aggron
|-resisted|p1a: Aggron
|-damage|p1a: Aggron|86\/100
|-heal|p2a: Balleringue|53\/100|[from] drain|[of] p1a: Aggron
|move|p1a: Aggron|Head Smash|p2a: Balleringue
|-damage|p2a: Balleringue|0 fnt
|faint|p2a: Balleringue
|
|upkeep
|
|t:|1658173197
|switch|p2a: Velocinobi|Velocinobi, F|100\/100
|-start|p2a: Velocinobi|typechange|Bug\/Ghost|[silent]
|raw|<ul class="utilichart"><li class="result"><span class="col pokemonnamecol" style="white-space: nowrap">Velocinobi<\/span> <span class="col typecol"><img src="https:\/\/dragonheaven.herokuapp.com\/sprites\/types\/Bug.png" alt="Bug" height="14" width="32"><img src="https:\/\/dragonheaven.herokuapp.com\/sprites\/types\/Ghost.png" alt="Ghost" height="14" width="32"><\/span> <span style="float: left ; min-height: 26px"><span class="col abilitycol">Shed Skin \/ Technician \/ Unburden<\/span><span class="col abilitycol"><\/span><\/span><\/li><li style="clear: both"><\/li><\/ul>
|raw|<ul class="utilichart"><li class="result"><span style="float: left ; min-height: 26px"><span class="col statcol"><em>HP<\/em><br>80<\/span> <span class="col statcol"><em>Atk<\/em><br>95<\/span> <span class="col statcol"><em>Def<\/em><br>20<\/span> <span class="col statcol"><em>SpA<\/em><br>105<\/span> <span class="col statcol"><em>SpD<\/em><br>90<\/span> <span class="col statcol"><em>Spe<\/em><br>145<\/span> <\/span><\/li><li style="clear: both"><\/li><\/ul>
|-hint|Velocinobi was created by quagsi!
|turn|20
|
|t:|1658173203
|move|p2a: Velocinobi|Focus Blast|p1a: Aggron|[miss]
|-miss|p2a: Velocinobi|p1a: Aggron
|move|p1a: Aggron|Head Smash|p2a: Velocinobi|[miss]
|-miss|p1a: Aggron|p2a: Velocinobi
|
|upkeep
|turn|21
|
|t:|1658173210
|switch|p1a: Gourgeist|Gourgeist-Super, M|100\/100
|-item|p2a: Velocinobi|Heavy-Duty Boots|[from] ability: Frisk|[of] p1a: Gourgeist|[identify]
|move|p2a: Velocinobi|Focus Blast|p1a: Gourgeist
|-immune|p1a: Gourgeist
|
|upkeep
|turn|22
|
|t:|1658173220
|move|p2a: Velocinobi|U-turn|p1a: Gourgeist
|-damage|p1a: Gourgeist|91\/100
|
|t:|1658173231
|switch|p2a: Oonabee|Oonabee, M|84\/100|[from]move: U-turn
|-start|p2a: Oonabee|typechange|Bug\/Fairy|[silent]
|move|p1a: Gourgeist|Leech Seed|p2a: Oonabee
|-start|p2a: Oonabee|move: Leech Seed
|
|-damage|p2a: Oonabee|71\/100|[from] Leech Seed|[of] p1a: Gourgeist
|-heal|p1a: Gourgeist|100\/100|[silent]
|upkeep
|turn|23
|
|t:|1658173241
|switch|p2a: Velocinobi|Velocinobi, F|100\/100
|-start|p2a: Velocinobi|typechange|Bug\/Ghost|[silent]
|switch|p1a: Aggron|Aggron, M|86\/100
|
|upkeep
|turn|24
|
|t:|1658173249
|move|p2a: Velocinobi|Focus Blast|p1a: Aggron
|-supereffective|p1a: Aggron
|-damage|p1a: Aggron|0 fnt
|faint|p1a: Aggron
|
|upkeep
|
|t:|1658173254
|switch|p1a: Kingdra|Kingdra, M|100\/100
|turn|25
|
|t:|1658173279
|move|p2a: Velocinobi|U-turn|p1a: Kingdra
|-damage|p1a: Kingdra|76\/100
|
|t:|1658173283
|switch|p2a: Oonabee|Oonabee, M|71\/100|[from]move: U-turn
|-start|p2a: Oonabee|typechange|Bug\/Fairy|[silent]
|move|p1a: Kingdra|Dragon Dance|p1a: Kingdra
|-boost|p1a: Kingdra|atk|1
|-boost|p1a: Kingdra|spe|1
|
|upkeep
|turn|26
|
|t:|1658173293
|move|p1a: Kingdra|Waterfall|p2a: Oonabee
|-damage|p2a: Oonabee|25\/100
|move|p2a: Oonabee|Dazzling Gleam|p1a: Kingdra
|-supereffective|p1a: Kingdra
|-damage|p1a: Kingdra|10\/100
|
|upkeep
|turn|27
|
|t:|1658173306
|move|p1a: Kingdra|Waterfall|p2a: Oonabee
|-damage|p2a: Oonabee|0 fnt
|faint|p2a: Oonabee
|
|upkeep
|
|t:|1658173315
|switch|p2a: Orbeetle|Orbeetle-Variant, M|100\/100
|-start|p2a: Orbeetle|typechange|Bug\/Electric|[silent]
|raw|<ul class="utilichart"><li class="result"><span class="col pokemonnamecol" style="white-space: nowrap">Orbeetle-Variant<\/span> <span class="col typecol"><img src="https:\/\/dragonheaven.herokuapp.com\/sprites\/types\/Bug.png" alt="Bug" height="14" width="32"><img src="https:\/\/dragonheaven.herokuapp.com\/sprites\/types\/Electric.png" alt="Electric" height="14" width="32"><\/span> <span style="float: left ; min-height: 26px"><span class="col abilitycol">Swarm \/ Frisk \/ Cotton Down<\/span><span class="col abilitycol"><\/span><\/span><\/li><li style="clear: both"><\/li><\/ul>
|raw|<ul class="utilichart"><li class="result"><span style="float: left ; min-height: 26px"><span class="col statcol"><em>HP<\/em><br>60<\/span> <span class="col statcol"><em>Atk<\/em><br>45<\/span> <span class="col statcol"><em>Def<\/em><br>110<\/span> <span class="col statcol"><em>SpA<\/em><br>120<\/span> <span class="col statcol"><em>SpD<\/em><br>80<\/span> <span class="col statcol"><em>Spe<\/em><br>90<\/span> <\/span><\/li><li style="clear: both"><\/li><\/ul>
|-hint|Orbeetle-Variant was created by Magmajudis!
|turn|28
|
|t:|1658173333
|move|p1a: Kingdra|Scale Shot|p2a: Orbeetle
|-damage|p2a: Orbeetle|84\/100
|-ability|p2a: Orbeetle|Cotton Down
|-unboost|p1a: Kingdra|spe|1
|-damage|p2a: Orbeetle|66\/100
|-ability|p2a: Orbeetle|Cotton Down
|-unboost|p1a: Kingdra|spe|1
|-hitcount|p2a: Orbeetle|2
|-unboost|p1a: Kingdra|def|1
|-boost|p1a: Kingdra|spe|1
|move|p2a: Orbeetle|Electro Ball|p1a: Kingdra
|-damage|p1a: Kingdra|0 fnt
|faint|p1a: Kingdra
|
|upkeep
|
|t:|1658173341
|switch|p1a: Sundor|Sundor, M|100\/100
|-start|p1a: Sundor|typechange|Bug\/Fighting|[silent]
|raw|<ul class="utilichart"><li class="result"><span class="col pokemonnamecol" style="white-space: nowrap">Sundor<\/span> <span class="col typecol"><img src="https:\/\/dragonheaven.herokuapp.com\/sprites\/types\/Bug.png" alt="Bug" height="14" width="32"><img src="https:\/\/dragonheaven.herokuapp.com\/sprites\/types\/Fighting.png" alt="Fighting" height="14" width="32"><\/span> <span style="float: left ; min-height: 26px"><span class="col abilitycol">Swarm \/ Technician \/ Steadfast<\/span><span class="col abilitycol"><\/span><\/span><\/li><li style="clear: both"><\/li><\/ul>
|raw|<ul class="utilichart"><li class="result"><span style="float: left ; min-height: 26px"><span class="col statcol"><em>HP<\/em><br>70<\/span> <span class="col statcol"><em>Atk<\/em><br>55<\/span> <span class="col statcol"><em>Def<\/em><br>80<\/span> <span class="col statcol"><em>SpA<\/em><br>110<\/span> <span class="col statcol"><em>SpD<\/em><br>80<\/span> <span class="col statcol"><em>Spe<\/em><br>105<\/span> <\/span><\/li><li style="clear: both"><\/li><\/ul>
|-hint|Sundor was created by Magmajudis!
|turn|29
|
|t:|1658173359
|move|p1a: Sundor|Calm Mind|p1a: Sundor
|-boost|p1a: Sundor|spa|1
|-boost|p1a: Sundor|spd|1
|move|p2a: Orbeetle|Calm Mind|p2a: Orbeetle
|-boost|p2a: Orbeetle|spa|1
|-boost|p2a: Orbeetle|spd|1
|
|upkeep
|turn|30
|
|t:|1658173367
|move|p1a: Sundor|Hidden Power|p2a: Orbeetle
|-supereffective|p2a: Orbeetle
|-damage|p2a: Orbeetle|0 fnt
|-ability|p2a: Orbeetle|Cotton Down
|-unboost|p1a: Sundor|spe|1
|faint|p2a: Orbeetle
|
|upkeep
|
|t:|1658173387
|switch|p2a: Frosmoth|Frosmoth-Variant, M|100\/100
|-start|p2a: Frosmoth|typechange|Normal\/Bug|[silent]
|raw|<ul class="utilichart"><li class="result"><span class="col pokemonnamecol" style="white-space: nowrap">Frosmoth-Variant<\/span> <span class="col typecol"><img src="https:\/\/dragonheaven.herokuapp.com\/sprites\/types\/Normal.png" alt="Normal" height="14" width="32"><img src="https:\/\/dragonheaven.herokuapp.com\/sprites\/types\/Bug.png" alt="Bug" height="14" width="32"><\/span> <span style="float: left ; min-height: 26px"><span class="col abilitycol">Shield Dust \/ Fur Coat \/ Scale Shift<\/span><span class="col abilitycol"><\/span><\/span><\/li><li style="clear: both"><\/li><\/ul>
|raw|<ul class="utilichart"><li class="result"><span style="float: left ; min-height: 26px"><span class="col statcol"><em>HP<\/em><br>70<\/span> <span class="col statcol"><em>Atk<\/em><br>65<\/span> <span class="col statcol"><em>Def<\/em><br>60<\/span> <span class="col statcol"><em>SpA<\/em><br>125<\/span> <span class="col statcol"><em>SpD<\/em><br>90<\/span> <span class="col statcol"><em>Spe<\/em><br>65<\/span> <\/span><\/li><li style="clear: both"><\/li><\/ul>
|-hint|Frosmoth-Variant was created by BlueRay!
|turn|31
|
|t:|1658173393
|move|p1a: Sundor|Hidden Power|p2a: Frosmoth
|-supereffective|p2a: Frosmoth
|-damage|p2a: Frosmoth|14\/100
|move|p2a: Frosmoth|Quiver Dance|p2a: Frosmoth
|-boost|p2a: Frosmoth|spa|1
|-boost|p2a: Frosmoth|spd|1
|-boost|p2a: Frosmoth|spe|1
|
|upkeep
|turn|32
|c|☆time to chill|which hp is that?
|c|☆time to chill|flying?
|l|+H2OPulse
|c|☆time to chill|no, rock probably
|
|t:|1658173418
|move|p1a: Sundor|Vacuum Wave|p2a: Frosmoth
|-damage|p2a: Frosmoth|0 fnt
|faint|p2a: Frosmoth
|
|upkeep
|c|☆abismal|fire
|c|☆time to chill|why?
|
|t:|1658173427
|switch|p2a: Velocinobi|Velocinobi, F|100\/100
|-start|p2a: Velocinobi|typechange|Bug\/Ghost|[silent]
|turn|33
|
|t:|1658173433
|move|p2a: Velocinobi|Toxic|p1a: Sundor
|-status|p1a: Sundor|tox
|move|p1a: Sundor|Hidden Power|p2a: Velocinobi
|-supereffective|p2a: Velocinobi
|-damage|p2a: Velocinobi|1\/100
|
|-damage|p1a: Sundor|94\/100 tox|[from] psn
|upkeep
|turn|34
|c|☆abismal|idk
|
|t:|1658173442
|move|p2a: Velocinobi|Hex|p1a: Sundor
|-damage|p1a: Sundor|38\/100 tox
|move|p1a: Sundor|Hidden Power|p2a: Velocinobi
|-supereffective|p2a: Velocinobi
|-damage|p2a: Velocinobi|0 fnt
|faint|p2a: Velocinobi
|
|-heal|p1a: Sundor|44\/100 tox|[from] item: Leftovers
|-damage|p1a: Sundor|31\/100 tox|[from] psn
|upkeep
|
|t:|1658173451
|switch|p2a: Scolipede|Scolipede-Variant, M|53\/100 tox
|-start|p2a: Scolipede|typechange|Bug\/Ground|[silent]
|turn|35
|
|t:|1658173461
|move|p1a: Sundor|Vacuum Wave|p2a: Scolipede
|-resisted|p2a: Scolipede
|-damage|p2a: Scolipede|20\/100 tox
|move|p2a: Scolipede|Earthquake|p1a: Sundor
|-resisted|p1a: Sundor
|-damage|p1a: Sundor|6\/100 tox
|
|-heal|p1a: Sundor|12\/100 tox|[from] item: Leftovers
|-heal|p2a: Scolipede|33\/100 tox|[from] ability: Poison Heal
|-damage|p1a: Sundor|0 fnt|[from] psn
|faint|p1a: Sundor
|upkeep
|
|t:|1658173465
|switch|p1a: Gourgeist|Gourgeist-Super, M|100\/100
|-item|p2a: Scolipede|Toxic Orb|[from] ability: Frisk|[of] p1a: Gourgeist|[identify]
|turn|36
|
|t:|1658173474
|move|p2a: Scolipede|Protect|p2a: Scolipede
|-singleturn|p2a: Scolipede|Protect
|move|p1a: Gourgeist|Seed Bomb|p2a: Scolipede
|-activate|p2a: Scolipede|move: Protect
|
|-heal|p2a: Scolipede|45\/100 tox|[from] ability: Poison Heal
|upkeep
|turn|37
|
|t:|1658173496
|move|p2a: Scolipede|Toxic|p1a: Gourgeist
|-status|p1a: Gourgeist|tox
|move|p1a: Gourgeist|Seed Bomb|p2a: Scolipede
|-damage|p2a: Scolipede|18\/100 tox
|
|-heal|p2a: Scolipede|31\/100 tox|[from] ability: Poison Heal
|-damage|p1a: Gourgeist|94\/100 tox|[from] psn
|upkeep
|turn|38
|
|t:|1658173506
|move|p2a: Scolipede|Protect|p2a: Scolipede
|-singleturn|p2a: Scolipede|Protect
|move|p1a: Gourgeist|Seed Bomb|p2a: Scolipede
|-activate|p2a: Scolipede|move: Protect
|
|-heal|p2a: Scolipede|43\/100 tox|[from] ability: Poison Heal
|-damage|p1a: Gourgeist|82\/100 tox|[from] psn
|upkeep
|turn|39
|-message|abismal forfeited.
|
|win|time to chill
|c|☆abismal|gg
|c|☆time to chill|gg
|l|☆abismal</script>
</div>
<div class="battle-log battle-log-inline"><div class="inner"><div class="battle-options"><div style="padding-top: 3px; padding-right: 3px; text-align: right"><button class="icon button" name="openBattleOptions" title="Options">Battle Options</button></div></div><div class="inner message-log"><div class="chat"><small>☆abismal and ☆time to chill joined</small></div><div class=""><small>Format:</small> <br><strong>[Gen 8] Evolution Project</strong></div><div class=""><small><em>HP Percentage Mod:</em> HP is shown in percentages</small></div><div class=""><small><em>Endless Battle Clause:</em> Forcing endless battles is banned</small></div><div class=""><small><em>OHKO Clause:</em> OHKO moves are banned</small></div><div class=""><small><em>Evasion Moves Clause:</em> Evasion moves are banned</small></div><div class=""><small><em>Species Clause:</em> Limit one of each Pokémon</small></div><div class=""><small><em>Dynamax Clause:</em> You cannot dynamax</small></div><div class=""><small><em>Sleep Clause Mod:</em> Limit one foe put to sleep</small></div><div class=""><small><em>Z-Move Clause:</em> Type-based Z-Moves are banned</small></div><div class="chat battle-history"><strong>abismal's team:</strong> <em style="color:#445566;display:block;">Aggron / Gourgeist-* / Kingdra / Electrode / Mantine-Variant / Sundor</em></div><div class="chat battle-history"><strong>time to chill's team:</strong> <em style="color:#445566;display:block;">Balleringue / Oonabee / Scolipede-Variant / Velocinobi / Orbeetle-Variant / Frosmoth-Variant</em></div><div class="chat chatmessage-timetochill"><strong style="color:#338e9e"><small>☆</small><span class="username" data-name="time to chill">time to chill</span>:</strong> <em>glhf!</em></div><div class="chat chatmessage-abismal"><strong style="color:#68a730"><small>☆</small><span class="username" data-name="abismal">abismal</span>:</strong> <em>u2</em></div><div class="spacer battle-history"><br></div><div class="battle-history">Battle started between abismal and time to chill!<br></div><div class="spacer battle-history"><br></div><div class="battle-history">Go! <strong>Aggron</strong>!<br></div><div class="spacer battle-history"><br></div><div class="battle-history">time to chill sent out Scolipede (<strong>Scolipede-Variant</strong>)!<br></div><div class="chat"><ul class="utilichart"><li class="result"><span class="col pokemonnamecol" style="white-space: nowrap">Scolipede-Variant</span> <span class="col typecol"><img src="https://dragonheaven.herokuapp.com/sprites/types/Bug.png" alt="Bug" height="14" width="32"><img src="https://dragonheaven.herokuapp.com/sprites/types/Ground.png" alt="Ground" height="14" width="32"></span> <span style="float: left ; min-height: 26px"><span class="col abilitycol">Poison Heal / Swarm / Quick Feet</span><span class="col abilitycol"></span></span></li><li style="clear: both"></li></ul></div><div class="chat"><ul class="utilichart"><li class="result"><span style="float: left ; min-height: 26px"><span class="col statcol"><em>HP</em><br>100</span> <span class="col statcol"><em>Atk</em><br>100</span> <span class="col statcol"><em>Def</em><br>49</span> <span class="col statcol"><em>SpA</em><br>85</span> <span class="col statcol"><em>SpD</em><br>39</span> <span class="col statcol"><em>Spe</em><br>112</span> </span></li><li style="clear: both"></li></ul></div><div class="battle-history"><small>(Scolipede-Variant was created by BlueRay!)</small><br></div><div class="spacer battle-history"><br></div><h2 class="battle-history">Turn 1</h2><div class="chat"><small>+H2OPulse joined</small></div><div class="spacer battle-history"><br></div><div class="battle-history">Aggron used <strong>Head Smash</strong>!<br></div><div class="battle-history"><small>(The opposing Scolipede lost 71% of its health!)</small><br></div><div class="spacer battle-history"><br></div><div class="battle-history">The opposing Scolipede used <strong>Substitute</strong>!<br></div><div class="battle-history"><small>The opposing Scolipede put in a substitute!</small><br></div><div class="battle-history"><small>(The opposing Scolipede lost 25% of its health!)</small><br></div><div class="spacer battle-history"><br></div><div class="battle-history"><small>The opposing Scolipede was badly poisoned!</small><br></div><div class="spacer battle-history"><br></div><h2 class="battle-history">Turn 2</h2><div class="spacer battle-history"><br></div><div class="battle-history">Aggron, come back!<br></div><div class="battle-history">Go! Mantine (<strong>Mantine-Variant</strong>)!<br></div><div class="chat"><ul class="utilichart"><li class="result"><span class="col pokemonnamecol" style="white-space: nowrap">Mantine-Variant</span> <span class="col typecol"><img src="https://dragonheaven.herokuapp.com/sprites/types/Fire.png" alt="Fire" height="14" width="32"></span> <span style="float: left ; min-height: 26px"><span class="col abilitycol">Cloud Nine / Levitate / Flame Body</span><span class="col abilitycol"></span></span></li><li style="clear: both"></li></ul></div><div class="chat"><ul class="utilichart"><li class="result"><span style="float: left ; min-height: 26px"><span class="col statcol"><em>HP</em><br>85</span> <span class="col statcol"><em>Atk</em><br>40</span> <span class="col statcol"><em>Def</em><br>70</span> <span class="col statcol"><em>SpA</em><br>70</span> <span class="col statcol"><em>SpD</em><br>140</span> <span class="col statcol"><em>Spe</em><br>80</span> </span></li><li style="clear: both"></li></ul></div><div class="battle-history"><small>(Mantine-Variant was created by Violet!)</small><br></div><div class="spacer battle-history"><br></div><div class="battle-history">The opposing Scolipede used <strong>Earthquake</strong>!<br></div><div class="battle-history">[Mantine's Levitate]<br><small>It doesn't affect Mantine...</small><br></div><div class="spacer battle-history"><br></div><div class="battle-history">[The opposing Scolipede's Poison Heal]<br><small>The opposing Scolipede had its HP restored.</small><br></div><div class="spacer battle-history"><br></div><h2 class="battle-history">Turn 3</h2><div class="chat chatmessage-h2opulse"><strong style="color:#6e8c2b"><small>+</small><span class="username" data-name="H2OPulse">H2OPulse</span>:</strong> <em>Ohh good luck and have fun both!! O:</em></div><div class="chat"><small>~inkbug1 joined</small></div><div class="spacer battle-history"><br></div><div class="battle-history">The opposing Scolipede used <strong>Protect</strong>!<br></div><div class="battle-history"><small>The opposing Scolipede protected itself!</small><br></div><div class="spacer battle-history"><br></div><div class="battle-history">Mantine used <strong>Scald</strong>!<br></div><div class="battle-history"><small>The opposing Scolipede protected itself!</small><br></div><div class="spacer battle-history"><br></div><div class="battle-history">[The opposing Scolipede's Poison Heal]<br><small>The opposing Scolipede had its HP restored.</small><br></div><div class="spacer battle-history"><br></div><h2 class="battle-history">Turn 4</h2><div class="spacer battle-history"><br></div><div class="battle-history">The opposing Scolipede used <strong>Toxic</strong>!<br></div><div class="battle-history"><small>Mantine was badly poisoned!</small><br></div><div class="spacer battle-history"><br></div><div class="battle-history">Mantine used <strong>Scald</strong>!<br></div><div class="battle-history"><small>It's super effective!</small><br></div><div class="battle-history"><small>The opposing Scolipede's substitute faded!</small><br></div><div class="spacer battle-history"><br></div><div class="battle-history">[The opposing Scolipede's Poison Heal]<br><small>The opposing Scolipede had its HP restored.</small><br></div><div class="battle-history"><small>Mantine was hurt by poison!</small><br></div><div class="spacer battle-history"><br></div><h2 class="battle-history">Turn 5</h2><div class="spacer battle-history"><br></div><div class="battle-history">Mantine, come back!<br></div><div class="battle-history">Go! <strong>Aggron</strong>!<br></div><div class="spacer battle-history"><br></div><div class="battle-history">The opposing Scolipede used <strong>Substitute</strong>!<br></div><div class="battle-history"><small>The opposing Scolipede put in a substitute!</small><br></div><div class="battle-history"><small>(The opposing Scolipede lost 25% of its health!)</small><br></div><div class="spacer battle-history"><br></div><div class="battle-history">[The opposing Scolipede's Poison Heal]<br><small>The opposing Scolipede had its HP restored.</small><br></div><div class="spacer battle-history"><br></div><h2 class="battle-history">Turn 6</h2><div class="spacer battle-history"><br></div><div class="battle-history">Aggron, come back!<br></div><div class="battle-history">Go! Mantine (<strong>Mantine-Variant</strong>)!<br></div><div class="spacer battle-history"><br></div><div class="battle-history">The opposing Scolipede used <strong>Earthquake</strong>!<br></div><div class="battle-history">[Mantine's Levitate]<br><small>It doesn't affect Mantine...</small><br></div><div class="spacer battle-history"><br></div><div class="battle-history">[The opposing Scolipede's Poison Heal]<br><small>The opposing Scolipede had its HP restored.</small><br></div><div class="battle-history"><small>Mantine was hurt by poison!</small><br></div><div class="spacer battle-history"><br></div><h2 class="battle-history">Turn 7</h2><div class="spacer battle-history"><br></div><div class="battle-history">The opposing Scolipede used <strong>Protect</strong>!<br></div><div class="battle-history"><small>The opposing Scolipede protected itself!</small><br></div><div class="spacer battle-history"><br></div><div class="battle-history">Mantine used <strong>Scald</strong>!<br></div><div class="battle-history"><small>The opposing Scolipede protected itself!</small><br></div><div class="spacer battle-history"><br></div><div class="battle-history">[The opposing Scolipede's Poison Heal]<br><small>The opposing Scolipede had its HP restored.</small><br></div><div class="battle-history"><small>Mantine was hurt by poison!</small><br></div><div class="spacer battle-history"><br></div><h2 class="battle-history">Turn 8</h2><div class="spacer battle-history"><br></div><div class="battle-history">The opposing Scolipede used <strong>Toxic</strong>!<br></div><div class="battle-history"><small>But it failed!</small><br></div><div class="spacer battle-history"><br></div><div class="battle-history">Mantine used <strong>Scald</strong>!<br></div><div class="battle-history"><small>It's super effective!</small><br></div><div class="battle-history"><small>The opposing Scolipede's substitute faded!</small><br></div><div class="spacer battle-history"><br></div><div class="battle-history">[The opposing Scolipede's Poison Heal]<br><small>The opposing Scolipede had its HP restored.</small><br></div><div class="battle-history"><small>Mantine was hurt by poison!</small><br></div><div class="spacer battle-history"><br></div><h2 class="battle-history">Turn 9</h2><div class="spacer battle-history"><br></div><div class="battle-history">The opposing Scolipede used <strong>Protect</strong>!<br></div><div class="battle-history"><small>The opposing Scolipede protected itself!</small><br></div><div class="spacer battle-history"><br></div><div class="battle-history">Mantine used <strong>Scald</strong>!<br></div><div class="battle-history"><small>The opposing Scolipede protected itself!</small><br></div><div class="spacer battle-history"><br></div><div class="battle-history">[The opposing Scolipede's Poison Heal]<br><small>The opposing Scolipede had its HP restored.</small><br></div><div class="battle-history"><small>Mantine was hurt by poison!</small><br></div><div class="spacer battle-history"><br></div><h2 class="battle-history">Turn 10</h2><div class="spacer battle-history"><br></div><div class="battle-history">The opposing Scolipede used <strong>Substitute</strong>!<br></div><div class="battle-history"><small>The opposing Scolipede put in a substitute!</small><br></div><div class="battle-history"><small>(The opposing Scolipede lost 25% of its health!)</small><br></div><div class="spacer battle-history"><br></div><div class="battle-history">Mantine used <strong>Scald</strong>!<br></div><div class="battle-history"><small>It's super effective!</small><br></div><div class="battle-history"><small>The opposing Scolipede's substitute faded!</small><br></div><div class="spacer battle-history"><br></div><div class="battle-history">[The opposing Scolipede's Poison Heal]<br><small>The opposing Scolipede had its HP restored.</small><br></div><div class="battle-history"><small>Mantine was hurt by poison!</small><br></div><div class="spacer battle-history"><br></div><h2 class="battle-history">Turn 11</h2><div class="spacer battle-history"><br></div><div class="battle-history">The opposing Scolipede used <strong>Substitute</strong>!<br></div><div class="battle-history"><small>The opposing Scolipede put in a substitute!</small><br></div><div class="battle-history"><small>(The opposing Scolipede lost 25% of its health!)</small><br></div><div class="spacer battle-history"><br></div><div class="battle-history">Mantine used <strong>Scald</strong>!<br></div><div class="battle-history"><small>It's super effective!</small><br></div><div class="battle-history"><small>The opposing Scolipede's substitute faded!</small><br></div><div class="spacer battle-history"><br></div><div class="battle-history">[The opposing Scolipede's Poison Heal]<br><small>The opposing Scolipede had its HP restored.</small><br></div><div class="battle-history"><small>Mantine was hurt by poison!</small><br></div><div class="spacer battle-history"><br></div><div class="battle-history">Mantine fainted!<br></div><div class="spacer battle-history"><br></div><div class="battle-history">Go! <strong>Kingdra</strong>!<br></div><div class="spacer battle-history"><br></div><h2 class="battle-history">Turn 12</h2><div class="spacer battle-history"><br></div><div class="battle-history">time to chill withdrew Scolipede!<br></div><div class="battle-history">time to chill sent out <strong>Oonabee</strong>!<br></div><div class="chat"><ul class="utilichart"><li class="result"><span class="col pokemonnamecol" style="white-space: nowrap">Oonabee</span> <span class="col typecol"><img src="https://dragonheaven.herokuapp.com/sprites/types/Bug.png" alt="Bug" height="14" width="32"><img src="https://dragonheaven.herokuapp.com/sprites/types/Fairy.png" alt="Fairy" height="14" width="32"></span> <span style="float: left ; min-height: 26px"><span class="col abilitycol">Pressure / Flash Fire / Flare Boost</span><span class="col abilitycol"></span></span></li><li style="clear: both"></li></ul></div><div class="chat"><ul class="utilichart"><li class="result"><span style="float: left ; min-height: 26px"><span class="col statcol"><em>HP</em><br>85</span> <span class="col statcol"><em>Atk</em><br>90</span> <span class="col statcol"><em>Def</em><br>110</span> <span class="col statcol"><em>SpA</em><br>100</span> <span class="col statcol"><em>SpD</em><br>110</span> <span class="col statcol"><em>Spe</em><br>60</span> </span></li><li style="clear: both"></li></ul></div><div class="battle-history"><small>(Oonabee was created by BlueRay!)</small><br></div><div class="spacer battle-history"><br></div><div class="battle-history">Kingdra used <strong>Dragon Dance</strong>!<br></div><div class="battle-history"><small>Kingdra's Attack rose!</small><br></div><div class="battle-history"><small>Kingdra's Speed rose!</small><br></div><div class="spacer battle-history"><br></div><h2 class="battle-history">Turn 13</h2><div class="spacer battle-history"><br></div><div class="battle-history">Kingdra, come back!<br></div><div class="battle-history">Go! <strong>Electrode</strong>!<br></div><div class="spacer battle-history"><br></div><div class="battle-history">The opposing Oonabee used <strong>Dazzling Gleam</strong>!<br></div><div class="battle-history"><small>(Electrode lost 28% of its health!)</small><br></div><div class="spacer battle-history"><br></div><h2 class="battle-history">Turn 14</h2><div class="spacer battle-history"><br></div><div class="battle-history">Electrode used <strong>Hidden Power</strong>!<br></div><div class="battle-history"><small>(The opposing Oonabee lost 11% of its health!)</small><br></div><div class="spacer battle-history"><br></div><div class="battle-history">The opposing Oonabee used <strong>Dazzling Gleam</strong>!<br></div><div class="battle-history"><small>(Electrode lost 28% of its health!)</small><br></div><div class="spacer battle-history"><br></div><h2 class="battle-history">Turn 15</h2><div class="spacer battle-history"><br></div><div class="battle-history">Electrode used <strong>Hidden Power</strong>!<br></div><div class="battle-history"><small>A critical hit!</small><br></div><div class="battle-history"><small>(The opposing Oonabee lost 15% of its health!)</small><br></div><div class="spacer battle-history"><br></div><div class="battle-history">The opposing Oonabee used <strong>Heat Wave</strong>!<br></div><div class="battle-history"><small>(Electrode lost 24% of its health!)</small><br></div><div class="spacer battle-history"><br></div><h2 class="battle-history">Turn 16</h2><div class="spacer battle-history"><br></div><div class="battle-history">Electrode used <strong>Hidden Power</strong>!<br></div><div class="battle-history"><small>(The opposing Oonabee lost 10% of its health!)</small><br></div><div class="spacer battle-history"><br></div><div class="battle-history">The opposing Oonabee used <strong>Roost</strong>!<br></div><div class="battle-history"><small>The opposing Oonabee had its HP restored.</small><br></div><div class="spacer battle-history"><br></div><h2 class="battle-history">Turn 17</h2><div class="spacer battle-history"><br></div><div class="battle-history">Electrode used <strong>Hidden Power</strong>!<br></div><div class="battle-history"><small>A critical hit!</small><br></div><div class="battle-history"><small>(The opposing Oonabee lost 16% of its health!)</small><br></div><div class="spacer battle-history"><br></div><div class="battle-history">The opposing Oonabee used <strong>Dazzling Gleam</strong>!<br></div><div class="battle-history"><small>(Electrode lost 20% of its health!)</small><br></div><div class="spacer battle-history"><br></div><div class="battle-history">Electrode fainted!<br></div><div class="spacer battle-history"><br></div><div class="battle-history">Go! <strong>Aggron</strong>!<br></div><div class="spacer battle-history"><br></div><h2 class="battle-history">Turn 18</h2><div class="spacer battle-history"><br></div><div class="battle-history">time to chill withdrew Oonabee!<br></div><div class="battle-history">time to chill sent out <strong>Balleringue</strong>!<br></div><div class="chat"><ul class="utilichart"><li class="result"><span class="col pokemonnamecol" style="white-space: nowrap">Balleringue</span> <span class="col typecol"><img src="https://dragonheaven.herokuapp.com/sprites/types/Bug.png" alt="Bug" height="14" width="32"><img src="https://dragonheaven.herokuapp.com/sprites/types/Steel.png" alt="Steel" height="14" width="32"></span> <span style="float: left ; min-height: 26px"><span class="col abilitycol">Anticipation / Triage / Overcoat</span><span class="col abilitycol"></span></span></li><li style="clear: both"></li></ul></div><div class="chat"><ul class="utilichart"><li class="result"><span style="float: left ; min-height: 26px"><span class="col statcol"><em>HP</em><br>80</span> <span class="col statcol"><em>Atk</em><br>109</span> <span class="col statcol"><em>Def</em><br>105</span> <span class="col statcol"><em>SpA</em><br>69</span> <span class="col statcol"><em>SpD</em><br>105</span> <span class="col statcol"><em>Spe</em><br>29</span> </span></li><li style="clear: both"></li></ul></div><div class="battle-history"><small>(Balleringue was created by Magmajudis!)</small><br></div><div class="spacer battle-history"><br></div><div class="battle-history">Aggron used <strong>Head Smash</strong>!<br></div><div class="battle-history"><small>(The opposing Balleringue lost 58% of its health!)</small><br></div><div class="spacer battle-history"><br></div><div class="battle-history"><small>The opposing Balleringue restored a little HP using its Leftovers!</small><br></div><div class="spacer battle-history"><br></div><h2 class="battle-history">Turn 19</h2><div class="spacer battle-history"><br></div><div class="battle-history">The opposing Balleringue used <strong>Leech Life</strong>!<br></div><div class="battle-history"><small>It's not very effective...</small><br></div><div class="battle-history"><small>(Aggron lost 14% of its health!)</small><br></div><div class="battle-history"><small>Aggron had its energy drained!</small><br></div><div class="spacer battle-history"><br></div><div class="battle-history">Aggron used <strong>Head Smash</strong>!<br></div><div class="battle-history"><small>(The opposing Balleringue lost 53% of its health!)</small><br></div><div class="spacer battle-history"><br></div><div class="battle-history">The opposing Balleringue fainted!<br></div><div class="spacer battle-history"><br></div><div class="battle-history">time to chill sent out <strong>Velocinobi</strong>!<br></div><div class="chat"><ul class="utilichart"><li class="result"><span class="col pokemonnamecol" style="white-space: nowrap">Velocinobi</span> <span class="col typecol"><img src="https://dragonheaven.herokuapp.com/sprites/types/Bug.png" alt="Bug" height="14" width="32"><img src="https://dragonheaven.herokuapp.com/sprites/types/Ghost.png" alt="Ghost" height="14" width="32"></span> <span style="float: left ; min-height: 26px"><span class="col abilitycol">Shed Skin / Technician / Unburden</span><span class="col abilitycol"></span></span></li><li style="clear: both"></li></ul></div><div class="chat"><ul class="utilichart"><li class="result"><span style="float: left ; min-height: 26px"><span class="col statcol"><em>HP</em><br>80</span> <span class="col statcol"><em>Atk</em><br>95</span> <span class="col statcol"><em>Def</em><br>20</span> <span class="col statcol"><em>SpA</em><br>105</span> <span class="col statcol"><em>SpD</em><br>90</span> <span class="col statcol"><em>Spe</em><br>145</span> </span></li><li style="clear: both"></li></ul></div><div class="battle-history"><small>(Velocinobi was created by quagsi!)</small><br></div><div class="spacer battle-history"><br></div><h2 class="battle-history">Turn 20</h2><div class="spacer battle-history"><br></div><div class="battle-history">The opposing Velocinobi used <strong>Focus Blast</strong>!<br></div><div class="battle-history"><small>Aggron avoided the attack!</small><br></div><div class="spacer battle-history"><br></div><div class="battle-history">Aggron used <strong>Head Smash</strong>!<br></div><div class="battle-history"><small>The opposing Velocinobi avoided the attack!</small><br></div><div class="spacer battle-history"><br></div><h2 class="battle-history">Turn 21</h2><div class="spacer battle-history"><br></div><div class="battle-history">Aggron, come back!<br></div><div class="battle-history">Go! Gourgeist (<strong>Gourgeist-Super</strong>)!<br></div><div class="battle-history">[Gourgeist's Frisk]<br><small>Gourgeist frisked the opposing Velocinobi and found its Heavy-Duty Boots!</small><br></div><div class="spacer battle-history"><br></div><div class="battle-history">The opposing Velocinobi used <strong>Focus Blast</strong>!<br></div><div class="battle-history"><small>It doesn't affect Gourgeist...</small><br></div><div class="spacer battle-history"><br></div><h2 class="battle-history">Turn 22</h2><div class="spacer battle-history"><br></div><div class="battle-history">The opposing Velocinobi used <strong>U-turn</strong>!<br></div><div class="battle-history"><small>(Gourgeist lost 9% of its health!)</small><br></div><div class="spacer battle-history"><br></div><div class="battle-history">The opposing Velocinobi went back to time to chill!<br></div><div class="battle-history">time to chill sent out <strong>Oonabee</strong>!<br></div><div class="spacer battle-history"><br></div><div class="battle-history">Gourgeist used <strong>Leech Seed</strong>!<br></div><div class="battle-history"><small>The opposing Oonabee was seeded!</small><br></div><div class="spacer battle-history"><br></div><div class="battle-history"><small>The opposing Oonabee's health is sapped by Leech Seed!</small><br></div><div class="spacer battle-history"><br></div><h2 class="battle-history">Turn 23</h2><div class="spacer battle-history"><br></div><div class="battle-history">time to chill withdrew Oonabee!<br></div><div class="battle-history">time to chill sent out <strong>Velocinobi</strong>!<br></div><div class="spacer battle-history"><br></div><div class="battle-history">Gourgeist, come back!<br></div><div class="battle-history">Go! <strong>Aggron</strong>!<br></div><div class="spacer battle-history"><br></div><h2 class="battle-history">Turn 24</h2><div class="spacer battle-history"><br></div><div class="battle-history">The opposing Velocinobi used <strong>Focus Blast</strong>!<br></div><div class="battle-history"><small>It's super effective!</small><br></div><div class="battle-history"><small>(Aggron lost 86% of its health!)</small><br></div><div class="spacer battle-history"><br></div><div class="battle-history">Aggron fainted!<br></div><div class="spacer battle-history"><br></div><div class="battle-history">Go! <strong>Kingdra</strong>!<br></div><div class="spacer battle-history"><br></div><h2 class="battle-history">Turn 25</h2><div class="spacer battle-history"><br></div><div class="battle-history">The opposing Velocinobi used <strong>U-turn</strong>!<br></div><div class="battle-history"><small>(Kingdra lost 24% of its health!)</small><br></div><div class="spacer battle-history"><br></div><div class="battle-history">The opposing Velocinobi went back to time to chill!<br></div><div class="battle-history">time to chill sent out <strong>Oonabee</strong>!<br></div><div class="spacer battle-history"><br></div><div class="battle-history">Kingdra used <strong>Dragon Dance</strong>!<br></div><div class="battle-history"><small>Kingdra's Attack rose!</small><br></div><div class="battle-history"><small>Kingdra's Speed rose!</small><br></div><div class="spacer battle-history"><br></div><h2 class="battle-history">Turn 26</h2><div class="spacer battle-history"><br></div><div class="battle-history">Kingdra used <strong>Waterfall</strong>!<br></div><div class="battle-history"><small>(The opposing Oonabee lost 46% of its health!)</small><br></div><div class="spacer battle-history"><br></div><div class="battle-history">The opposing Oonabee used <strong>Dazzling Gleam</strong>!<br></div><div class="battle-history"><small>It's super effective!</small><br></div><div class="battle-history"><small>(Kingdra lost 66% of its health!)</small><br></div><div class="spacer battle-history"><br></div><h2 class="battle-history">Turn 27</h2><div class="spacer battle-history"><br></div><div class="battle-history">Kingdra used <strong>Waterfall</strong>!<br></div><div class="battle-history"><small>(The opposing Oonabee lost 25% of its health!)</small><br></div><div class="spacer battle-history"><br></div><div class="battle-history">The opposing Oonabee fainted!<br></div><div class="spacer battle-history"><br></div><div class="battle-history">time to chill sent out Orbeetle (<strong>Orbeetle-Variant</strong>)!<br></div><div class="chat"><ul class="utilichart"><li class="result"><span class="col pokemonnamecol" style="white-space: nowrap">Orbeetle-Variant</span> <span class="col typecol"><img src="https://dragonheaven.herokuapp.com/sprites/types/Bug.png" alt="Bug" height="14" width="32"><img src="https://dragonheaven.herokuapp.com/sprites/types/Electric.png" alt="Electric" height="14" width="32"></span> <span style="float: left ; min-height: 26px"><span class="col abilitycol">Swarm / Frisk / Cotton Down</span><span class="col abilitycol"></span></span></li><li style="clear: both"></li></ul></div><div class="chat"><ul class="utilichart"><li class="result"><span style="float: left ; min-height: 26px"><span class="col statcol"><em>HP</em><br>60</span> <span class="col statcol"><em>Atk</em><br>45</span> <span class="col statcol"><em>Def</em><br>110</span> <span class="col statcol"><em>SpA</em><br>120</span> <span class="col statcol"><em>SpD</em><br>80</span> <span class="col statcol"><em>Spe</em><br>90</span> </span></li><li style="clear: both"></li></ul></div><div class="battle-history"><small>(Orbeetle-Variant was created by Magmajudis!)</small><br></div><div class="spacer battle-history"><br></div><h2 class="battle-history">Turn 28</h2><div class="spacer battle-history"><br></div><div class="battle-history">Kingdra used <strong>Scale Shot</strong>!<br></div><div class="battle-history"><small>(The opposing Orbeetle lost 16% of its health!)</small><br></div><div class="battle-history">[The opposing Orbeetle's Cotton Down]<br></div><div class="battle-history"><small>Kingdra's Speed fell!</small><br></div><div class="battle-history"><small>(The opposing Orbeetle lost 18% of its health!)</small><br></div><div class="battle-history">[The opposing Orbeetle's Cotton Down]<br></div><div class="battle-history"><small>Kingdra's Speed fell!</small><br></div><div class="battle-history"><small>The Pokémon was hit 2 times!</small><br></div><div class="battle-history"><small>Kingdra's Defense fell!</small><br></div><div class="battle-history"><small>Kingdra's Speed rose!</small><br></div><div class="spacer battle-history"><br></div><div class="battle-history">The opposing Orbeetle used <strong>Electro Ball</strong>!<br></div><div class="battle-history"><small>(Kingdra lost 10% of its health!)</small><br></div><div class="spacer battle-history"><br></div><div class="battle-history">Kingdra fainted!<br></div><div class="spacer battle-history"><br></div><div class="battle-history">Go! <strong>Sundor</strong>!<br></div><div class="chat"><ul class="utilichart"><li class="result"><span class="col pokemonnamecol" style="white-space: nowrap">Sundor</span> <span class="col typecol"><img src="https://dragonheaven.herokuapp.com/sprites/types/Bug.png" alt="Bug" height="14" width="32"><img src="https://dragonheaven.herokuapp.com/sprites/types/Fighting.png" alt="Fighting" height="14" width="32"></span> <span style="float: left ; min-height: 26px"><span class="col abilitycol">Swarm / Technician / Steadfast</span><span class="col abilitycol"></span></span></li><li style="clear: both"></li></ul></div><div class="chat"><ul class="utilichart"><li class="result"><span style="float: left ; min-height: 26px"><span class="col statcol"><em>HP</em><br>70</span> <span class="col statcol"><em>Atk</em><br>55</span> <span class="col statcol"><em>Def</em><br>80</span> <span class="col statcol"><em>SpA</em><br>110</span> <span class="col statcol"><em>SpD</em><br>80</span> <span class="col statcol"><em>Spe</em><br>105</span> </span></li><li style="clear: both"></li></ul></div><div class="battle-history"><small>(Sundor was created by Magmajudis!)</small><br></div><div class="spacer battle-history"><br></div><h2 class="battle-history">Turn 29</h2><div class="spacer battle-history"><br></div><div class="battle-history">Sundor used <strong>Calm Mind</strong>!<br></div><div class="battle-history"><small>Sundor's Sp. Atk rose!</small><br></div><div class="battle-history"><small>Sundor's Sp. Def rose!</small><br></div><div class="spacer battle-history"><br></div><div class="battle-history">The opposing Orbeetle used <strong>Calm Mind</strong>!<br></div><div class="battle-history"><small>The opposing Orbeetle's Sp. Atk rose!</small><br></div><div class="battle-history"><small>The opposing Orbeetle's Sp. Def rose!</small><br></div><div class="spacer battle-history"><br></div><h2 class="battle-history">Turn 30</h2><div class="spacer battle-history"><br></div><div class="battle-history">Sundor used <strong>Hidden Power</strong>!<br></div><div class="battle-history"><small>It's super effective!</small><br></div><div class="battle-history"><small>(The opposing Orbeetle lost 66% of its health!)</small><br></div><div class="battle-history">[The opposing Orbeetle's Cotton Down]<br></div><div class="battle-history"><small>Sundor's Speed fell!</small><br></div><div class="spacer battle-history"><br></div><div class="battle-history">The opposing Orbeetle fainted!<br></div><div class="spacer battle-history"><br></div><div class="battle-history">time to chill sent out Frosmoth (<strong>Frosmoth-Variant</strong>)!<br></div><div class="chat"><ul class="utilichart"><li class="result"><span class="col pokemonnamecol" style="white-space: nowrap">Frosmoth-Variant</span> <span class="col typecol"><img src="https://dragonheaven.herokuapp.com/sprites/types/Normal.png" alt="Normal" height="14" width="32"><img src="https://dragonheaven.herokuapp.com/sprites/types/Bug.png" alt="Bug" height="14" width="32"></span> <span style="float: left ; min-height: 26px"><span class="col abilitycol">Shield Dust / Fur Coat / Scale Shift</span><span class="col abilitycol"></span></span></li><li style="clear: both"></li></ul></div><div class="chat"><ul class="utilichart"><li class="result"><span style="float: left ; min-height: 26px"><span class="col statcol"><em>HP</em><br>70</span> <span class="col statcol"><em>Atk</em><br>65</span> <span class="col statcol"><em>Def</em><br>60</span> <span class="col statcol"><em>SpA</em><br>125</span> <span class="col statcol"><em>SpD</em><br>90</span> <span class="col statcol"><em>Spe</em><br>65</span> </span></li><li style="clear: both"></li></ul></div><div class="battle-history"><small>(Frosmoth-Variant was created by BlueRay!)</small><br></div><div class="spacer battle-history"><br></div><h2 class="battle-history">Turn 31</h2><div class="spacer battle-history"><br></div><div class="battle-history">Sundor used <strong>Hidden Power</strong>!<br></div><div class="battle-history"><small>It's super effective!</small><br></div><div class="battle-history"><small>(The opposing Frosmoth lost 86% of its health!)</small><br></div><div class="spacer battle-history"><br></div><div class="battle-history">The opposing Frosmoth used <strong>Quiver Dance</strong>!<br></div><div class="battle-history"><small>The opposing Frosmoth's Sp. Atk rose!</small><br></div><div class="battle-history"><small>The opposing Frosmoth's Sp. Def rose!</small><br></div><div class="battle-history"><small>The opposing Frosmoth's Speed rose!</small><br></div><div class="spacer battle-history"><br></div><h2 class="battle-history">Turn 32</h2><div class="chat chatmessage-timetochill"><strong style="color:#338e9e"><small>☆</small><span class="username" data-name="time to chill">time to chill</span>:</strong> <em>which hp is that?</em></div><div class="chat chatmessage-timetochill"><strong style="color:#338e9e"><small>☆</small><span class="username" data-name="time to chill">time to chill</span>:</strong> <em>flying?</em></div><div class="chat"><small>+H2OPulse left</small></div><div class="chat chatmessage-timetochill"><strong style="color:#338e9e"><small>☆</small><span class="username" data-name="time to chill">time to chill</span>:</strong> <em>no, rock probably</em></div><div class="spacer battle-history"><br></div><div class="battle-history">Sundor used <strong>Vacuum Wave</strong>!<br></div><div class="battle-history"><small>(The opposing Frosmoth lost 14% of its health!)</small><br></div><div class="spacer battle-history"><br></div><div class="battle-history">The opposing Frosmoth fainted!<br></div><div class="chat chatmessage-abismal"><strong style="color:#68a730"><small>☆</small><span class="username" data-name="abismal">abismal</span>:</strong> <em>fire</em></div><div class="chat chatmessage-timetochill"><strong style="color:#338e9e"><small>☆</small><span class="username" data-name="time to chill">time to chill</span>:</strong> <em>why?</em></div><div class="spacer battle-history"><br></div><div class="battle-history">time to chill sent out <strong>Velocinobi</strong>!<br></div><div class="spacer battle-history"><br></div><h2 class="battle-history">Turn 33</h2><div class="spacer battle-history"><br></div><div class="battle-history">The opposing Velocinobi used <strong>Toxic</strong>!<br></div><div class="battle-history"><small>Sundor was badly poisoned!</small><br></div><div class="spacer battle-history"><br></div><div class="battle-history">Sundor used <strong>Hidden Power</strong>!<br></div><div class="battle-history"><small>It's super effective!</small><br></div><div class="battle-history"><small>(The opposing Velocinobi lost 99% of its health!)</small><br></div><div class="spacer battle-history"><br></div><div class="battle-history"><small>Sundor was hurt by poison!</small><br></div><div class="spacer battle-history"><br></div><h2 class="battle-history">Turn 34</h2><div class="chat chatmessage-abismal"><strong style="color:#68a730"><small>☆</small><span class="username" data-name="abismal">abismal</span>:</strong> <em>idk</em></div><div class="spacer battle-history"><br></div><div class="battle-history">The opposing Velocinobi used <strong>Hex</strong>!<br></div><div class="battle-history"><small>(Sundor lost 56% of its health!)</small><br></div><div class="spacer battle-history"><br></div><div class="battle-history">Sundor used <strong>Hidden Power</strong>!<br></div><div class="battle-history"><small>It's super effective!</small><br></div><div class="battle-history"><small>(The opposing Velocinobi lost 1% of its health!)</small><br></div><div class="spacer battle-history"><br></div><div class="battle-history">The opposing Velocinobi fainted!<br></div><div class="spacer battle-history"><br></div><div class="battle-history"><small>Sundor restored a little HP using its Leftovers!</small><br></div><div class="battle-history"><small>Sundor was hurt by poison!</small><br></div><div class="spacer battle-history"><br></div><div class="battle-history">time to chill sent out Scolipede (<strong>Scolipede-Variant</strong>)!<br></div><div class="spacer battle-history"><br></div><h2 class="battle-history">Turn 35</h2><div class="spacer battle-history"><br></div><div class="battle-history">Sundor used <strong>Vacuum Wave</strong>!<br></div><div class="battle-history"><small>It's not very effective...</small><br></div><div class="battle-history"><small>(The opposing Scolipede lost 33% of its health!)</small><br></div><div class="spacer battle-history"><br></div><div class="battle-history">The opposing Scolipede used <strong>Earthquake</strong>!<br></div><div class="battle-history"><small>It's not very effective...</small><br></div><div class="battle-history"><small>(Sundor lost 25% of its health!)</small><br></div><div class="spacer battle-history"><br></div><div class="battle-history"><small>Sundor restored a little HP using its Leftovers!</small><br></div><div class="battle-history">[The opposing Scolipede's Poison Heal]<br><small>The opposing Scolipede had its HP restored.</small><br></div><div class="battle-history"><small>Sundor was hurt by poison!</small><br></div><div class="spacer battle-history"><br></div><div class="battle-history">Sundor fainted!<br></div><div class="spacer battle-history"><br></div><div class="battle-history">Go! Gourgeist (<strong>Gourgeist-Super</strong>)!<br></div><div class="battle-history">[Gourgeist's Frisk]<br><small>Gourgeist frisked the opposing Scolipede and found its Toxic Orb!</small><br></div><div class="spacer battle-history"><br></div><h2 class="battle-history">Turn 36</h2><div class="spacer battle-history"><br></div><div class="battle-history">The opposing Scolipede used <strong>Protect</strong>!<br></div><div class="battle-history"><small>The opposing Scolipede protected itself!</small><br></div><div class="spacer battle-history"><br></div><div class="battle-history">Gourgeist used <strong>Seed Bomb</strong>!<br></div><div class="battle-history"><small>The opposing Scolipede protected itself!</small><br></div><div class="spacer battle-history"><br></div><div class="battle-history">[The opposing Scolipede's Poison Heal]<br><small>The opposing Scolipede had its HP restored.</small><br></div><div class="spacer battle-history"><br></div><h2 class="battle-history">Turn 37</h2><div class="spacer battle-history"><br></div><div class="battle-history">The opposing Scolipede used <strong>Toxic</strong>!<br></div><div class="battle-history"><small>Gourgeist was badly poisoned!</small><br></div><div class="spacer battle-history"><br></div><div class="battle-history">Gourgeist used <strong>Seed Bomb</strong>!<br></div><div class="battle-history"><small>(The opposing Scolipede lost 27% of its health!)</small><br></div><div class="spacer battle-history"><br></div><div class="battle-history">[The opposing Scolipede's Poison Heal]<br><small>The opposing Scolipede had its HP restored.</small><br></div><div class="battle-history"><small>Gourgeist was hurt by poison!</small><br></div><div class="spacer battle-history"><br></div><h2 class="battle-history">Turn 38</h2><div class="spacer battle-history"><br></div><div class="battle-history">The opposing Scolipede used <strong>Protect</strong>!<br></div><div class="battle-history"><small>The opposing Scolipede protected itself!</small><br></div><div class="spacer battle-history"><br></div><div class="battle-history">Gourgeist used <strong>Seed Bomb</strong>!<br></div><div class="battle-history"><small>The opposing Scolipede protected itself!</small><br></div><div class="spacer battle-history"><br></div><div class="battle-history">[The opposing Scolipede's Poison Heal]<br><small>The opposing Scolipede had its HP restored.</small><br></div><div class="battle-history"><small>Gourgeist was hurt by poison!</small><br></div><div class="spacer battle-history"><br></div><h2 class="battle-history">Turn 39</h2><div class="spacer battle-history"><br></div><div class="battle-history"><small>abismal forfeited.</small><br></div><div class="spacer battle-history"><br></div><div class="battle-history"><strong>time to chill</strong> won the battle!<br></div><div class="chat chatmessage-abismal"><strong style="color:#68a730"><small>☆</small><span class="username" data-name="abismal">abismal</span>:</strong> <em>gg</em></div><div class="chat chatmessage-timetochill"><strong style="color:#338e9e"><small>☆</small><span class="username" data-name="time to chill">time to chill</span>:</strong> <em>gg</em></div><div class="chat"><small>☆abismal left</small></div></div><div class="inner-preempt message-log"></div></div></div>
</div>
<script>
let daily = Math.floor(Date.now()/1000/60/60/24);document.write('<script src="https://dragonheaven.herokuapp.com/js/replay-embed.js?version'+daily+'"></'+'script>');
</script>
