<!DOCTYPE html>
<meta charset="utf-8" />
<!-- version 1 -->
<title>[Gen 8] Evolution Project replay: H2OPulse vs. god of joe</title>
<style>
html,body {font-family:Verdana, sans-serif;font-size:10pt;margin:0;padding:0;}body{padding:12px 0;} .battle-log {font-family:Verdana, sans-serif;font-size:10pt;} .battle-log-inline {border:1px solid #AAAAAA;background:#EEF2F5;color:black;max-width:640px;margin:0 auto 80px;padding-bottom:5px;} .battle-log .inner {padding:4px 8px 0px 8px;} .battle-log .inner-preempt {padding:0 8px 4px 8px;} .battle-log .inner-after {margin-top:0.5em;} .battle-log h2 {margin:0.5em -8px;padding:4px 8px;border:1px solid #AAAAAA;background:#E0E7EA;border-left:0;border-right:0;font-family:Verdana, sans-serif;font-size:13pt;} .battle-log .chat {vertical-align:middle;padding:3px 0 3px 0;font-size:8pt;} .battle-log .chat strong {color:#40576A;} .battle-log .chat em {padding:1px 4px 1px 3px;color:#000000;font-style:normal;} .chat.mine {background:rgba(0,0,0,0.05);margin-left:-8px;margin-right:-8px;padding-left:8px;padding-right:8px;} .spoiler {color:#BBBBBB;background:#BBBBBB;padding:0px 3px;} .spoiler:hover, .spoiler:active, .spoiler-shown {color:#000000;background:#E2E2E2;padding:0px 3px;} .spoiler a {color:#BBBBBB;} .spoiler:hover a, .spoiler:active a, .spoiler-shown a {color:#2288CC;} .chat code, .chat .spoiler:hover code, .chat .spoiler:active code, .chat .spoiler-shown code {border:1px solid #C0C0C0;background:#EEEEEE;color:black;padding:0 2px;} .chat .spoiler code {border:1px solid #CCCCCC;background:#CCCCCC;color:#CCCCCC;} .battle-log .rated {padding:3px 4px;} .battle-log .rated strong {color:white;background:#89A;padding:1px 4px;border-radius:4px;} .spacer {margin-top:0.5em;} .message-announce {background:#6688AA;color:white;padding:1px 4px 2px;} .message-announce a, .broadcast-green a, .broadcast-blue a, .broadcast-red a {color:#DDEEFF;} .broadcast-green {background-color:#559955;color:white;padding:2px 4px;} .broadcast-blue {background-color:#6688AA;color:white;padding:2px 4px;} .infobox {border:1px solid #6688AA;padding:2px 4px;} .infobox-limited {max-height:200px;overflow:auto;overflow-x:hidden;} .broadcast-red {background-color:#AA5544;color:white;padding:2px 4px;} .message-learn-canlearn {font-weight:bold;color:#228822;text-decoration:underline;} .message-learn-cannotlearn {font-weight:bold;color:#CC2222;text-decoration:underline;} .message-effect-weak {font-weight:bold;color:#CC2222;} .message-effect-resist {font-weight:bold;color:#6688AA;} .message-effect-immune {font-weight:bold;color:#666666;} .message-learn-list {margin-top:0;margin-bottom:0;} .message-throttle-notice, .message-error {color:#992222;} .message-overflow, .chat small.message-overflow {font-size:0pt;} .message-overflow::before {font-size:9pt;content:'...';} .subtle {color:#3A4A66;}
</style>
<div class="wrapper replay-wrapper" style="max-width:1180px;margin:0 auto">
<input type="hidden" name="replayid" value="dragonheaven-gen8evolutionproject-75" />
<div class="battle"></div><div class="battle-log"></div><div class="replay-controls"></div><div class="replay-controls-2"></div>
<h1 style="font-weight:normal;text-align:center"><strong>[Gen 8] Evolution Project</strong><br /><a href="http://pokemonshowdown.com/users/h2opulse" class="subtle" target="_blank">H2OPulse</a> vs. <a href="http://pokemonshowdown.com/users/godofjoe" class="subtle" target="_blank">god of joe</a></h1>
<script type="text/plain" class="battle-log-data">|j|☆H2OPulse
|j|☆god of joe
|t:|1658005686
|player|p1|H2OPulse|aetherfoundation|
|player|p2|god of joe|caitlin|
|teamsize|p1|6
|teamsize|p2|6
|gametype|singles
|gen|8
|tier|[Gen 8] Evolution Project
|clearpoke
|poke|p1|Orbeetle-Variant, M|
|poke|p1|Shiinotic-Kalos, F|
|poke|p1|Klefki-Galar, M|
|poke|p1|Vaporeon, F|
|poke|p1|Noivern-Variant, M|
|poke|p1|Resurrectric, M|
|poke|p2|Boomblare, M|
|poke|p2|Tyrandra, F|
|poke|p2|Sylveon, M|
|poke|p2|Aggron-Hisui, F|
|poke|p2|Naganadel-Terrestrial, F|
|poke|p2|Excadrill-Hisui, M|
|rule|HP Percentage Mod: HP is shown in percentages
|rule|Endless Battle Clause: Forcing endless battles is banned
|rule|OHKO Clause: OHKO moves are banned
|rule|Evasion Moves Clause: Evasion moves are banned
|rule|Species Clause: Limit one of each Pokémon
|rule|Dynamax Clause: You cannot dynamax
|rule|Sleep Clause Mod: Limit one foe put to sleep
|rule|Z-Move Clause: Type-based Z-Moves are banned
|teampreview
|j|~inkbug1

|j|+Magmajudis
|c|☆god of joe|hf yo
|c|☆H2OPulse|Aaa good luck and have fun!!!
|
|t:|1658005698
|start
|switch|p1a: Snakecotton|Orbeetle-Variant, M|100\/100
|switch|p2a: Naganadel-Terrestr|Naganadel-Terrestrial, F|100\/100
|-start|p1a: Snakecotton|typechange|Bug\/Electric|[silent]
|raw|<ul class="utilichart"><li class="result"><span class="col pokemonnamecol" style="white-space: nowrap">Orbeetle-Variant<\/span> <span class="col typecol"><img src="https:\/\/dragonheaven.herokuapp.com\/sprites\/types\/Bug.png" alt="Bug" height="14" width="32"><img src="https:\/\/dragonheaven.herokuapp.com\/sprites\/types\/Electric.png" alt="Electric" height="14" width="32"><\/span> <span style="float: left ; min-height: 26px"><span class="col abilitycol">Swarm \/ Frisk \/ Cotton Down<\/span><span class="col abilitycol"><\/span><\/span><\/li><li style="clear: both"><\/li><\/ul>
|raw|<ul class="utilichart"><li class="result"><span style="float: left ; min-height: 26px"><span class="col statcol"><em>HP<\/em><br>60<\/span> <span class="col statcol"><em>Atk<\/em><br>45<\/span> <span class="col statcol"><em>Def<\/em><br>110<\/span> <span class="col statcol"><em>SpA<\/em><br>120<\/span> <span class="col statcol"><em>SpD<\/em><br>80<\/span> <span class="col statcol"><em>Spe<\/em><br>90<\/span> <\/span><\/li><li style="clear: both"><\/li><\/ul>
|-hint|Orbeetle-Variant was created by Magmajudis!
|-item|p2a: Naganadel-Terrestr|Insect Plate|[from] ability: Frisk|[of] p1a: Snakecotton|[identify]
|-start|p2a: Naganadel-Terrestr|typechange|Bug\/Dragon|[silent]
|raw|<ul class="utilichart"><li class="result"><span class="col pokemonnamecol" style="white-space: nowrap">Naganadel-Terrestrial<\/span> <span class="col typecol"><img src="https:\/\/dragonheaven.herokuapp.com\/sprites\/types\/Bug.png" alt="Bug" height="14" width="32"><img src="https:\/\/dragonheaven.herokuapp.com\/sprites\/types\/Dragon.png" alt="Dragon" height="14" width="32"><\/span> <span style="float: left ; min-height: 26px"><span class="col abilitycol">Regenerator \/ Beast Boost<\/span><span class="col abilitycol"><\/span><\/span><\/li><li style="clear: both"><\/li><\/ul>
|raw|<ul class="utilichart"><li class="result"><span style="float: left ; min-height: 26px"><span class="col statcol"><em>HP<\/em><br>73<\/span> <span class="col statcol"><em>Atk<\/em><br>127<\/span> <span class="col statcol"><em>Def<\/em><br>73<\/span> <span class="col statcol"><em>SpA<\/em><br>127<\/span> <span class="col statcol"><em>SpD<\/em><br>73<\/span> <span class="col statcol"><em>Spe<\/em><br>67<\/span> <\/span><\/li><li style="clear: both"><\/li><\/ul>
|-hint|Naganadel-Terrestrial was created by KeroseneZanchu!
|turn|1
|
|t:|1658005703
|move|p1a: Snakecotton|Sticky Web|p2a: Naganadel-Terrestr
|-sidestart|p2: god of joe|move: Sticky Web
|move|p2a: Naganadel-Terrestr|Spikes|p1a: Snakecotton
|-sidestart|p1: H2OPulse|Spikes
|
|upkeep
|turn|2
|
|t:|1658005710
|move|p1a: Snakecotton|U-turn|p2a: Naganadel-Terrestr
|-damage|p2a: Naganadel-Terrestr|82\/100
|
|t:|1658005718
|switch|p1a: Foxfire|Shiinotic-Kalos, F|100\/100|[from]move: U-turn
|-damage|p1a: Foxfire|88\/100|[from] Spikes
|-start|p1a: Foxfire|typechange|Poison\/Fairy|[silent]
|raw|<ul class="utilichart"><li class="result"><span class="col pokemonnamecol" style="white-space: nowrap">Shiinotic-Kalos<\/span> <span class="col typecol"><img src="https:\/\/dragonheaven.herokuapp.com\/sprites\/types\/Poison.png" alt="Poison" height="14" width="32"><img src="https:\/\/dragonheaven.herokuapp.com\/sprites\/types\/Fairy.png" alt="Fairy" height="14" width="32"><\/span> <span style="float: left ; min-height: 26px"><span class="col abilitycol">Illuminate \/ Effect Spore \/ Technician<\/span><span class="col abilitycol"><\/span><\/span><\/li><li style="clear: both"><\/li><\/ul>
|raw|<ul class="utilichart"><li class="result"><span style="float: left ; min-height: 26px"><span class="col statcol"><em>HP<\/em><br>60<\/span> <span class="col statcol"><em>Atk<\/em><br>45<\/span> <span class="col statcol"><em>Def<\/em><br>60<\/span> <span class="col statcol"><em>SpA<\/em><br>90<\/span> <span class="col statcol"><em>SpD<\/em><br>80<\/span> <span class="col statcol"><em>Spe<\/em><br>70<\/span> <\/span><\/li><li style="clear: both"><\/li><\/ul>
|-hint|Shiinotic-Kalos was created by Hematite!
|move|p2a: Naganadel-Terrestr|Gunk Shot|p1a: Foxfire
|-damage|p1a: Foxfire|4\/100
|
|-heal|p1a: Foxfire|10\/100|[from] item: Black Sludge
|upkeep
|turn|3
|c|☆H2OPulse|OW
|c|☆H2OPulse|FAIR
|
|t:|1658005726
|move|p1a: Foxfire|Spore|p2a: Naganadel-Terrestr
|-status|p2a: Naganadel-Terrestr|slp|[from] move: Spore
|cant|p2a: Naganadel-Terrestr|slp
|
|-heal|p1a: Foxfire|16\/100|[from] item: Black Sludge
|upkeep
|turn|4
|
|t:|1658005728
|move|p1a: Foxfire|Draining Kiss|p2a: Naganadel-Terrestr
|-supereffective|p2a: Naganadel-Terrestr
|-damage|p2a: Naganadel-Terrestr|0 fnt
|-heal|p1a: Foxfire|83\/100|[from] drain|[of] p2a: Naganadel-Terrestr
|faint|p2a: Naganadel-Terrestr
|
|-heal|p1a: Foxfire|89\/100|[from] item: Black Sludge
|upkeep
|c|☆god of joe|oh i forgot it gets that
|c|☆god of joe|idk how
|c|☆H2OPulse|better--
|c|☆H2OPulse|akdjfh fair
|
|t:|1658005738
|switch|p2a: Aggron|Aggron-Hisui, F|100\/100
|-activate|p2a: Aggron|move: Sticky Web
|-unboost|p2a: Aggron|spe|1
|-start|p2a: Aggron|typechange|Steel\/Fighting|[silent]
|raw|<ul class="utilichart"><li class="result"><span class="col pokemonnamecol" style="white-space: nowrap">Aggron-Hisui<\/span> <span class="col typecol"><img src="https:\/\/dragonheaven.herokuapp.com\/sprites\/types\/Steel.png" alt="Steel" height="14" width="32"><img src="https:\/\/dragonheaven.herokuapp.com\/sprites\/types\/Fighting.png" alt="Fighting" height="14" width="32"><\/span> <span style="float: left ; min-height: 26px"><span class="col abilitycol">Sturdy \/ Soundproof \/ Heavy Metal<\/span><span class="col abilitycol"><\/span><\/span><\/li><li style="clear: both"><\/li><\/ul>
|raw|<ul class="utilichart"><li class="result"><span style="float: left ; min-height: 26px"><span class="col statcol"><em>HP<\/em><br>70<\/span> <span class="col statcol"><em>Atk<\/em><br>60<\/span> <span class="col statcol"><em>Def<\/em><br>180<\/span> <span class="col statcol"><em>SpA<\/em><br>110<\/span> <span class="col statcol"><em>SpD<\/em><br>60<\/span> <span class="col statcol"><em>Spe<\/em><br>50<\/span> <\/span><\/li><li style="clear: both"><\/li><\/ul>
|-hint|Aggron-Hisui was created by Violet!
|turn|5
|c|+Magmajudis|i love your nicknames
|
|t:|1658005744
|move|p1a: Foxfire|Spore|p2a: Aggron
|-status|p2a: Aggron|slp|[from] move: Spore
|cant|p2a: Aggron|slp
|
|-heal|p1a: Foxfire|95\/100|[from] item: Black Sludge
|upkeep
|turn|6
|c|☆H2OPulse|: D thanks!!
|
|t:|1658005750
|move|p1a: Foxfire|Hidden Power|p2a: Aggron
|-supereffective|p2a: Aggron
|-damage|p2a: Aggron|70\/100 slp
|-curestatus|p2a: Aggron|slp|[msg]
|move|p2a: Aggron|Thunderbolt|p1a: Foxfire
|-damage|p1a: Foxfire|59\/100
|
|-heal|p1a: Foxfire|65\/100|[from] item: Black Sludge
|upkeep
|turn|7
|c|☆H2OPulse|Oh fair
|c|☆H2OPulse|Wow that
|
|t:|1658005760
|move|p1a: Foxfire|Spore|p2a: Aggron
|-status|p2a: Aggron|slp|[from] move: Spore
|cant|p2a: Aggron|slp
|
|-heal|p1a: Foxfire|71\/100|[from] item: Black Sludge
|upkeep
|turn|8
|c|☆H2OPulse|really doesn't hurt huh
|c|☆god of joe|tbf im uninvested
|c|☆H2OPulse|Ohhhh that explains a lot okay
|
|t:|1658005787
|move|p1a: Foxfire|Hidden Power|p2a: Aggron
|-supereffective|p2a: Aggron
|-damage|p2a: Aggron|38\/100 slp
|cant|p2a: Aggron|slp
|
|-heal|p1a: Foxfire|77\/100|[from] item: Black Sludge
|upkeep
|turn|9
|
|t:|1658005792
|move|p1a: Foxfire|Draining Kiss|p2a: Aggron
|-damage|p2a: Aggron|16\/100 slp
|-heal|p1a: Foxfire|98\/100|[from] drain|[of] p2a: Aggron
|cant|p2a: Aggron|slp
|
|-heal|p1a: Foxfire|100\/100|[from] item: Black Sludge
|upkeep
|turn|10
|c|☆god of joe|darn
|c|☆H2OPulse|Oof sorry for the three turns x:
|c|☆god of joe|nah thats ok
|
|t:|1658005805
|switch|p2a: Excadrill|Excadrill-Hisui, M|100\/100
|-start|p2a: Excadrill|typechange|Ground\/Normal|[silent]
|raw|<ul class="utilichart"><li class="result"><span class="col pokemonnamecol" style="white-space: nowrap">Excadrill-Hisui<\/span> <span class="col typecol"><img src="https:\/\/dragonheaven.herokuapp.com\/sprites\/types\/Ground.png" alt="Ground" height="14" width="32"><img src="https:\/\/dragonheaven.herokuapp.com\/sprites\/types\/Normal.png" alt="Normal" height="14" width="32"><\/span> <span style="float: left ; min-height: 26px"><span class="col abilitycol">Centrifuge \/ Sand Force \/ Technician<\/span><span class="col abilitycol"><\/span><\/span><\/li><li style="clear: both"><\/li><\/ul>
|raw|<ul class="utilichart"><li class="result"><span style="float: left ; min-height: 26px"><span class="col statcol"><em>HP<\/em><br>110<\/span> <span class="col statcol"><em>Atk<\/em><br>135<\/span> <span class="col statcol"><em>Def<\/em><br>60<\/span> <span class="col statcol"><em>SpA<\/em><br>50<\/span> <span class="col statcol"><em>SpD<\/em><br>65<\/span> <span class="col statcol"><em>Spe<\/em><br>88<\/span> <\/span><\/li><li style="clear: both"><\/li><\/ul>
|-hint|Excadrill-Hisui was created by ausma!
|-activate|p2a: Excadrill|move: Sticky Web
|-unboost|p2a: Excadrill|spe|1
|move|p1a: Foxfire|Hidden Power|p2a: Excadrill
|-damage|p2a: Excadrill|79\/100
|
|-heal|p2a: Excadrill|85\/100|[from] item: Leftovers
|upkeep
|turn|11
|c|☆H2OPulse|okay now I leave--
|
|t:|1658005817
|switch|p1a: Mango|Noivern-Variant, M|100\/100
|-start|p1a: Mango|typechange|Fighting\/Dragon|[silent]
|raw|<ul class="utilichart"><li class="result"><span class="col pokemonnamecol" style="white-space: nowrap">Noivern-Variant<\/span> <span class="col typecol"><img src="https:\/\/dragonheaven.herokuapp.com\/sprites\/types\/Fighting.png" alt="Fighting" height="14" width="32"><img src="https:\/\/dragonheaven.herokuapp.com\/sprites\/types\/Dragon.png" alt="Dragon" height="14" width="32"><\/span> <span style="float: left ; min-height: 26px"><span class="col abilitycol">Levitate<\/span><span class="col abilitycol"><\/span><\/span><\/li><li style="clear: both"><\/li><\/ul>
|raw|<ul class="utilichart"><li class="result"><span style="float: left ; min-height: 26px"><span class="col statcol"><em>HP<\/em><br>95<\/span> <span class="col statcol"><em>Atk<\/em><br>70<\/span> <span class="col statcol"><em>Def<\/em><br>80<\/span> <span class="col statcol"><em>SpA<\/em><br>97<\/span> <span class="col statcol"><em>SpD<\/em><br>80<\/span> <span class="col statcol"><em>Spe<\/em><br>113<\/span> <\/span><\/li><li style="clear: both"><\/li><\/ul>
|-hint|Noivern-Variant was created by Hematite!
|move|p2a: Excadrill|Rapid Spin|p1a: Mango
|-damage|p1a: Mango|78\/100
|-boost|p2a: Excadrill|spe|1
|-sideend|p2: god of joe|Sticky Web|[from] move: Rapid Spin|[of] p2a: Excadrill
|
|-heal|p2a: Excadrill|91\/100|[from] item: Leftovers
|upkeep
|turn|12
|
|t:|1658005821
|switch|p2a: Sylveon|Sylveon, M|100\/100
|move|p1a: Mango|Super Fang|p2a: Sylveon
|-damage|p2a: Sylveon|50\/100
|
|-heal|p2a: Sylveon|57\/100|[from] item: Leftovers
|upkeep
|turn|13
|c|☆god of joe|ow
|
|t:|1658005838
|move|p1a: Mango|Defog|p2a: Sylveon
|-unboost|p2a: Sylveon|evasion|1
|-sideend|p1: H2OPulse|Spikes|[from] move: Defog|[of] p1a: Mango
|move|p2a: Sylveon|Wish|p2a: Sylveon
|
|-heal|p2a: Sylveon|63\/100|[from] item: Leftovers
|upkeep
|turn|14
|
|t:|1658005851
|switch|p1a: Zantedeschia|Resurrectric, M|100\/100
|-start|p1a: Zantedeschia|typechange|Ground\/Electric|[silent]
|raw|<ul class="utilichart"><li class="result"><span class="col pokemonnamecol" style="white-space: nowrap">Resurrectric<\/span> <span class="col typecol"><img src="https:\/\/dragonheaven.herokuapp.com\/sprites\/types\/Ground.png" alt="Ground" height="14" width="32"><img src="https:\/\/dragonheaven.herokuapp.com\/sprites\/types\/Electric.png" alt="Electric" height="14" width="32"><\/span> <span style="float: left ; min-height: 26px"><span class="col abilitycol">Inner Focus \/ Lightning Rod \/ Battle Armor<\/span><span class="col abilitycol"><\/span><\/span><\/li><li style="clear: both"><\/li><\/ul>
|raw|<ul class="utilichart"><li class="result"><span style="float: left ; min-height: 26px"><span class="col statcol"><em>HP<\/em><br>80<\/span> <span class="col statcol"><em>Atk<\/em><br>60<\/span> <span class="col statcol"><em>Def<\/em><br>130<\/span> <span class="col statcol"><em>SpA<\/em><br>125<\/span> <span class="col statcol"><em>SpD<\/em><br>80<\/span> <span class="col statcol"><em>Spe<\/em><br>45<\/span> <\/span><\/li><li style="clear: both"><\/li><\/ul>
|-hint|Resurrectric was created by Hematite!
|move|p2a: Sylveon|Moonblast|p1a: Zantedeschia
|-damage|p1a: Zantedeschia|72\/100
|
|-heal|p2a: Sylveon|100\/100|[from] move: Wish|[wisher] Sylveon
|upkeep
|turn|15
|c|☆H2OPulse|Oh huh I expected Aggron
|
|t:|1658005867
|move|p2a: Sylveon|Wish|p2a: Sylveon
|move|p1a: Zantedeschia|Discharge|p2a: Sylveon
|-damage|p2a: Sylveon|70\/100
|
|-heal|p2a: Sylveon|76\/100|[from] item: Leftovers
|upkeep
|turn|16
|
|t:|1658005873
|switch|p2a: Excadrill|Excadrill-Hisui, M|91\/100
|-start|p2a: Excadrill|typechange|Ground\/Normal|[silent]
|move|p1a: Zantedeschia|Earth Power|p2a: Excadrill
|-ability|p2a: Excadrill|Centrifuge|boost
|-boost|p2a: Excadrill|atk|1
|
|-heal|p2a: Excadrill|100\/100|[from] move: Wish|[wisher] Sylveon
|upkeep
|turn|17
|c|☆H2OPulse|OH RIGHT
|c|☆god of joe|behold
|c|☆H2OPulse|I am not a smart man
|c|☆god of joe|the resurrectric check
|c|☆H2OPulse|Y e s
|
|t:|1658005896
|switch|p1a: Snakecotton|Orbeetle-Variant, M|100\/100
|-start|p1a: Snakecotton|typechange|Bug\/Electric|[silent]
|-item|p2a: Excadrill|Leftovers|[from] ability: Frisk|[of] p1a: Snakecotton|[identify]
|move|p2a: Excadrill|Rapid Spin|p1a: Snakecotton
|-damage|p1a: Snakecotton|69\/100
|-boost|p2a: Excadrill|spe|1
|
|upkeep
|turn|18
|c|☆H2OPulse|thAT WAS A RAPID SPIN asjdfhg
|
|t:|1658005913
|move|p2a: Excadrill|Rapid Spin|p1a: Snakecotton
|-damage|p1a: Snakecotton|39\/100
|-boost|p2a: Excadrill|spe|1
|move|p1a: Snakecotton|Recover|p1a: Snakecotton
|-heal|p1a: Snakecotton|89\/100
|
|upkeep
|turn|19
|
|t:|1658005916
|move|p2a: Excadrill|Earthquake|p1a: Snakecotton
|-damage|p1a: Snakecotton|21\/100
|move|p1a: Snakecotton|Body Press|p2a: Excadrill
|-supereffective|p2a: Excadrill
|-crit|p2a: Excadrill
|-damage|p2a: Excadrill|14\/100
|
|-heal|p2a: Excadrill|20\/100|[from] item: Leftovers
|upkeep
|turn|20
|c|☆H2OPulse|I am in so much danger
|c|☆H2OPulse|Oof sorry
|c|☆H2OPulse|that was a crit
|
|t:|1658005947
|switch|p1a: Mango|Noivern-Variant, M|78\/100
|-start|p1a: Mango|typechange|Fighting\/Dragon|[silent]
|move|p2a: Excadrill|Rapid Spin|p1a: Mango
|-damage|p1a: Mango|40\/100
|-boost|p2a: Excadrill|spe|1
|
|-heal|p2a: Excadrill|26\/100|[from] item: Leftovers
|upkeep
|turn|21
|
|t:|1658005954
|move|p2a: Excadrill|Rapid Spin|p1a: Mango
|-damage|p1a: Mango|3\/100
|-boost|p2a: Excadrill|spe|1
|move|p1a: Mango|Roost|p1a: Mango
|-heal|p1a: Mango|53\/100
|-singleturn|p1a: Mango|move: Roost
|
|-heal|p2a: Excadrill|32\/100|[from] item: Leftovers
|upkeep
|turn|22
|
|t:|1658005963
|move|p2a: Excadrill|Toxic|p1a: Mango|[miss]
|-miss|p2a: Excadrill|p1a: Mango
|move|p1a: Mango|Roost|p1a: Mango
|-heal|p1a: Mango|100\/100
|-singleturn|p1a: Mango|move: Roost
|
|-heal|p2a: Excadrill|38\/100|[from] item: Leftovers
|upkeep
|turn|23
|c|☆H2OPulse|these are Rapid Spins I'm going to die
|c|☆H2OPulse|OOF I AM SO SORRY
|c|☆god of joe|all good 
|
|t:|1658005971
|switch|p2a: Sylveon|Sylveon, M|76\/100
|move|p1a: Mango|Draco Meteor|p2a: Sylveon
|-immune|p2a: Sylveon
|
|-heal|p2a: Sylveon|82\/100|[from] item: Leftovers
|upkeep
|turn|24
|c|☆H2OPulse|crisis averted--
|
|t:|1658005977
|switch|p1a: Cattail|Vaporeon, F|100\/100
|move|p2a: Sylveon|Wish|p2a: Sylveon
|
|-heal|p2a: Sylveon|88\/100|[from] item: Leftovers
|upkeep
|turn|25
|
|t:|1658005986
|switch|p2a: Boomblare|Boomblare, M|100\/100
|-start|p2a: Boomblare|typechange|Normal\/Electric|[silent]
|raw|<ul class="utilichart"><li class="result"><span class="col pokemonnamecol" style="white-space: nowrap">Boomblare<\/span> <span class="col typecol"><img src="https:\/\/dragonheaven.herokuapp.com\/sprites\/types\/Normal.png" alt="Normal" height="14" width="32"><img src="https:\/\/dragonheaven.herokuapp.com\/sprites\/types\/Electric.png" alt="Electric" height="14" width="32"><\/span> <span style="float: left ; min-height: 26px"><span class="col abilitycol">Blowout<\/span><span class="col abilitycol"><\/span><\/span><\/li><li style="clear: both"><\/li><\/ul>
|raw|<ul class="utilichart"><li class="result"><span style="float: left ; min-height: 26px"><span class="col statcol"><em>HP<\/em><br>104<\/span> <span class="col statcol"><em>Atk<\/em><br>116<\/span> <span class="col statcol"><em>Def<\/em><br>58<\/span> <span class="col statcol"><em>SpA<\/em><br>76<\/span> <span class="col statcol"><em>SpD<\/em><br>58<\/span> <span class="col statcol"><em>Spe<\/em><br>78<\/span> <\/span><\/li><li style="clear: both"><\/li><\/ul>
|-hint|Boomblare was created by ausma!
|move|p1a: Cattail|Flip Turn|p2a: Boomblare
|-damage|p2a: Boomblare|76\/100
|
|t:|1658006007
|switch|p1a: Zantedeschia|Resurrectric, M|72\/100|[from]move: Flip Turn
|-start|p1a: Zantedeschia|typechange|Ground\/Electric|[silent]
|
|-heal|p2a: Boomblare|100\/100|[from] move: Wish|[wisher] Sylveon
|upkeep
|turn|26
|
|t:|1658006016
|switch|p2a: Excadrill|Excadrill-Hisui, M|38\/100
|-start|p2a: Excadrill|typechange|Ground\/Normal|[silent]
|move|p1a: Zantedeschia|Ice Beam|p2a: Excadrill
|-supereffective|p2a: Excadrill
|-damage|p2a: Excadrill|0 fnt
|faint|p2a: Excadrill
|
|upkeep
|
|t:|1658006024
|switch|p2a: Tyrandra|Tyrandra, F|100\/100
|-start|p2a: Tyrandra|typechange|Dark\/Dragon|[silent]
|raw|<ul class="utilichart"><li class="result"><span class="col pokemonnamecol" style="white-space: nowrap">Tyrandra<\/span> <span class="col typecol"><img src="https:\/\/dragonheaven.herokuapp.com\/sprites\/types\/Dark.png" alt="Dark" height="14" width="32"><img src="https:\/\/dragonheaven.herokuapp.com\/sprites\/types\/Dragon.png" alt="Dragon" height="14" width="32"><\/span> <span style="float: left ; min-height: 26px"><span class="col abilitycol">Poison Point \/ Merciless \/ Damp<\/span><span class="col abilitycol"><\/span><\/span><\/li><li style="clear: both"><\/li><\/ul>
|raw|<ul class="utilichart"><li class="result"><span style="float: left ; min-height: 26px"><span class="col statcol"><em>HP<\/em><br>70<\/span> <span class="col statcol"><em>Atk<\/em><br>90<\/span> <span class="col statcol"><em>Def<\/em><br>95<\/span> <span class="col statcol"><em>SpA<\/em><br>90<\/span> <span class="col statcol"><em>SpD<\/em><br>95<\/span> <span class="col statcol"><em>Spe<\/em><br>100<\/span> <\/span><\/li><li style="clear: both"><\/li><\/ul>
|-hint|Tyrandra was created by ausma!
|turn|27
|
|t:|1658006034
|move|p2a: Tyrandra|Flip Turn|p1a: Zantedeschia
|-supereffective|p1a: Zantedeschia
|-damage|p1a: Zantedeschia|53\/100
|
|t:|1658006040
|switch|p2a: Sylveon|Sylveon, M|88\/100|[from]move: Flip Turn
|move|p1a: Zantedeschia|Ice Beam|p2a: Sylveon
|-damage|p2a: Sylveon|67\/100
|
|-heal|p2a: Sylveon|73\/100|[from] item: Leftovers
|upkeep
|turn|28
|
|t:|1658006045
|switch|p1a: Cattail|Vaporeon, F|100\/100
|move|p2a: Sylveon|Wish|p2a: Sylveon
|
|-heal|p2a: Sylveon|79\/100|[from] item: Leftovers
|upkeep
|turn|29
|
|t:|1658006050
|switch|p2a: Aggron|Aggron-Hisui, F|16\/100 slp
|-start|p2a: Aggron|typechange|Steel\/Fighting|[silent]
|move|p1a: Cattail|Flip Turn|p2a: Aggron
|-damage|p2a: Aggron|7\/100 slp
|c|☆H2OPulse|Haha not even close okay
|
|t:|1658006068
|switch|p1a: Zantedeschia|Resurrectric, M|53\/100|[from]move: Flip Turn
|-start|p1a: Zantedeschia|typechange|Ground\/Electric|[silent]
|
|-heal|p2a: Aggron|65\/100 slp|[from] move: Wish|[wisher] Sylveon
|upkeep
|turn|30
|c|☆H2OPulse|Oh that doesn't
|c|☆H2OPulse|heal all the way
|c|☆H2OPulse|I'm used to Vaporeon
|
|t:|1658006079
|switch|p2a: Sylveon|Sylveon, M|79\/100
|move|p1a: Zantedeschia|Earth Power|p2a: Sylveon
|-damage|p2a: Sylveon|41\/100
|
|-heal|p2a: Sylveon|47\/100|[from] item: Leftovers
|upkeep
|turn|31
|
|t:|1658006084
|move|p2a: Sylveon|Wish|p2a: Sylveon
|move|p1a: Zantedeschia|Earth Power|p2a: Sylveon
|-damage|p2a: Sylveon|15\/100
|
|-heal|p2a: Sylveon|21\/100|[from] item: Leftovers
|upkeep
|turn|32
|
|t:|1658006088
|move|p2a: Sylveon|Protect|p2a: Sylveon
|-singleturn|p2a: Sylveon|Protect
|move|p1a: Zantedeschia|Earth Power|p2a: Sylveon
|-activate|p2a: Sylveon|move: Protect
|
|-heal|p2a: Sylveon|71\/100|[from] move: Wish|[wisher] Sylveon
|-heal|p2a: Sylveon|77\/100|[from] item: Leftovers
|upkeep
|turn|33
|
|t:|1658006090
|move|p2a: Sylveon|Wish|p2a: Sylveon
|move|p1a: Zantedeschia|Earth Power|p2a: Sylveon
|-damage|p2a: Sylveon|44\/100
|
|-heal|p2a: Sylveon|50\/100|[from] item: Leftovers
|upkeep
|turn|34
|
|t:|1658006095
|move|p2a: Sylveon|Moonblast|p1a: Zantedeschia
|-damage|p1a: Zantedeschia|27\/100
|-unboost|p1a: Zantedeschia|spa|1
|move|p1a: Zantedeschia|Earth Power|p2a: Sylveon
|-damage|p2a: Sylveon|27\/100
|
|-heal|p2a: Sylveon|77\/100|[from] move: Wish|[wisher] Sylveon
|-heal|p2a: Sylveon|83\/100|[from] item: Leftovers
|upkeep
|turn|35
|
|t:|1658006100
|switch|p1a: Cattail|Vaporeon, F|100\/100
|move|p2a: Sylveon|Wish|p2a: Sylveon
|
|-heal|p2a: Sylveon|89\/100|[from] item: Leftovers
|upkeep
|turn|36
|
|t:|1658006106
|switch|p2a: Aggron|Aggron-Hisui, F|65\/100 slp
|-start|p2a: Aggron|typechange|Steel\/Fighting|[silent]
|move|p1a: Cattail|Wish|p1a: Cattail
|
|-heal|p2a: Aggron|100\/100 slp|[from] move: Wish|[wisher] Sylveon
|upkeep
|turn|37
|
|t:|1658006112
|move|p1a: Cattail|Flip Turn|p2a: Aggron
|-damage|p2a: Aggron|92\/100 slp
|
|t:|1658006115
|switch|p1a: Zantedeschia|Resurrectric, M|27\/100|[from]move: Flip Turn
|-start|p1a: Zantedeschia|typechange|Ground\/Electric|[silent]
|-curestatus|p2a: Aggron|slp|[msg]
|move|p2a: Aggron|Thunderbolt|p1a: Zantedeschia
|-ability|p1a: Zantedeschia|Lightning Rod|boost
|-boost|p1a: Zantedeschia|spa|1
|
|-heal|p1a: Zantedeschia|91\/100|[from] move: Wish|[wisher] Cattail
|upkeep
|turn|38
|c|☆god of joe|oh
|c|☆god of joe|yeah thats a thing huh
|c|☆H2OPulse|askdjfhg
|
|t:|1658006129
|move|p2a: Aggron|Ice Beam|p1a: Zantedeschia
|-supereffective|p1a: Zantedeschia
|-damage|p1a: Zantedeschia|56\/100
|move|p1a: Zantedeschia|Earth Power|p2a: Aggron
|-supereffective|p2a: Aggron
|-damage|p2a: Aggron|0 fnt
|faint|p2a: Aggron
|
|upkeep
|c|☆H2OPulse|this is maybe a problem I'm so sorry--
|
|t:|1658006137
|switch|p2a: Boomblare|Boomblare, M|100\/100
|-start|p2a: Boomblare|typechange|Normal\/Electric|[silent]
|turn|39
|c|☆H2OPulse|hm okay so
|c|☆H2OPulse|hm
|
|t:|1658006193
|switch|p1a: Snakecotton|Orbeetle-Variant, M|21\/100
|-start|p1a: Snakecotton|typechange|Bug\/Electric|[silent]
|-item|p2a: Boomblare|Life Orb|[from] ability: Frisk|[of] p1a: Snakecotton|[identify]
|move|p2a: Boomblare|Boomburst|p1a: Snakecotton
|-damage|p1a: Snakecotton|0 fnt
|-damage|p2a: Boomblare|91\/100|[from] item: Life Orb
|faint|p1a: Snakecotton
|
|upkeep
|
|t:|1658006197
|switch|p1a: Cattail|Vaporeon, F|100\/100
|turn|40
|c|☆god of joe|im curious
|c|☆god of joe|lets seeeeeeee
|c|☆H2OPulse|Oh I feel comfortable
|c|☆H2OPulse|Okay
|
|t:|1658006227
|move|p2a: Boomblare|Boomburst|p1a: Cattail
|-damage|p1a: Cattail|52\/100
|-ability|p2a: Boomblare|Blowout
|-ability|p1a: Cattail|Soundproof
|-message|Cattail lost its hearing!
|-damage|p2a: Boomblare|81\/100|[from] item: Life Orb
|move|p1a: Cattail|Wish|p1a: Cattail
|
|-heal|p1a: Cattail|58\/100|[from] item: Leftovers
|upkeep
|turn|41
|c|☆god of joe|48
|c|☆god of joe|and thats spdef vap right
|c|☆H2OPulse|Yep!
|c|☆H2OPulse|Overdrive is 50.4 - 59.4%
|c|☆god of joe|righto
|c|☆god of joe|thats not too shocking
|c|☆god of joe|haha shocking
|c|☆H2OPulse|heheh
|
|t:|1658006256
|switch|p2a: Tyrandra|Tyrandra, F|100\/100
|-start|p2a: Tyrandra|typechange|Dark\/Dragon|[silent]
|move|p1a: Cattail|Protect||[still]
|-fail|p1a: Cattail
|
|-heal|p1a: Cattail|100\/100|[from] move: Wish|[wisher] Cattail
|upkeep
|turn|42
|
|t:|1658006267
|move|p2a: Tyrandra|Toxic|p1a: Cattail
|-status|p1a: Cattail|tox
|move|p1a: Cattail|Wish|p1a: Cattail
|
|-damage|p1a: Cattail|94\/100 tox|[from] psn
|upkeep
|turn|43
|
|t:|1658006272
|move|p2a: Tyrandra|Draco Meteor|p1a: Cattail
|-crit|p1a: Cattail
|-damage|p1a: Cattail|50\/100 tox
|-unboost|p2a: Tyrandra|spa|2
|move|p1a: Cattail|Heal Bell|p1a: Cattail
|-immune|p1a: Cattail|[from] ability: Soundproof
|-activate|p1a: Cattail|move: Heal Bell
|-curestatus|p1a: Cattail|tox|[msg]
|
|-heal|p1a: Cattail|99\/100|[from] move: Wish|[wisher] Cattail
|-heal|p1a: Cattail|100\/100|[from] item: Leftovers
|upkeep
|turn|44
|c|☆god of joe|dafuq
|c|☆H2OPulse|wh
|c|☆H2OPulse|w
|c|☆H2OPulse|wh
|c|☆god of joe|why did that still 
|c|☆god of joe|cure ur poison
|c|☆H2OPulse|I
|c|☆god of joe|my funny tech....
|c|☆H2OPulse|Oh huh it's a Gen VIII thing
|c|☆H2OPulse|> Heal Bell now always affects the user, even if it has Soundproof.
|c|☆god of joe|oh
|c|☆god of joe|thats
|c|☆god of joe|sad :(
|c|☆H2OPulse|That's a little bit stupid
|c|☆god of joe|man i liked that strat too 
|c|☆H2OPulse|I had forgotten and it was going to be hilarious when I was punished for it
|
|t:|1658006344
|move|p2a: Tyrandra|Toxic|p1a: Cattail|[miss]
|-miss|p2a: Tyrandra|p1a: Cattail
|move|p1a: Cattail|Wish|p1a: Cattail
|
|upkeep
|turn|45
|c|☆H2OPulse|this is so
|c|☆H2OPulse|I am so sorry
|
|t:|1658006350
|move|p2a: Tyrandra|Toxic|p1a: Cattail
|-status|p1a: Cattail|tox
|move|p1a: Cattail|Flip Turn|p2a: Tyrandra
|-resisted|p2a: Tyrandra
|-damage|p2a: Tyrandra|91\/100
|
|t:|1658006354
|switch|p1a: Zantedeschia|Resurrectric, M|56\/100|[from]move: Flip Turn
|-start|p1a: Zantedeschia|typechange|Ground\/Electric|[silent]
|
|-heal|p1a: Zantedeschia|100\/100|[from] move: Wish|[wisher] Cattail
|-heal|p2a: Tyrandra|97\/100|[from] item: Leftovers
|upkeep
|turn|46
|
|t:|1658006359
|switch|p1a: Foxfire|Shiinotic-Kalos, F|100\/100
|-start|p1a: Foxfire|typechange|Poison\/Fairy|[silent]
|move|p2a: Tyrandra|Toxic|p1a: Foxfire
|-immune|p1a: Foxfire
|
|-heal|p2a: Tyrandra|100\/100|[from] item: Leftovers
|upkeep
|turn|47
|
|t:|1658006364
|move|p2a: Tyrandra|Flip Turn|p1a: Foxfire
|-crit|p1a: Foxfire
|-damage|p1a: Foxfire|63\/100
|
|t:|1658006370
|switch|p2a: Sylveon|Sylveon, M|89\/100|[from]move: Flip Turn
|move|p1a: Foxfire|Spore|p2a: Sylveon
|-status|p2a: Sylveon|slp|[from] move: Spore
|
|-heal|p1a: Foxfire|70\/100|[from] item: Black Sludge
|-heal|p2a: Sylveon|95\/100 slp|[from] item: Leftovers
|upkeep
|turn|48
|
|t:|1658006377
|switch|p2a: Boomblare|Boomblare, M|81\/100
|-start|p2a: Boomblare|typechange|Normal\/Electric|[silent]
|move|p1a: Foxfire|Draining Kiss|p2a: Boomblare
|-damage|p2a: Boomblare|35\/100
|-heal|p1a: Foxfire|100\/100|[from] drain|[of] p2a: Boomblare
|
|upkeep
|turn|49
|
|t:|1658006386
|switch|p1a: Cattail|Vaporeon, F|100\/100 tox
|move|p2a: Boomblare|Drain Punch|p1a: Cattail
|-damage|p1a: Cattail|72\/100 tox
|-heal|p2a: Boomblare|54\/100|[from] drain|[of] p1a: Cattail
|-damage|p2a: Boomblare|45\/100|[from] item: Life Orb
|
|-heal|p1a: Cattail|78\/100 tox|[from] item: Leftovers
|-damage|p1a: Cattail|72\/100 tox|[from] psn
|upkeep
|turn|50
|
|t:|1658006391
|move|p2a: Boomblare|Boomburst|p1a: Cattail
|-damage|p1a: Cattail|23\/100 tox
|-ability|p2a: Boomblare|Blowout
|-ability|p1a: Cattail|Soundproof
|-message|Cattail lost its hearing!
|-damage|p2a: Boomblare|35\/100|[from] item: Life Orb
|move|p1a: Cattail|Heal Bell|p1a: Cattail
|-immune|p1a: Cattail|[from] ability: Soundproof
|-activate|p1a: Cattail|move: Heal Bell
|-curestatus|p1a: Cattail|tox|[msg]
|
|-heal|p1a: Cattail|29\/100|[from] item: Leftovers
|upkeep
|turn|51
|
|t:|1658006400
|move|p1a: Cattail|Protect|p1a: Cattail
|-singleturn|p1a: Cattail|Protect
|move|p2a: Boomblare|Volt Switch|p1a: Cattail
|-activate|p1a: Cattail|move: Protect
|
|-heal|p1a: Cattail|35\/100|[from] item: Leftovers
|upkeep
|turn|52
|
|t:|1658006408
|switch|p1a: Zantedeschia|Resurrectric, M|100\/100
|-start|p1a: Zantedeschia|typechange|Ground\/Electric|[silent]
|move|p2a: Boomblare|Volt Switch|p1a: Zantedeschia
|-ability|p1a: Zantedeschia|Lightning Rod|boost
|-boost|p1a: Zantedeschia|spa|1
|
|upkeep
|turn|53
|
|t:|1658006417
|move|p2a: Boomblare|Boomburst|p1a: Zantedeschia
|-damage|p1a: Zantedeschia|35\/100
|-ability|p2a: Boomblare|Blowout
|-ability|p1a: Zantedeschia|Soundproof
|-message|Zantedeschia lost its hearing!
|-damage|p2a: Boomblare|25\/100|[from] item: Life Orb
|move|p1a: Zantedeschia|Ice Beam|p2a: Boomblare
|-damage|p2a: Boomblare|0 fnt
|faint|p2a: Boomblare
|
|upkeep
|
|t:|1658006428
|switch|p2a: Tyrandra|Tyrandra, F|100\/100
|-start|p2a: Tyrandra|typechange|Dark\/Dragon|[silent]
|turn|54
|
|t:|1658006435
|switch|p1a: Foxfire|Shiinotic-Kalos, F|100\/100
|-start|p1a: Foxfire|typechange|Poison\/Fairy|[silent]
|move|p2a: Tyrandra|Draco Meteor|p1a: Foxfire
|-immune|p1a: Foxfire
|
|upkeep
|turn|55
|
|t:|1658006441
|move|p2a: Tyrandra|Flip Turn|p1a: Foxfire
|-damage|p1a: Foxfire|76\/100
|
|t:|1658006443
|switch|p2a: Sylveon|Sylveon, M|95\/100 slp|[from]move: Flip Turn
|move|p1a: Foxfire|Draining Kiss|p2a: Sylveon
|-damage|p2a: Sylveon|75\/100 slp
|-heal|p1a: Foxfire|99\/100|[from] drain|[of] p2a: Sylveon
|
|-heal|p1a: Foxfire|100\/100|[from] item: Black Sludge
|-heal|p2a: Sylveon|81\/100 slp|[from] item: Leftovers
|upkeep
|turn|56
|c|☆god of joe|ya thats curtains
|c|☆god of joe|gg
|-message|god of joe forfeited.
|
|win|H2OPulse
|c|☆H2OPulse|Good game!!!
|c|☆god of joe|blowout def lives up to its sidegrade style effect
|c|☆H2OPulse|Interesting showings all around
|c|☆H2OPulse|I feel a lot more comfortable with Boomblare myself but mostly because I am unsafe without Vaporeon whether it's here or not--
|c|☆H2OPulse|Yeah definitely O:
|c|☆god of joe|it reminds me of manaphy in how
|c|☆god of joe|it seems to struggle against teams with speed control
|c|☆god of joe|wonder how it would fare w\/ webs
|c|☆H2OPulse|Ohhhh right yeah O:
|c|☆H2OPulse|A lot of stuff is absolutely terrifying with webs support
|c|☆H2OPulse|Shiinotic feels __so much__ more abusable now that we have a webs setter with decent longevity asdjhg
|c|☆god of joe|yea shiinotic is a threat</script>
</div>
<div class="battle-log battle-log-inline"><div class="inner"><div class="battle-options"><div style="padding-top: 3px; padding-right: 3px; text-align: right"><button class="icon button" name="openBattleOptions" title="Options">Battle Options</button></div></div><div class="inner message-log"><div class="chat"><small>☆H2OPulse and ☆god of joe joined</small></div><div class=""><small>Format:</small> <br><strong>[Gen 8] Evolution Project</strong></div><div class=""><small><em>HP Percentage Mod:</em> HP is shown in percentages</small></div><div class=""><small><em>Endless Battle Clause:</em> Forcing endless battles is banned</small></div><div class=""><small><em>OHKO Clause:</em> OHKO moves are banned</small></div><div class=""><small><em>Evasion Moves Clause:</em> Evasion moves are banned</small></div><div class=""><small><em>Species Clause:</em> Limit one of each Pokémon</small></div><div class=""><small><em>Dynamax Clause:</em> You cannot dynamax</small></div><div class=""><small><em>Sleep Clause Mod:</em> Limit one foe put to sleep</small></div><div class=""><small><em>Z-Move Clause:</em> Type-based Z-Moves are banned</small></div><div class="chat battle-history"><strong>H2OPulse's team:</strong> <em style="color:#445566;display:block;">Orbeetle-Variant / Shiinotic-Kalos / Klefki-Galar / Vaporeon / Noivern-Variant / Resurrectric</em></div><div class="chat battle-history"><strong>god of joe's team:</strong> <em style="color:#445566;display:block;">Boomblare / Tyrandra / Sylveon / Aggron-Hisui / Naganadel-Terrestrial / Excadrill-Hisui</em></div><div class="chat"><small>~inkbug1 and +Magmajudis joined</small></div><div class="chat chatmessage-godofjoe"><strong style="color:#a523c9"><small>☆</small><span class="username" data-name="god of joe">god of joe</span>:</strong> <em>hf yo</em></div><div class="chat chatmessage-h2opulse"><strong style="color:#6e8c2b"><small>☆</small><span class="username" data-name="H2OPulse">H2OPulse</span>:</strong> <em>Aaa good luck and have fun!!!</em></div><div class="spacer battle-history"><br></div><div class="battle-history">Battle started between H2OPulse and god of joe!<br></div><div class="spacer battle-history"><br></div><div class="battle-history">Go! Snakecotton (<strong>Orbeetle-Variant</strong>)!<br></div><div class="spacer battle-history"><br></div><div class="battle-history">god of joe sent out Naganadel-Terrestr (<strong>Naganadel-Terrestrial</strong>)!<br></div><div class="chat"><ul class="utilichart"><li class="result"><span class="col pokemonnamecol" style="white-space: nowrap">Orbeetle-Variant</span> <span class="col typecol"><img src="https://dragonheaven.herokuapp.com/sprites/types/Bug.png" alt="Bug" height="14" width="32"><img src="https://dragonheaven.herokuapp.com/sprites/types/Electric.png" alt="Electric" height="14" width="32"></span> <span style="float: left ; min-height: 26px"><span class="col abilitycol">Swarm / Frisk / Cotton Down</span><span class="col abilitycol"></span></span></li><li style="clear: both"></li></ul></div><div class="chat"><ul class="utilichart"><li class="result"><span style="float: left ; min-height: 26px"><span class="col statcol"><em>HP</em><br>60</span> <span class="col statcol"><em>Atk</em><br>45</span> <span class="col statcol"><em>Def</em><br>110</span> <span class="col statcol"><em>SpA</em><br>120</span> <span class="col statcol"><em>SpD</em><br>80</span> <span class="col statcol"><em>Spe</em><br>90</span> </span></li><li style="clear: both"></li></ul></div><div class="battle-history"><small>(Orbeetle-Variant was created by Magmajudis!)</small><br></div><div class="battle-history">[Snakecotton's Frisk]<br><small>Snakecotton frisked the opposing Naganadel-Terrestr and found its Insect Plate!</small><br></div><div class="chat"><ul class="utilichart"><li class="result"><span class="col pokemonnamecol" style="white-space: nowrap">Naganadel-Terrestrial</span> <span class="col typecol"><img src="https://dragonheaven.herokuapp.com/sprites/types/Bug.png" alt="Bug" height="14" width="32"><img src="https://dragonheaven.herokuapp.com/sprites/types/Dragon.png" alt="Dragon" height="14" width="32"></span> <span style="float: left ; min-height: 26px"><span class="col abilitycol">Regenerator / Beast Boost</span><span class="col abilitycol"></span></span></li><li style="clear: both"></li></ul></div><div class="chat"><ul class="utilichart"><li class="result"><span style="float: left ; min-height: 26px"><span class="col statcol"><em>HP</em><br>73</span> <span class="col statcol"><em>Atk</em><br>127</span> <span class="col statcol"><em>Def</em><br>73</span> <span class="col statcol"><em>SpA</em><br>127</span> <span class="col statcol"><em>SpD</em><br>73</span> <span class="col statcol"><em>Spe</em><br>67</span> </span></li><li style="clear: both"></li></ul></div><div class="battle-history"><small>(Naganadel-Terrestrial was created by KeroseneZanchu!)</small><br></div><div class="spacer battle-history"><br></div><h2 class="battle-history">Turn 1</h2><div class="spacer battle-history"><br></div><div class="battle-history">Snakecotton used <strong>Sticky Web</strong>!<br></div><div class="battle-history"><small>A sticky web has been laid out on the ground around the opposing team!</small><br></div><div class="spacer battle-history"><br></div><div class="battle-history">The opposing Naganadel-Terrestr used <strong>Spikes</strong>!<br></div><div class="battle-history"><small>Spikes were scattered on the ground all around your team!</small><br></div><div class="spacer battle-history"><br></div><h2 class="battle-history">Turn 2</h2><div class="spacer battle-history"><br></div><div class="battle-history">Snakecotton used <strong>U-turn</strong>!<br></div><div class="battle-history"><small>(The opposing Naganadel-Terrestr lost 18% of its health!)</small><br></div><div class="spacer battle-history"><br></div><div class="battle-history">Snakecotton went back to H2OPulse!<br></div><div class="battle-history">Go! Foxfire (<strong>Shiinotic-Kalos</strong>)!<br></div><div class="battle-history"><small>Foxfire was hurt by the spikes!</small><br></div><div class="chat"><ul class="utilichart"><li class="result"><span class="col pokemonnamecol" style="white-space: nowrap">Shiinotic-Kalos</span> <span class="col typecol"><img src="https://dragonheaven.herokuapp.com/sprites/types/Poison.png" alt="Poison" height="14" width="32"><img src="https://dragonheaven.herokuapp.com/sprites/types/Fairy.png" alt="Fairy" height="14" width="32"></span> <span style="float: left ; min-height: 26px"><span class="col abilitycol">Illuminate / Effect Spore / Technician</span><span class="col abilitycol"></span></span></li><li style="clear: both"></li></ul></div><div class="chat"><ul class="utilichart"><li class="result"><span style="float: left ; min-height: 26px"><span class="col statcol"><em>HP</em><br>60</span> <span class="col statcol"><em>Atk</em><br>45</span> <span class="col statcol"><em>Def</em><br>60</span> <span class="col statcol"><em>SpA</em><br>90</span> <span class="col statcol"><em>SpD</em><br>80</span> <span class="col statcol"><em>Spe</em><br>70</span> </span></li><li style="clear: both"></li></ul></div><div class="battle-history"><small>(Shiinotic-Kalos was created by Hematite!)</small><br></div><div class="spacer battle-history"><br></div><div class="battle-history">The opposing Naganadel-Terrestr used <strong>Gunk Shot</strong>!<br></div><div class="battle-history"><small>(Foxfire lost 84% of its health!)</small><br></div><div class="spacer battle-history"><br></div><div class="battle-history"><small>Foxfire restored a little HP using its Black Sludge!</small><br></div><div class="spacer battle-history"><br></div><h2 class="battle-history">Turn 3</h2><div class="chat chatmessage-h2opulse"><strong style="color:#6e8c2b"><small>☆</small><span class="username" data-name="H2OPulse">H2OPulse</span>:</strong> <em>OW</em></div><div class="chat chatmessage-h2opulse"><strong style="color:#6e8c2b"><small>☆</small><span class="username" data-name="H2OPulse">H2OPulse</span>:</strong> <em>FAIR</em></div><div class="spacer battle-history"><br></div><div class="battle-history">Foxfire used <strong>Spore</strong>!<br></div><div class="battle-history"><small>The opposing Naganadel-Terrestr fell asleep!</small><br></div><div class="spacer battle-history"><br></div><div class="battle-history">The opposing Naganadel-Terrestr is fast asleep.<br></div><div class="spacer battle-history"><br></div><div class="battle-history"><small>Foxfire restored a little HP using its Black Sludge!</small><br></div><div class="spacer battle-history"><br></div><h2 class="battle-history">Turn 4</h2><div class="spacer battle-history"><br></div><div class="battle-history">Foxfire used <strong>Draining Kiss</strong>!<br></div><div class="battle-history"><small>It's super effective!</small><br></div><div class="battle-history"><small>(The opposing Naganadel-Terrestr lost 82% of its health!)</small><br></div><div class="battle-history"><small>The opposing Naganadel-Terrestr had its energy drained!</small><br></div><div class="spacer battle-history"><br></div><div class="battle-history">The opposing Naganadel-Terrestr fainted!<br></div><div class="spacer battle-history"><br></div><div class="battle-history"><small>Foxfire restored a little HP using its Black Sludge!</small><br></div><div class="chat chatmessage-godofjoe"><strong style="color:#a523c9"><small>☆</small><span class="username" data-name="god of joe">god of joe</span>:</strong> <em>oh i forgot it gets that</em></div><div class="chat chatmessage-godofjoe"><strong style="color:#a523c9"><small>☆</small><span class="username" data-name="god of joe">god of joe</span>:</strong> <em>idk how</em></div><div class="chat chatmessage-h2opulse"><strong style="color:#6e8c2b"><small>☆</small><span class="username" data-name="H2OPulse">H2OPulse</span>:</strong> <em>better--</em></div><div class="chat chatmessage-h2opulse"><strong style="color:#6e8c2b"><small>☆</small><span class="username" data-name="H2OPulse">H2OPulse</span>:</strong> <em>akdjfh fair</em></div><div class="spacer battle-history"><br></div><div class="battle-history">god of joe sent out Aggron (<strong>Aggron-Hisui</strong>)!<br></div><div class="battle-history"><small>The opposing Aggron was caught in a sticky web!</small><br></div><div class="battle-history"><small>The opposing Aggron's Speed fell!</small><br></div><div class="chat"><ul class="utilichart"><li class="result"><span class="col pokemonnamecol" style="white-space: nowrap">Aggron-Hisui</span> <span class="col typecol"><img src="https://dragonheaven.herokuapp.com/sprites/types/Steel.png" alt="Steel" height="14" width="32"><img src="https://dragonheaven.herokuapp.com/sprites/types/Fighting.png" alt="Fighting" height="14" width="32"></span> <span style="float: left ; min-height: 26px"><span class="col abilitycol">Sturdy / Soundproof / Heavy Metal</span><span class="col abilitycol"></span></span></li><li style="clear: both"></li></ul></div><div class="chat"><ul class="utilichart"><li class="result"><span style="float: left ; min-height: 26px"><span class="col statcol"><em>HP</em><br>70</span> <span class="col statcol"><em>Atk</em><br>60</span> <span class="col statcol"><em>Def</em><br>180</span> <span class="col statcol"><em>SpA</em><br>110</span> <span class="col statcol"><em>SpD</em><br>60</span> <span class="col statcol"><em>Spe</em><br>50</span> </span></li><li style="clear: both"></li></ul></div><div class="battle-history"><small>(Aggron-Hisui was created by Violet!)</small><br></div><div class="spacer battle-history"><br></div><h2 class="battle-history">Turn 5</h2><div class="chat chatmessage-magmajudis"><strong style="color:#979b3e"><small>+</small><span class="username" data-name="Magmajudis">Magmajudis</span>:</strong> <em>i love your nicknames</em></div><div class="spacer battle-history"><br></div><div class="battle-history">Foxfire used <strong>Spore</strong>!<br></div><div class="battle-history"><small>The opposing Aggron fell asleep!</small><br></div><div class="spacer battle-history"><br></div><div class="battle-history">The opposing Aggron is fast asleep.<br></div><div class="spacer battle-history"><br></div><div class="battle-history"><small>Foxfire restored a little HP using its Black Sludge!</small><br></div><div class="spacer battle-history"><br></div><h2 class="battle-history">Turn 6</h2><div class="chat chatmessage-h2opulse"><strong style="color:#6e8c2b"><small>☆</small><span class="username" data-name="H2OPulse">H2OPulse</span>:</strong> <em>: D thanks!!</em></div><div class="spacer battle-history"><br></div><div class="battle-history">Foxfire used <strong>Hidden Power</strong>!<br></div><div class="battle-history"><small>It's super effective!</small><br></div><div class="battle-history"><small>(The opposing Aggron lost 30% of its health!)</small><br></div><div class="battle-history"><small>The opposing Aggron woke up!</small><br></div><div class="spacer battle-history"><br></div><div class="battle-history">The opposing Aggron used <strong>Thunderbolt</strong>!<br></div><div class="battle-history"><small>(Foxfire lost 36% of its health!)</small><br></div><div class="spacer battle-history"><br></div><div class="battle-history"><small>Foxfire restored a little HP using its Black Sludge!</small><br></div><div class="spacer battle-history"><br></div><h2 class="battle-history">Turn 7</h2><div class="chat chatmessage-h2opulse"><strong style="color:#6e8c2b"><small>☆</small><span class="username" data-name="H2OPulse">H2OPulse</span>:</strong> <em>Oh fair</em></div><div class="chat chatmessage-h2opulse"><strong style="color:#6e8c2b"><small>☆</small><span class="username" data-name="H2OPulse">H2OPulse</span>:</strong> <em>Wow that</em></div><div class="spacer battle-history"><br></div><div class="battle-history">Foxfire used <strong>Spore</strong>!<br></div><div class="battle-history"><small>The opposing Aggron fell asleep!</small><br></div><div class="spacer battle-history"><br></div><div class="battle-history">The opposing Aggron is fast asleep.<br></div><div class="spacer battle-history"><br></div><div class="battle-history"><small>Foxfire restored a little HP using its Black Sludge!</small><br></div><div class="spacer battle-history"><br></div><h2 class="battle-history">Turn 8</h2><div class="chat chatmessage-h2opulse"><strong style="color:#6e8c2b"><small>☆</small><span class="username" data-name="H2OPulse">H2OPulse</span>:</strong> <em>really doesn't hurt huh</em></div><div class="chat chatmessage-godofjoe"><strong style="color:#a523c9"><small>☆</small><span class="username" data-name="god of joe">god of joe</span>:</strong> <em>tbf im uninvested</em></div><div class="chat chatmessage-h2opulse"><strong style="color:#6e8c2b"><small>☆</small><span class="username" data-name="H2OPulse">H2OPulse</span>:</strong> <em>Ohhhh that explains a lot okay</em></div><div class="spacer battle-history"><br></div><div class="battle-history">Foxfire used <strong>Hidden Power</strong>!<br></div><div class="battle-history"><small>It's super effective!</small><br></div><div class="battle-history"><small>(The opposing Aggron lost 32% of its health!)</small><br></div><div class="spacer battle-history"><br></div><div class="battle-history">The opposing Aggron is fast asleep.<br></div><div class="spacer battle-history"><br></div><div class="battle-history"><small>Foxfire restored a little HP using its Black Sludge!</small><br></div><div class="spacer battle-history"><br></div><h2 class="battle-history">Turn 9</h2><div class="spacer battle-history"><br></div><div class="battle-history">Foxfire used <strong>Draining Kiss</strong>!<br></div><div class="battle-history"><small>(The opposing Aggron lost 22% of its health!)</small><br></div><div class="battle-history"><small>The opposing Aggron had its energy drained!</small><br></div><div class="spacer battle-history"><br></div><div class="battle-history">The opposing Aggron is fast asleep.<br></div><div class="spacer battle-history"><br></div><div class="battle-history"><small>Foxfire restored a little HP using its Black Sludge!</small><br></div><div class="spacer battle-history"><br></div><h2 class="battle-history">Turn 10</h2><div class="chat chatmessage-godofjoe"><strong style="color:#a523c9"><small>☆</small><span class="username" data-name="god of joe">god of joe</span>:</strong> <em>darn</em></div><div class="chat chatmessage-h2opulse"><strong style="color:#6e8c2b"><small>☆</small><span class="username" data-name="H2OPulse">H2OPulse</span>:</strong> <em>Oof sorry for the three turns x:</em></div><div class="chat chatmessage-godofjoe"><strong style="color:#a523c9"><small>☆</small><span class="username" data-name="god of joe">god of joe</span>:</strong> <em>nah thats ok</em></div><div class="spacer battle-history"><br></div><div class="battle-history">god of joe withdrew Aggron!<br></div><div class="battle-history">god of joe sent out Excadrill (<strong>Excadrill-Hisui</strong>)!<br></div><div class="chat"><ul class="utilichart"><li class="result"><span class="col pokemonnamecol" style="white-space: nowrap">Excadrill-Hisui</span> <span class="col typecol"><img src="https://dragonheaven.herokuapp.com/sprites/types/Ground.png" alt="Ground" height="14" width="32"><img src="https://dragonheaven.herokuapp.com/sprites/types/Normal.png" alt="Normal" height="14" width="32"></span> <span style="float: left ; min-height: 26px"><span class="col abilitycol">Centrifuge / Sand Force / Technician</span><span class="col abilitycol"></span></span></li><li style="clear: both"></li></ul></div><div class="chat"><ul class="utilichart"><li class="result"><span style="float: left ; min-height: 26px"><span class="col statcol"><em>HP</em><br>110</span> <span class="col statcol"><em>Atk</em><br>135</span> <span class="col statcol"><em>Def</em><br>60</span> <span class="col statcol"><em>SpA</em><br>50</span> <span class="col statcol"><em>SpD</em><br>65</span> <span class="col statcol"><em>Spe</em><br>88</span> </span></li><li style="clear: both"></li></ul></div><div class="battle-history"><small>(Excadrill-Hisui was created by ausma!)</small><br></div><div class="battle-history"><small>The opposing Excadrill was caught in a sticky web!</small><br></div><div class="battle-history"><small>The opposing Excadrill's Speed fell!</small><br></div><div class="spacer battle-history"><br></div><div class="battle-history">Foxfire used <strong>Hidden Power</strong>!<br></div><div class="battle-history"><small>(The opposing Excadrill lost 21% of its health!)</small><br></div><div class="spacer battle-history"><br></div><div class="battle-history"><small>The opposing Excadrill restored a little HP using its Leftovers!</small><br></div><div class="spacer battle-history"><br></div><h2 class="battle-history">Turn 11</h2><div class="chat chatmessage-h2opulse"><strong style="color:#6e8c2b"><small>☆</small><span class="username" data-name="H2OPulse">H2OPulse</span>:</strong> <em>okay now I leave--</em></div><div class="spacer battle-history"><br></div><div class="battle-history">Foxfire, come back!<br></div><div class="battle-history">Go! Mango (<strong>Noivern-Variant</strong>)!<br></div><div class="chat"><ul class="utilichart"><li class="result"><span class="col pokemonnamecol" style="white-space: nowrap">Noivern-Variant</span> <span class="col typecol"><img src="https://dragonheaven.herokuapp.com/sprites/types/Fighting.png" alt="Fighting" height="14" width="32"><img src="https://dragonheaven.herokuapp.com/sprites/types/Dragon.png" alt="Dragon" height="14" width="32"></span> <span style="float: left ; min-height: 26px"><span class="col abilitycol">Levitate</span><span class="col abilitycol"></span></span></li><li style="clear: both"></li></ul></div><div class="chat"><ul class="utilichart"><li class="result"><span style="float: left ; min-height: 26px"><span class="col statcol"><em>HP</em><br>95</span> <span class="col statcol"><em>Atk</em><br>70</span> <span class="col statcol"><em>Def</em><br>80</span> <span class="col statcol"><em>SpA</em><br>97</span> <span class="col statcol"><em>SpD</em><br>80</span> <span class="col statcol"><em>Spe</em><br>113</span> </span></li><li style="clear: both"></li></ul></div><div class="battle-history"><small>(Noivern-Variant was created by Hematite!)</small><br></div><div class="spacer battle-history"><br></div><div class="battle-history">The opposing Excadrill used <strong>Rapid Spin</strong>!<br></div><div class="battle-history"><small>(Mango lost 22% of its health!)</small><br></div><div class="battle-history"><small>The opposing Excadrill's Speed rose!</small><br></div><div class="battle-history"><small>The sticky web has disappeared from the ground around the opposing team!</small><br></div><div class="spacer battle-history"><br></div><div class="battle-history"><small>The opposing Excadrill restored a little HP using its Leftovers!</small><br></div><div class="spacer battle-history"><br></div><h2 class="battle-history">Turn 12</h2><div class="spacer battle-history"><br></div><div class="battle-history">god of joe withdrew Excadrill!<br></div><div class="battle-history">god of joe sent out <strong>Sylveon</strong>!<br></div><div class="spacer battle-history"><br></div><div class="battle-history">Mango used <strong>Super Fang</strong>!<br></div><div class="battle-history"><small>(The opposing Sylveon lost 50% of its health!)</small><br></div><div class="spacer battle-history"><br></div><div class="battle-history"><small>The opposing Sylveon restored a little HP using its Leftovers!</small><br></div><div class="spacer battle-history"><br></div><h2 class="battle-history">Turn 13</h2><div class="chat chatmessage-godofjoe"><strong style="color:#a523c9"><small>☆</small><span class="username" data-name="god of joe">god of joe</span>:</strong> <em>ow</em></div><div class="spacer battle-history"><br></div><div class="battle-history">Mango used <strong>Defog</strong>!<br></div><div class="battle-history"><small>The opposing Sylveon's evasiveness fell!</small><br></div><div class="battle-history"><small>The spikes disappeared from the ground around your team!</small><br></div><div class="spacer battle-history"><br></div><div class="battle-history">The opposing Sylveon used <strong>Wish</strong>!<br></div><div class="spacer battle-history"><br></div><div class="battle-history"><small>The opposing Sylveon restored a little HP using its Leftovers!</small><br></div><div class="spacer battle-history"><br></div><h2 class="battle-history">Turn 14</h2><div class="spacer battle-history"><br></div><div class="battle-history">Mango, come back!<br></div><div class="battle-history">Go! Zantedeschia (<strong>Resurrectric</strong>)!<br></div><div class="chat"><ul class="utilichart"><li class="result"><span class="col pokemonnamecol" style="white-space: nowrap">Resurrectric</span> <span class="col typecol"><img src="https://dragonheaven.herokuapp.com/sprites/types/Ground.png" alt="Ground" height="14" width="32"><img src="https://dragonheaven.herokuapp.com/sprites/types/Electric.png" alt="Electric" height="14" width="32"></span> <span style="float: left ; min-height: 26px"><span class="col abilitycol">Inner Focus / Lightning Rod / Battle Armor</span><span class="col abilitycol"></span></span></li><li style="clear: both"></li></ul></div><div class="chat"><ul class="utilichart"><li class="result"><span style="float: left ; min-height: 26px"><span class="col statcol"><em>HP</em><br>80</span> <span class="col statcol"><em>Atk</em><br>60</span> <span class="col statcol"><em>Def</em><br>130</span> <span class="col statcol"><em>SpA</em><br>125</span> <span class="col statcol"><em>SpD</em><br>80</span> <span class="col statcol"><em>Spe</em><br>45</span> </span></li><li style="clear: both"></li></ul></div><div class="battle-history"><small>(Resurrectric was created by Hematite!)</small><br></div><div class="spacer battle-history"><br></div><div class="battle-history">The opposing Sylveon used <strong>Moonblast</strong>!<br></div><div class="battle-history"><small>(Zantedeschia lost 28% of its health!)</small><br></div><div class="spacer battle-history"><br></div><div class="battle-history"><small>Sylveon's wish came true!</small><br></div><div class="spacer battle-history"><br></div><h2 class="battle-history">Turn 15</h2><div class="chat chatmessage-h2opulse"><strong style="color:#6e8c2b"><small>☆</small><span class="username" data-name="H2OPulse">H2OPulse</span>:</strong> <em>Oh huh I expected Aggron</em></div><div class="spacer battle-history"><br></div><div class="battle-history">The opposing Sylveon used <strong>Wish</strong>!<br></div><div class="spacer battle-history"><br></div><div class="battle-history">Zantedeschia used <strong>Discharge</strong>!<br></div><div class="battle-history"><small>(The opposing Sylveon lost 30% of its health!)</small><br></div><div class="spacer battle-history"><br></div><div class="battle-history"><small>The opposing Sylveon restored a little HP using its Leftovers!</small><br></div><div class="spacer battle-history"><br></div><h2 class="battle-history">Turn 16</h2><div class="spacer battle-history"><br></div><div class="battle-history">god of joe withdrew Sylveon!<br></div><div class="battle-history">god of joe sent out Excadrill (<strong>Excadrill-Hisui</strong>)!<br></div><div class="spacer battle-history"><br></div><div class="battle-history">Zantedeschia used <strong>Earth Power</strong>!<br></div><div class="battle-history">[The opposing Excadrill's Centrifuge]<br></div><div class="battle-history"><small>The opposing Excadrill's Attack rose!</small><br></div><div class="spacer battle-history"><br></div><div class="battle-history"><small>Sylveon's wish came true!</small><br></div><div class="spacer battle-history"><br></div><h2 class="battle-history">Turn 17</h2><div class="chat chatmessage-h2opulse"><strong style="color:#6e8c2b"><small>☆</small><span class="username" data-name="H2OPulse">H2OPulse</span>:</strong> <em>OH RIGHT</em></div><div class="chat chatmessage-godofjoe"><strong style="color:#a523c9"><small>☆</small><span class="username" data-name="god of joe">god of joe</span>:</strong> <em>behold</em></div><div class="chat chatmessage-h2opulse"><strong style="color:#6e8c2b"><small>☆</small><span class="username" data-name="H2OPulse">H2OPulse</span>:</strong> <em>I am not a smart man</em></div><div class="chat chatmessage-godofjoe"><strong style="color:#a523c9"><small>☆</small><span class="username" data-name="god of joe">god of joe</span>:</strong> <em>the resurrectric check</em></div><div class="chat chatmessage-h2opulse"><strong style="color:#6e8c2b"><small>☆</small><span class="username" data-name="H2OPulse">H2OPulse</span>:</strong> <em>Y e s</em></div><div class="spacer battle-history"><br></div><div class="battle-history">Zantedeschia, come back!<br></div><div class="battle-history">Go! Snakecotton (<strong>Orbeetle-Variant</strong>)!<br></div><div class="battle-history">[Snakecotton's Frisk]<br><small>Snakecotton frisked the opposing Excadrill and found its Leftovers!</small><br></div><div class="spacer battle-history"><br></div><div class="battle-history">The opposing Excadrill used <strong>Rapid Spin</strong>!<br></div><div class="battle-history"><small>(Snakecotton lost 31% of its health!)</small><br></div><div class="battle-history"><small>The opposing Excadrill's Speed rose!</small><br></div><div class="spacer battle-history"><br></div><h2 class="battle-history">Turn 18</h2><div class="chat chatmessage-h2opulse"><strong style="color:#6e8c2b"><small>☆</small><span class="username" data-name="H2OPulse">H2OPulse</span>:</strong> <em>thAT WAS A RAPID SPIN asjdfhg</em></div><div class="spacer battle-history"><br></div><div class="battle-history">The opposing Excadrill used <strong>Rapid Spin</strong>!<br></div><div class="battle-history"><small>(Snakecotton lost 30% of its health!)</small><br></div><div class="battle-history"><small>The opposing Excadrill's Speed rose!</small><br></div><div class="spacer battle-history"><br></div><div class="battle-history">Snakecotton used <strong>Recover</strong>!<br></div><div class="battle-history"><small>Snakecotton had its HP restored.</small><br></div><div class="spacer battle-history"><br></div><h2 class="battle-history">Turn 19</h2><div class="spacer battle-history"><br></div><div class="battle-history">The opposing Excadrill used <strong>Earthquake</strong>!<br></div><div class="battle-history"><small>(Snakecotton lost 68% of its health!)</small><br></div><div class="spacer battle-history"><br></div><div class="battle-history">Snakecotton used <strong>Body Press</strong>!<br></div><div class="battle-history"><small>It's super effective!</small><br></div><div class="battle-history"><small>A critical hit!</small><br></div><div class="battle-history"><small>(The opposing Excadrill lost 86% of its health!)</small><br></div><div class="spacer battle-history"><br></div><div class="battle-history"><small>The opposing Excadrill restored a little HP using its Leftovers!</small><br></div><div class="spacer battle-history"><br></div><h2 class="battle-history">Turn 20</h2><div class="chat chatmessage-h2opulse"><strong style="color:#6e8c2b"><small>☆</small><span class="username" data-name="H2OPulse">H2OPulse</span>:</strong> <em>I am in so much danger</em></div><div class="chat chatmessage-h2opulse"><strong style="color:#6e8c2b"><small>☆</small><span class="username" data-name="H2OPulse">H2OPulse</span>:</strong> <em>Oof sorry</em></div><div class="chat chatmessage-h2opulse"><strong style="color:#6e8c2b"><small>☆</small><span class="username" data-name="H2OPulse">H2OPulse</span>:</strong> <em>that was a crit</em></div><div class="spacer battle-history"><br></div><div class="battle-history">Snakecotton, come back!<br></div><div class="battle-history">Go! Mango (<strong>Noivern-Variant</strong>)!<br></div><div class="spacer battle-history"><br></div><div class="battle-history">The opposing Excadrill used <strong>Rapid Spin</strong>!<br></div><div class="battle-history"><small>(Mango lost 38% of its health!)</small><br></div><div class="battle-history"><small>The opposing Excadrill's Speed rose!</small><br></div><div class="spacer battle-history"><br></div><div class="battle-history"><small>The opposing Excadrill restored a little HP using its Leftovers!</small><br></div><div class="spacer battle-history"><br></div><h2 class="battle-history">Turn 21</h2><div class="spacer battle-history"><br></div><div class="battle-history">The opposing Excadrill used <strong>Rapid Spin</strong>!<br></div><div class="battle-history"><small>(Mango lost 37% of its health!)</small><br></div><div class="battle-history"><small>The opposing Excadrill's Speed rose!</small><br></div><div class="spacer battle-history"><br></div><div class="battle-history">Mango used <strong>Roost</strong>!<br></div><div class="battle-history"><small>Mango had its HP restored.</small><br></div><div class="spacer battle-history"><br></div><div class="battle-history"><small>The opposing Excadrill restored a little HP using its Leftovers!</small><br></div><div class="spacer battle-history"><br></div><h2 class="battle-history">Turn 22</h2><div class="spacer battle-history"><br></div><div class="battle-history">The opposing Excadrill used <strong>Toxic</strong>!<br></div><div class="battle-history"><small>Mango avoided the attack!</small><br></div><div class="spacer battle-history"><br></div><div class="battle-history">Mango used <strong>Roost</strong>!<br></div><div class="battle-history"><small>Mango had its HP restored.</small><br></div><div class="spacer battle-history"><br></div><div class="battle-history"><small>The opposing Excadrill restored a little HP using its Leftovers!</small><br></div><div class="spacer battle-history"><br></div><h2 class="battle-history">Turn 23</h2><div class="chat chatmessage-h2opulse"><strong style="color:#6e8c2b"><small>☆</small><span class="username" data-name="H2OPulse">H2OPulse</span>:</strong> <em>these are Rapid Spins I'm going to die</em></div><div class="chat chatmessage-h2opulse"><strong style="color:#6e8c2b"><small>☆</small><span class="username" data-name="H2OPulse">H2OPulse</span>:</strong> <em>OOF I AM SO SORRY</em></div><div class="chat chatmessage-godofjoe"><strong style="color:#a523c9"><small>☆</small><span class="username" data-name="god of joe">god of joe</span>:</strong> <em>all good </em></div><div class="spacer battle-history"><br></div><div class="battle-history">god of joe withdrew Excadrill!<br></div><div class="battle-history">god of joe sent out <strong>Sylveon</strong>!<br></div><div class="spacer battle-history"><br></div><div class="battle-history">Mango used <strong>Draco Meteor</strong>!<br></div><div class="battle-history"><small>It doesn't affect the opposing Sylveon...</small><br></div><div class="spacer battle-history"><br></div><div class="battle-history"><small>The opposing Sylveon restored a little HP using its Leftovers!</small><br></div><div class="spacer battle-history"><br></div><h2 class="battle-history">Turn 24</h2><div class="chat chatmessage-h2opulse"><strong style="color:#6e8c2b"><small>☆</small><span class="username" data-name="H2OPulse">H2OPulse</span>:</strong> <em>crisis averted--</em></div><div class="spacer battle-history"><br></div><div class="battle-history">Mango, come back!<br></div><div class="battle-history">Go! Cattail (<strong>Vaporeon</strong>)!<br></div><div class="spacer battle-history"><br></div><div class="battle-history">The opposing Sylveon used <strong>Wish</strong>!<br></div><div class="spacer battle-history"><br></div><div class="battle-history"><small>The opposing Sylveon restored a little HP using its Leftovers!</small><br></div><div class="spacer battle-history"><br></div><h2 class="battle-history">Turn 25</h2><div class="spacer battle-history"><br></div><div class="battle-history">god of joe withdrew Sylveon!<br></div><div class="battle-history">god of joe sent out <strong>Boomblare</strong>!<br></div><div class="chat"><ul class="utilichart"><li class="result"><span class="col pokemonnamecol" style="white-space: nowrap">Boomblare</span> <span class="col typecol"><img src="https://dragonheaven.herokuapp.com/sprites/types/Normal.png" alt="Normal" height="14" width="32"><img src="https://dragonheaven.herokuapp.com/sprites/types/Electric.png" alt="Electric" height="14" width="32"></span> <span style="float: left ; min-height: 26px"><span class="col abilitycol">Blowout</span><span class="col abilitycol"></span></span></li><li style="clear: both"></li></ul></div><div class="chat"><ul class="utilichart"><li class="result"><span style="float: left ; min-height: 26px"><span class="col statcol"><em>HP</em><br>104</span> <span class="col statcol"><em>Atk</em><br>116</span> <span class="col statcol"><em>Def</em><br>58</span> <span class="col statcol"><em>SpA</em><br>76</span> <span class="col statcol"><em>SpD</em><br>58</span> <span class="col statcol"><em>Spe</em><br>78</span> </span></li><li style="clear: both"></li></ul></div><div class="battle-history"><small>(Boomblare was created by ausma!)</small><br></div><div class="spacer battle-history"><br></div><div class="battle-history">Cattail used <strong>Flip Turn</strong>!<br></div><div class="battle-history"><small>(The opposing Boomblare lost 24% of its health!)</small><br></div><div class="spacer battle-history"><br></div><div class="battle-history">Cattail, come back!<br></div><div class="battle-history">Go! Zantedeschia (<strong>Resurrectric</strong>)!<br></div><div class="spacer battle-history"><br></div><div class="battle-history"><small>Sylveon's wish came true!</small><br></div><div class="spacer battle-history"><br></div><h2 class="battle-history">Turn 26</h2><div class="spacer battle-history"><br></div><div class="battle-history">god of joe withdrew Boomblare!<br></div><div class="battle-history">god of joe sent out Excadrill (<strong>Excadrill-Hisui</strong>)!<br></div><div class="spacer battle-history"><br></div><div class="battle-history">Zantedeschia used <strong>Ice Beam</strong>!<br></div><div class="battle-history"><small>It's super effective!</small><br></div><div class="battle-history"><small>(The opposing Excadrill lost 38% of its health!)</small><br></div><div class="spacer battle-history"><br></div><div class="battle-history">The opposing Excadrill fainted!<br></div><div class="spacer battle-history"><br></div><div class="battle-history">god of joe sent out <strong>Tyrandra</strong>!<br></div><div class="chat"><ul class="utilichart"><li class="result"><span class="col pokemonnamecol" style="white-space: nowrap">Tyrandra</span> <span class="col typecol"><img src="https://dragonheaven.herokuapp.com/sprites/types/Dark.png" alt="Dark" height="14" width="32"><img src="https://dragonheaven.herokuapp.com/sprites/types/Dragon.png" alt="Dragon" height="14" width="32"></span> <span style="float: left ; min-height: 26px"><span class="col abilitycol">Poison Point / Merciless / Damp</span><span class="col abilitycol"></span></span></li><li style="clear: both"></li></ul></div><div class="chat"><ul class="utilichart"><li class="result"><span style="float: left ; min-height: 26px"><span class="col statcol"><em>HP</em><br>70</span> <span class="col statcol"><em>Atk</em><br>90</span> <span class="col statcol"><em>Def</em><br>95</span> <span class="col statcol"><em>SpA</em><br>90</span> <span class="col statcol"><em>SpD</em><br>95</span> <span class="col statcol"><em>Spe</em><br>100</span> </span></li><li style="clear: both"></li></ul></div><div class="battle-history"><small>(Tyrandra was created by ausma!)</small><br></div><div class="spacer battle-history"><br></div><h2 class="battle-history">Turn 27</h2><div class="spacer battle-history"><br></div><div class="battle-history">The opposing Tyrandra used <strong>Flip Turn</strong>!<br></div><div class="battle-history"><small>It's super effective!</small><br></div><div class="battle-history"><small>(Zantedeschia lost 19% of its health!)</small><br></div><div class="spacer battle-history"><br></div><div class="battle-history">god of joe withdrew Tyrandra!<br></div><div class="battle-history">god of joe sent out <strong>Sylveon</strong>!<br></div><div class="spacer battle-history"><br></div><div class="battle-history">Zantedeschia used <strong>Ice Beam</strong>!<br></div><div class="battle-history"><small>(The opposing Sylveon lost 21% of its health!)</small><br></div><div class="spacer battle-history"><br></div><div class="battle-history"><small>The opposing Sylveon restored a little HP using its Leftovers!</small><br></div><div class="spacer battle-history"><br></div><h2 class="battle-history">Turn 28</h2><div class="spacer battle-history"><br></div><div class="battle-history">Zantedeschia, come back!<br></div><div class="battle-history">Go! Cattail (<strong>Vaporeon</strong>)!<br></div><div class="spacer battle-history"><br></div><div class="battle-history">The opposing Sylveon used <strong>Wish</strong>!<br></div><div class="spacer battle-history"><br></div><div class="battle-history"><small>The opposing Sylveon restored a little HP using its Leftovers!</small><br></div><div class="spacer battle-history"><br></div><h2 class="battle-history">Turn 29</h2><div class="spacer battle-history"><br></div><div class="battle-history">god of joe withdrew Sylveon!<br></div><div class="battle-history">god of joe sent out Aggron (<strong>Aggron-Hisui</strong>)!<br></div><div class="spacer battle-history"><br></div><div class="battle-history">Cattail used <strong>Flip Turn</strong>!<br></div><div class="battle-history"><small>(The opposing Aggron lost 9% of its health!)</small><br></div><div class="chat chatmessage-h2opulse"><strong style="color:#6e8c2b"><small>☆</small><span class="username" data-name="H2OPulse">H2OPulse</span>:</strong> <em>Haha not even close okay</em></div><div class="spacer battle-history"><br></div><div class="battle-history">Cattail, come back!<br></div><div class="battle-history">Go! Zantedeschia (<strong>Resurrectric</strong>)!<br></div><div class="spacer battle-history"><br></div><div class="battle-history"><small>Sylveon's wish came true!</small><br></div><div class="spacer battle-history"><br></div><h2 class="battle-history">Turn 30</h2><div class="chat chatmessage-h2opulse"><strong style="color:#6e8c2b"><small>☆</small><span class="username" data-name="H2OPulse">H2OPulse</span>:</strong> <em>Oh that doesn't</em></div><div class="chat chatmessage-h2opulse"><strong style="color:#6e8c2b"><small>☆</small><span class="username" data-name="H2OPulse">H2OPulse</span>:</strong> <em>heal all the way</em></div><div class="chat chatmessage-h2opulse"><strong style="color:#6e8c2b"><small>☆</small><span class="username" data-name="H2OPulse">H2OPulse</span>:</strong> <em>I'm used to Vaporeon</em></div><div class="spacer battle-history"><br></div><div class="battle-history">god of joe withdrew Aggron!<br></div><div class="battle-history">god of joe sent out <strong>Sylveon</strong>!<br></div><div class="spacer battle-history"><br></div><div class="battle-history">Zantedeschia used <strong>Earth Power</strong>!<br></div><div class="battle-history"><small>(The opposing Sylveon lost 38% of its health!)</small><br></div><div class="spacer battle-history"><br></div><div class="battle-history"><small>The opposing Sylveon restored a little HP using its Leftovers!</small><br></div><div class="spacer battle-history"><br></div><h2 class="battle-history">Turn 31</h2><div class="spacer battle-history"><br></div><div class="battle-history">The opposing Sylveon used <strong>Wish</strong>!<br></div><div class="spacer battle-history"><br></div><div class="battle-history">Zantedeschia used <strong>Earth Power</strong>!<br></div><div class="battle-history"><small>(The opposing Sylveon lost 32% of its health!)</small><br></div><div class="spacer battle-history"><br></div><div class="battle-history"><small>The opposing Sylveon restored a little HP using its Leftovers!</small><br></div><div class="spacer battle-history"><br></div><h2 class="battle-history">Turn 32</h2><div class="spacer battle-history"><br></div><div class="battle-history">The opposing Sylveon used <strong>Protect</strong>!<br></div><div class="battle-history"><small>The opposing Sylveon protected itself!</small><br></div><div class="spacer battle-history"><br></div><div class="battle-history">Zantedeschia used <strong>Earth Power</strong>!<br></div><div class="battle-history"><small>The opposing Sylveon protected itself!</small><br></div><div class="spacer battle-history"><br></div><div class="battle-history"><small>Sylveon's wish came true!</small><br></div><div class="battle-history"><small>The opposing Sylveon restored a little HP using its Leftovers!</small><br></div><div class="spacer battle-history"><br></div><h2 class="battle-history">Turn 33</h2><div class="spacer battle-history"><br></div><div class="battle-history">The opposing Sylveon used <strong>Wish</strong>!<br></div><div class="spacer battle-history"><br></div><div class="battle-history">Zantedeschia used <strong>Earth Power</strong>!<br></div><div class="battle-history"><small>(The opposing Sylveon lost 33% of its health!)</small><br></div><div class="spacer battle-history"><br></div><div class="battle-history"><small>The opposing Sylveon restored a little HP using its Leftovers!</small><br></div><div class="spacer battle-history"><br></div><h2 class="battle-history">Turn 34</h2><div class="spacer battle-history"><br></div><div class="battle-history">The opposing Sylveon used <strong>Moonblast</strong>!<br></div><div class="battle-history"><small>(Zantedeschia lost 26% of its health!)</small><br></div><div class="battle-history"><small>Zantedeschia's Sp. Atk fell!</small><br></div><div class="spacer battle-history"><br></div><div class="battle-history">Zantedeschia used <strong>Earth Power</strong>!<br></div><div class="battle-history"><small>(The opposing Sylveon lost 23% of its health!)</small><br></div><div class="spacer battle-history"><br></div><div class="battle-history"><small>Sylveon's wish came true!</small><br></div><div class="battle-history"><small>The opposing Sylveon restored a little HP using its Leftovers!</small><br></div><div class="spacer battle-history"><br></div><h2 class="battle-history">Turn 35</h2><div class="spacer battle-history"><br></div><div class="battle-history">Zantedeschia, come back!<br></div><div class="battle-history">Go! Cattail (<strong>Vaporeon</strong>)!<br></div><div class="spacer battle-history"><br></div><div class="battle-history">The opposing Sylveon used <strong>Wish</strong>!<br></div><div class="spacer battle-history"><br></div><div class="battle-history"><small>The opposing Sylveon restored a little HP using its Leftovers!</small><br></div><div class="spacer battle-history"><br></div><h2 class="battle-history">Turn 36</h2><div class="spacer battle-history"><br></div><div class="battle-history">god of joe withdrew Sylveon!<br></div><div class="battle-history">god of joe sent out Aggron (<strong>Aggron-Hisui</strong>)!<br></div><div class="spacer battle-history"><br></div><div class="battle-history">Cattail used <strong>Wish</strong>!<br></div><div class="spacer battle-history"><br></div><div class="battle-history"><small>Sylveon's wish came true!</small><br></div><div class="spacer battle-history"><br></div><h2 class="battle-history">Turn 37</h2><div class="spacer battle-history"><br></div><div class="battle-history">Cattail used <strong>Flip Turn</strong>!<br></div><div class="battle-history"><small>(The opposing Aggron lost 8% of its health!)</small><br></div><div class="spacer battle-history"><br></div><div class="battle-history">Cattail, come back!<br></div><div class="battle-history">Go! Zantedeschia (<strong>Resurrectric</strong>)!<br></div><div class="battle-history"><small>The opposing Aggron woke up!</small><br></div><div class="spacer battle-history"><br></div><div class="battle-history">The opposing Aggron used <strong>Thunderbolt</strong>!<br></div><div class="battle-history">[Zantedeschia's Lightning Rod]<br></div><div class="battle-history"><small>Zantedeschia's Sp. Atk rose!</small><br></div><div class="spacer battle-history"><br></div><div class="battle-history"><small>Cattail's wish came true!</small><br></div><div class="spacer battle-history"><br></div><h2 class="battle-history">Turn 38</h2><div class="chat chatmessage-godofjoe"><strong style="color:#a523c9"><small>☆</small><span class="username" data-name="god of joe">god of joe</span>:</strong> <em>oh</em></div><div class="chat chatmessage-godofjoe"><strong style="color:#a523c9"><small>☆</small><span class="username" data-name="god of joe">god of joe</span>:</strong> <em>yeah thats a thing huh</em></div><div class="chat chatmessage-h2opulse"><strong style="color:#6e8c2b"><small>☆</small><span class="username" data-name="H2OPulse">H2OPulse</span>:</strong> <em>askdjfhg</em></div><div class="spacer battle-history"><br></div><div class="battle-history">The opposing Aggron used <strong>Ice Beam</strong>!<br></div><div class="battle-history"><small>It's super effective!</small><br></div><div class="battle-history"><small>(Zantedeschia lost 35% of its health!)</small><br></div><div class="spacer battle-history"><br></div><div class="battle-history">Zantedeschia used <strong>Earth Power</strong>!<br></div><div class="battle-history"><small>It's super effective!</small><br></div><div class="battle-history"><small>(The opposing Aggron lost 92% of its health!)</small><br></div><div class="spacer battle-history"><br></div><div class="battle-history">The opposing Aggron fainted!<br></div><div class="chat chatmessage-h2opulse"><strong style="color:#6e8c2b"><small>☆</small><span class="username" data-name="H2OPulse">H2OPulse</span>:</strong> <em>this is maybe a problem I'm so sorry--</em></div><div class="spacer battle-history"><br></div><div class="battle-history">god of joe sent out <strong>Boomblare</strong>!<br></div><div class="spacer battle-history"><br></div><h2 class="battle-history">Turn 39</h2><div class="chat chatmessage-h2opulse"><strong style="color:#6e8c2b"><small>☆</small><span class="username" data-name="H2OPulse">H2OPulse</span>:</strong> <em>hm okay so</em></div><div class="chat chatmessage-h2opulse"><strong style="color:#6e8c2b"><small>☆</small><span class="username" data-name="H2OPulse">H2OPulse</span>:</strong> <em>hm</em></div><div class="spacer battle-history"><br></div><div class="battle-history">Zantedeschia, come back!<br></div><div class="battle-history">Go! Snakecotton (<strong>Orbeetle-Variant</strong>)!<br></div><div class="battle-history">[Snakecotton's Frisk]<br><small>Snakecotton frisked the opposing Boomblare and found its Life Orb!</small><br></div><div class="spacer battle-history"><br></div><div class="battle-history">The opposing Boomblare used <strong>Boomburst</strong>!<br></div><div class="battle-history"><small>(Snakecotton lost 21% of its health!)</small><br></div><div class="battle-history"><small>The opposing Boomblare lost some of its HP!</small><br></div><div class="spacer battle-history"><br></div><div class="battle-history">Snakecotton fainted!<br></div><div class="spacer battle-history"><br></div><div class="battle-history">Go! Cattail (<strong>Vaporeon</strong>)!<br></div><div class="spacer battle-history"><br></div><h2 class="battle-history">Turn 40</h2><div class="chat chatmessage-godofjoe"><strong style="color:#a523c9"><small>☆</small><span class="username" data-name="god of joe">god of joe</span>:</strong> <em>im curious</em></div><div class="chat chatmessage-godofjoe"><strong style="color:#a523c9"><small>☆</small><span class="username" data-name="god of joe">god of joe</span>:</strong> <em>lets seeeeeeee</em></div><div class="chat chatmessage-h2opulse"><strong style="color:#6e8c2b"><small>☆</small><span class="username" data-name="H2OPulse">H2OPulse</span>:</strong> <em>Oh I feel comfortable</em></div><div class="chat chatmessage-h2opulse"><strong style="color:#6e8c2b"><small>☆</small><span class="username" data-name="H2OPulse">H2OPulse</span>:</strong> <em>Okay</em></div><div class="spacer battle-history"><br></div><div class="battle-history">The opposing Boomblare used <strong>Boomburst</strong>!<br></div><div class="battle-history"><small>(Cattail lost 48% of its health!)</small><br></div><div class="battle-history">[The opposing Boomblare's Blowout]<br></div><div class="battle-history">[Cattail's Soundproof]<br></div><div class="battle-history"><small>Cattail lost its hearing!</small><br></div><div class="battle-history"><small>The opposing Boomblare lost some of its HP!</small><br></div><div class="spacer battle-history"><br></div><div class="battle-history">Cattail used <strong>Wish</strong>!<br></div><div class="spacer battle-history"><br></div><div class="battle-history"><small>Cattail restored a little HP using its Leftovers!</small><br></div><div class="spacer battle-history"><br></div><h2 class="battle-history">Turn 41</h2><div class="chat chatmessage-godofjoe"><strong style="color:#a523c9"><small>☆</small><span class="username" data-name="god of joe">god of joe</span>:</strong> <em>48</em></div><div class="chat chatmessage-godofjoe"><strong style="color:#a523c9"><small>☆</small><span class="username" data-name="god of joe">god of joe</span>:</strong> <em>and thats spdef vap right</em></div><div class="chat chatmessage-h2opulse"><strong style="color:#6e8c2b"><small>☆</small><span class="username" data-name="H2OPulse">H2OPulse</span>:</strong> <em>Yep!</em></div><div class="chat chatmessage-h2opulse"><strong style="color:#6e8c2b"><small>☆</small><span class="username" data-name="H2OPulse">H2OPulse</span>:</strong> <em>Overdrive is 50.4 - 59.4%</em></div><div class="chat chatmessage-godofjoe"><strong style="color:#a523c9"><small>☆</small><span class="username" data-name="god of joe">god of joe</span>:</strong> <em>righto</em></div><div class="chat chatmessage-godofjoe"><strong style="color:#a523c9"><small>☆</small><span class="username" data-name="god of joe">god of joe</span>:</strong> <em>thats not too shocking</em></div><div class="chat chatmessage-godofjoe"><strong style="color:#a523c9"><small>☆</small><span class="username" data-name="god of joe">god of joe</span>:</strong> <em>haha shocking</em></div><div class="chat chatmessage-h2opulse"><strong style="color:#6e8c2b"><small>☆</small><span class="username" data-name="H2OPulse">H2OPulse</span>:</strong> <em>heheh</em></div><div class="spacer battle-history"><br></div><div class="battle-history">god of joe withdrew Boomblare!<br></div><div class="battle-history">god of joe sent out <strong>Tyrandra</strong>!<br></div><div class="spacer battle-history"><br></div><div class="battle-history">Cattail used <strong>Protect</strong>!<br></div><div class="battle-history"><small>But it failed!</small><br></div><div class="spacer battle-history"><br></div><div class="battle-history"><small>Cattail's wish came true!</small><br></div><div class="spacer battle-history"><br></div><h2 class="battle-history">Turn 42</h2><div class="spacer battle-history"><br></div><div class="battle-history">The opposing Tyrandra used <strong>Toxic</strong>!<br></div><div class="battle-history"><small>Cattail was badly poisoned!</small><br></div><div class="spacer battle-history"><br></div><div class="battle-history">Cattail used <strong>Wish</strong>!<br></div><div class="spacer battle-history"><br></div><div class="battle-history"><small>Cattail was hurt by poison!</small><br></div><div class="spacer battle-history"><br></div><h2 class="battle-history">Turn 43</h2><div class="spacer battle-history"><br></div><div class="battle-history">The opposing Tyrandra used <strong>Draco Meteor</strong>!<br></div><div class="battle-history"><small>A critical hit!</small><br></div><div class="battle-history"><small>(Cattail lost 44% of its health!)</small><br></div><div class="battle-history"><small>The opposing Tyrandra's Sp. Atk fell harshly!</small><br></div><div class="spacer battle-history"><br></div><div class="battle-history">Cattail used <strong>Heal Bell</strong>!<br></div><div class="battle-history">[Cattail's Soundproof]<br><small>It doesn't affect Cattail...</small><br></div><div class="battle-history"><small>A bell chimed!</small><br></div><div class="battle-history"><small>Cattail was cured of its poisoning!</small><br></div><div class="spacer battle-history"><br></div><div class="battle-history"><small>Cattail's wish came true!</small><br></div><div class="battle-history"><small>Cattail restored a little HP using its Leftovers!</small><br></div><div class="spacer battle-history"><br></div><h2 class="battle-history">Turn 44</h2><div class="chat chatmessage-godofjoe"><strong style="color:#a523c9"><small>☆</small><span class="username" data-name="god of joe">god of joe</span>:</strong> <em>dafuq</em></div><div class="chat chatmessage-h2opulse"><strong style="color:#6e8c2b"><small>☆</small><span class="username" data-name="H2OPulse">H2OPulse</span>:</strong> <em>wh</em></div><div class="chat chatmessage-h2opulse"><strong style="color:#6e8c2b"><small>☆</small><span class="username" data-name="H2OPulse">H2OPulse</span>:</strong> <em>w</em></div><div class="chat chatmessage-h2opulse"><strong style="color:#6e8c2b"><small>☆</small><span class="username" data-name="H2OPulse">H2OPulse</span>:</strong> <em>wh</em></div><div class="chat chatmessage-godofjoe"><strong style="color:#a523c9"><small>☆</small><span class="username" data-name="god of joe">god of joe</span>:</strong> <em>why did that still </em></div><div class="chat chatmessage-godofjoe"><strong style="color:#a523c9"><small>☆</small><span class="username" data-name="god of joe">god of joe</span>:</strong> <em>cure ur poison</em></div><div class="chat chatmessage-h2opulse"><strong style="color:#6e8c2b"><small>☆</small><span class="username" data-name="H2OPulse">H2OPulse</span>:</strong> <em>I</em></div><div class="chat chatmessage-godofjoe"><strong style="color:#a523c9"><small>☆</small><span class="username" data-name="god of joe">god of joe</span>:</strong> <em>my funny tech....</em></div><div class="chat chatmessage-h2opulse"><strong style="color:#6e8c2b"><small>☆</small><span class="username" data-name="H2OPulse">H2OPulse</span>:</strong> <em>Oh huh it's a Gen VIII thing</em></div><div class="chat chatmessage-h2opulse"><strong style="color:#6e8c2b"><small>☆</small><span class="username" data-name="H2OPulse">H2OPulse</span>:</strong> <em><span class="greentext">&gt; Heal Bell now always affects the user, even if it has Soundproof.</span></em></div><div class="chat chatmessage-godofjoe"><strong style="color:#a523c9"><small>☆</small><span class="username" data-name="god of joe">god of joe</span>:</strong> <em>oh</em></div><div class="chat chatmessage-godofjoe"><strong style="color:#a523c9"><small>☆</small><span class="username" data-name="god of joe">god of joe</span>:</strong> <em>thats</em></div><div class="chat chatmessage-godofjoe"><strong style="color:#a523c9"><small>☆</small><span class="username" data-name="god of joe">god of joe</span>:</strong> <em>sad :(</em></div><div class="chat chatmessage-h2opulse"><strong style="color:#6e8c2b"><small>☆</small><span class="username" data-name="H2OPulse">H2OPulse</span>:</strong> <em>That's a little bit stupid</em></div><div class="chat chatmessage-godofjoe"><strong style="color:#a523c9"><small>☆</small><span class="username" data-name="god of joe">god of joe</span>:</strong> <em>man i liked that strat too </em></div><div class="chat chatmessage-h2opulse"><strong style="color:#6e8c2b"><small>☆</small><span class="username" data-name="H2OPulse">H2OPulse</span>:</strong> <em>I had forgotten and it was going to be hilarious when I was punished for it</em></div><div class="spacer battle-history"><br></div><div class="battle-history">The opposing Tyrandra used <strong>Toxic</strong>!<br></div><div class="battle-history"><small>Cattail avoided the attack!</small><br></div><div class="spacer battle-history"><br></div><div class="battle-history">Cattail used <strong>Wish</strong>!<br></div><div class="spacer battle-history"><br></div><h2 class="battle-history">Turn 45</h2><div class="chat chatmessage-h2opulse"><strong style="color:#6e8c2b"><small>☆</small><span class="username" data-name="H2OPulse">H2OPulse</span>:</strong> <em>this is so</em></div><div class="chat chatmessage-h2opulse"><strong style="color:#6e8c2b"><small>☆</small><span class="username" data-name="H2OPulse">H2OPulse</span>:</strong> <em>I am so sorry</em></div><div class="spacer battle-history"><br></div><div class="battle-history">The opposing Tyrandra used <strong>Toxic</strong>!<br></div><div class="battle-history"><small>Cattail was badly poisoned!</small><br></div><div class="spacer battle-history"><br></div><div class="battle-history">Cattail used <strong>Flip Turn</strong>!<br></div><div class="battle-history"><small>It's not very effective...</small><br></div><div class="battle-history"><small>(The opposing Tyrandra lost 9% of its health!)</small><br></div><div class="spacer battle-history"><br></div><div class="battle-history">Cattail, come back!<br></div><div class="battle-history">Go! Zantedeschia (<strong>Resurrectric</strong>)!<br></div><div class="spacer battle-history"><br></div><div class="battle-history"><small>Cattail's wish came true!</small><br></div><div class="battle-history"><small>The opposing Tyrandra restored a little HP using its Leftovers!</small><br></div><div class="spacer battle-history"><br></div><h2 class="battle-history">Turn 46</h2><div class="spacer battle-history"><br></div><div class="battle-history">Zantedeschia, come back!<br></div><div class="battle-history">Go! Foxfire (<strong>Shiinotic-Kalos</strong>)!<br></div><div class="spacer battle-history"><br></div><div class="battle-history">The opposing Tyrandra used <strong>Toxic</strong>!<br></div><div class="battle-history"><small>It doesn't affect Foxfire...</small><br></div><div class="spacer battle-history"><br></div><div class="battle-history"><small>The opposing Tyrandra restored a little HP using its Leftovers!</small><br></div><div class="spacer battle-history"><br></div><h2 class="battle-history">Turn 47</h2><div class="spacer battle-history"><br></div><div class="battle-history">The opposing Tyrandra used <strong>Flip Turn</strong>!<br></div><div class="battle-history"><small>A critical hit!</small><br></div><div class="battle-history"><small>(Foxfire lost 37% of its health!)</small><br></div><div class="spacer battle-history"><br></div><div class="battle-history">god of joe withdrew Tyrandra!<br></div><div class="battle-history">god of joe sent out <strong>Sylveon</strong>!<br></div><div class="spacer battle-history"><br></div><div class="battle-history">Foxfire used <strong>Spore</strong>!<br></div><div class="battle-history"><small>The opposing Sylveon fell asleep!</small><br></div><div class="spacer battle-history"><br></div><div class="battle-history"><small>Foxfire restored a little HP using its Black Sludge!</small><br></div><div class="battle-history"><small>The opposing Sylveon restored a little HP using its Leftovers!</small><br></div><div class="spacer battle-history"><br></div><h2 class="battle-history">Turn 48</h2><div class="spacer battle-history"><br></div><div class="battle-history">god of joe withdrew Sylveon!<br></div><div class="battle-history">god of joe sent out <strong>Boomblare</strong>!<br></div><div class="spacer battle-history"><br></div><div class="battle-history">Foxfire used <strong>Draining Kiss</strong>!<br></div><div class="battle-history"><small>(The opposing Boomblare lost 46% of its health!)</small><br></div><div class="battle-history"><small>The opposing Boomblare had its energy drained!</small><br></div><div class="spacer battle-history"><br></div><h2 class="battle-history">Turn 49</h2><div class="spacer battle-history"><br></div><div class="battle-history">Foxfire, come back!<br></div><div class="battle-history">Go! Cattail (<strong>Vaporeon</strong>)!<br></div><div class="spacer battle-history"><br></div><div class="battle-history">The opposing Boomblare used <strong>Drain Punch</strong>!<br></div><div class="battle-history"><small>(Cattail lost 28% of its health!)</small><br></div><div class="battle-history"><small>Cattail had its energy drained!</small><br></div><div class="battle-history"><small>The opposing Boomblare lost some of its HP!</small><br></div><div class="spacer battle-history"><br></div><div class="battle-history"><small>Cattail restored a little HP using its Leftovers!</small><br></div><div class="battle-history"><small>Cattail was hurt by poison!</small><br></div><div class="spacer battle-history"><br></div><h2 class="battle-history">Turn 50</h2><div class="spacer battle-history"><br></div><div class="battle-history">The opposing Boomblare used <strong>Boomburst</strong>!<br></div><div class="battle-history"><small>(Cattail lost 49% of its health!)</small><br></div><div class="battle-history">[The opposing Boomblare's Blowout]<br></div><div class="battle-history">[Cattail's Soundproof]<br></div><div class="battle-history"><small>Cattail lost its hearing!</small><br></div><div class="battle-history"><small>The opposing Boomblare lost some of its HP!</small><br></div><div class="spacer battle-history"><br></div><div class="battle-history">Cattail used <strong>Heal Bell</strong>!<br></div><div class="battle-history">[Cattail's Soundproof]<br><small>It doesn't affect Cattail...</small><br></div><div class="battle-history"><small>A bell chimed!</small><br></div><div class="battle-history"><small>Cattail was cured of its poisoning!</small><br></div><div class="spacer battle-history"><br></div><div class="battle-history"><small>Cattail restored a little HP using its Leftovers!</small><br></div><div class="spacer battle-history"><br></div><h2 class="battle-history">Turn 51</h2><div class="spacer battle-history"><br></div><div class="battle-history">Cattail used <strong>Protect</strong>!<br></div><div class="battle-history"><small>Cattail protected itself!</small><br></div><div class="spacer battle-history"><br></div><div class="battle-history">The opposing Boomblare used <strong>Volt Switch</strong>!<br></div><div class="battle-history"><small>Cattail protected itself!</small><br></div><div class="spacer battle-history"><br></div><div class="battle-history"><small>Cattail restored a little HP using its Leftovers!</small><br></div><div class="spacer battle-history"><br></div><h2 class="battle-history">Turn 52</h2><div class="spacer battle-history"><br></div><div class="battle-history">Cattail, come back!<br></div><div class="battle-history">Go! Zantedeschia (<strong>Resurrectric</strong>)!<br></div><div class="spacer battle-history"><br></div><div class="battle-history">The opposing Boomblare used <strong>Volt Switch</strong>!<br></div><div class="battle-history">[Zantedeschia's Lightning Rod]<br></div><div class="battle-history"><small>Zantedeschia's Sp. Atk rose!</small><br></div><div class="spacer battle-history"><br></div><h2 class="battle-history">Turn 53</h2><div class="spacer battle-history"><br></div><div class="battle-history">The opposing Boomblare used <strong>Boomburst</strong>!<br></div><div class="battle-history"><small>(Zantedeschia lost 65% of its health!)</small><br></div><div class="battle-history">[The opposing Boomblare's Blowout]<br></div><div class="battle-history">[Zantedeschia's Soundproof]<br></div><div class="battle-history"><small>Zantedeschia lost its hearing!</small><br></div><div class="battle-history"><small>The opposing Boomblare lost some of its HP!</small><br></div><div class="spacer battle-history"><br></div><div class="battle-history">Zantedeschia used <strong>Ice Beam</strong>!<br></div><div class="battle-history"><small>(The opposing Boomblare lost 25% of its health!)</small><br></div><div class="spacer battle-history"><br></div><div class="battle-history">The opposing Boomblare fainted!<br></div><div class="spacer battle-history"><br></div><div class="battle-history">god of joe sent out <strong>Tyrandra</strong>!<br></div><div class="spacer battle-history"><br></div><h2 class="battle-history">Turn 54</h2><div class="spacer battle-history"><br></div><div class="battle-history">Zantedeschia, come back!<br></div><div class="battle-history">Go! Foxfire (<strong>Shiinotic-Kalos</strong>)!<br></div><div class="spacer battle-history"><br></div><div class="battle-history">The opposing Tyrandra used <strong>Draco Meteor</strong>!<br></div><div class="battle-history"><small>It doesn't affect Foxfire...</small><br></div><div class="spacer battle-history"><br></div><h2 class="battle-history">Turn 55</h2><div class="spacer battle-history"><br></div><div class="battle-history">The opposing Tyrandra used <strong>Flip Turn</strong>!<br></div><div class="battle-history"><small>(Foxfire lost 24% of its health!)</small><br></div><div class="spacer battle-history"><br></div><div class="battle-history">god of joe withdrew Tyrandra!<br></div><div class="battle-history">god of joe sent out <strong>Sylveon</strong>!<br></div><div class="spacer battle-history"><br></div><div class="battle-history">Foxfire used <strong>Draining Kiss</strong>!<br></div><div class="battle-history"><small>(The opposing Sylveon lost 20% of its health!)</small><br></div><div class="battle-history"><small>The opposing Sylveon had its energy drained!</small><br></div><div class="spacer battle-history"><br></div><div class="battle-history"><small>Foxfire restored a little HP using its Black Sludge!</small><br></div><div class="battle-history"><small>The opposing Sylveon restored a little HP using its Leftovers!</small><br></div><div class="spacer battle-history"><br></div><h2 class="battle-history">Turn 56</h2><div class="chat chatmessage-godofjoe"><strong style="color:#a523c9"><small>☆</small><span class="username" data-name="god of joe">god of joe</span>:</strong> <em>ya thats curtains</em></div><div class="chat chatmessage-godofjoe"><strong style="color:#a523c9"><small>☆</small><span class="username" data-name="god of joe">god of joe</span>:</strong> <em>gg</em></div><div class="spacer battle-history"><br></div><div class="battle-history"><small>god of joe forfeited.</small><br></div><div class="spacer battle-history"><br></div><div class="battle-history"><strong>H2OPulse</strong> won the battle!<br></div><div class="chat chatmessage-h2opulse"><strong style="color:#6e8c2b"><small>☆</small><span class="username" data-name="H2OPulse">H2OPulse</span>:</strong> <em>Good game!!!</em></div><div class="chat chatmessage-godofjoe"><strong style="color:#a523c9"><small>☆</small><span class="username" data-name="god of joe">god of joe</span>:</strong> <em>blowout def lives up to its sidegrade style effect</em></div><div class="chat chatmessage-h2opulse"><strong style="color:#6e8c2b"><small>☆</small><span class="username" data-name="H2OPulse">H2OPulse</span>:</strong> <em>Interesting showings all around</em></div><div class="chat chatmessage-h2opulse"><strong style="color:#6e8c2b"><small>☆</small><span class="username" data-name="H2OPulse">H2OPulse</span>:</strong> <em>I feel a lot more comfortable with Boomblare myself but mostly because I am unsafe without Vaporeon whether it's here or not--</em></div><div class="chat chatmessage-h2opulse"><strong style="color:#6e8c2b"><small>☆</small><span class="username" data-name="H2OPulse">H2OPulse</span>:</strong> <em>Yeah definitely O:</em></div><div class="chat chatmessage-godofjoe"><strong style="color:#a523c9"><small>☆</small><span class="username" data-name="god of joe">god of joe</span>:</strong> <em>it reminds me of manaphy in how</em></div><div class="chat chatmessage-godofjoe"><strong style="color:#a523c9"><small>☆</small><span class="username" data-name="god of joe">god of joe</span>:</strong> <em>it seems to struggle against teams with speed control</em></div><div class="chat chatmessage-godofjoe"><strong style="color:#a523c9"><small>☆</small><span class="username" data-name="god of joe">god of joe</span>:</strong> <em>wonder how it would fare w/ webs</em></div><div class="chat chatmessage-h2opulse"><strong style="color:#6e8c2b"><small>☆</small><span class="username" data-name="H2OPulse">H2OPulse</span>:</strong> <em>Ohhhh right yeah O:</em></div><div class="chat chatmessage-h2opulse"><strong style="color:#6e8c2b"><small>☆</small><span class="username" data-name="H2OPulse">H2OPulse</span>:</strong> <em>A lot of stuff is absolutely terrifying with webs support</em></div><div class="chat chatmessage-h2opulse"><strong style="color:#6e8c2b"><small>☆</small><span class="username" data-name="H2OPulse">H2OPulse</span>:</strong> <em>Shiinotic feels <i>so much</i> more abusable now that we have a webs setter with decent longevity asdjhg</em></div><div class="chat chatmessage-godofjoe"><strong style="color:#a523c9"><small>☆</small><span class="username" data-name="god of joe">god of joe</span>:</strong> <em>yea shiinotic is a threat</em></div></div><div class="inner-preempt message-log"></div></div></div>
</div>
<script>
let daily = Math.floor(Date.now()/1000/60/60/24);document.write('<script src="https://dragonheaven.herokuapp.com/js/replay-embed.js?version'+daily+'"></'+'script>');
</script>
