<!DOCTYPE html>
<meta charset="utf-8" />
<!-- version 1 -->
<title>[Gen 8] Evolution Project replay: abismal vs. god of joe</title>
<style>
html,body {font-family:Verdana, sans-serif;font-size:10pt;margin:0;padding:0;}body{padding:12px 0;} .battle-log {font-family:Verdana, sans-serif;font-size:10pt;} .battle-log-inline {border:1px solid #AAAAAA;background:#EEF2F5;color:black;max-width:640px;margin:0 auto 80px;padding-bottom:5px;} .battle-log .inner {padding:4px 8px 0px 8px;} .battle-log .inner-preempt {padding:0 8px 4px 8px;} .battle-log .inner-after {margin-top:0.5em;} .battle-log h2 {margin:0.5em -8px;padding:4px 8px;border:1px solid #AAAAAA;background:#E0E7EA;border-left:0;border-right:0;font-family:Verdana, sans-serif;font-size:13pt;} .battle-log .chat {vertical-align:middle;padding:3px 0 3px 0;font-size:8pt;} .battle-log .chat strong {color:#40576A;} .battle-log .chat em {padding:1px 4px 1px 3px;color:#000000;font-style:normal;} .chat.mine {background:rgba(0,0,0,0.05);margin-left:-8px;margin-right:-8px;padding-left:8px;padding-right:8px;} .spoiler {color:#BBBBBB;background:#BBBBBB;padding:0px 3px;} .spoiler:hover, .spoiler:active, .spoiler-shown {color:#000000;background:#E2E2E2;padding:0px 3px;} .spoiler a {color:#BBBBBB;} .spoiler:hover a, .spoiler:active a, .spoiler-shown a {color:#2288CC;} .chat code, .chat .spoiler:hover code, .chat .spoiler:active code, .chat .spoiler-shown code {border:1px solid #C0C0C0;background:#EEEEEE;color:black;padding:0 2px;} .chat .spoiler code {border:1px solid #CCCCCC;background:#CCCCCC;color:#CCCCCC;} .battle-log .rated {padding:3px 4px;} .battle-log .rated strong {color:white;background:#89A;padding:1px 4px;border-radius:4px;} .spacer {margin-top:0.5em;} .message-announce {background:#6688AA;color:white;padding:1px 4px 2px;} .message-announce a, .broadcast-green a, .broadcast-blue a, .broadcast-red a {color:#DDEEFF;} .broadcast-green {background-color:#559955;color:white;padding:2px 4px;} .broadcast-blue {background-color:#6688AA;color:white;padding:2px 4px;} .infobox {border:1px solid #6688AA;padding:2px 4px;} .infobox-limited {max-height:200px;overflow:auto;overflow-x:hidden;} .broadcast-red {background-color:#AA5544;color:white;padding:2px 4px;} .message-learn-canlearn {font-weight:bold;color:#228822;text-decoration:underline;} .message-learn-cannotlearn {font-weight:bold;color:#CC2222;text-decoration:underline;} .message-effect-weak {font-weight:bold;color:#CC2222;} .message-effect-resist {font-weight:bold;color:#6688AA;} .message-effect-immune {font-weight:bold;color:#666666;} .message-learn-list {margin-top:0;margin-bottom:0;} .message-throttle-notice, .message-error {color:#992222;} .message-overflow, .chat small.message-overflow {font-size:0pt;} .message-overflow::before {font-size:9pt;content:'...';} .subtle {color:#3A4A66;}
</style>
<div class="wrapper replay-wrapper" style="max-width:1180px;margin:0 auto">
<input type="hidden" name="replayid" value="dragonheaven-gen8evolutionproject-29" />
<div class="battle"></div><div class="battle-log"></div><div class="replay-controls"></div><div class="replay-controls-2"></div>
<h1 style="font-weight:normal;text-align:center"><strong>[Gen 8] Evolution Project</strong><br /><a href="http://pokemonshowdown.com/users/abismal" class="subtle" target="_blank">abismal</a> vs. <a href="http://pokemonshowdown.com/users/godofjoe" class="subtle" target="_blank">god of joe</a></h1>
<script type="text/plain" class="battle-log-data">|j|☆abismal
|j|☆god of joe
|t:|1658175714
|player|p1|abismal|brawly|
|player|p2|god of joe|caitlin|
|teamsize|p1|6
|teamsize|p2|6
|gametype|singles
|gen|8
|tier|[Gen 8] Evolution Project
|clearpoke
|poke|p1|Condana, M|
|poke|p1|Starly-Crown, M|
|poke|p1|Narcissopod, M|
|poke|p1|Resurrectric, F|
|poke|p1|Jynx-Variant, M|
|poke|p1|Gourmant, F|
|poke|p2|Luxray-Johto, M|
|poke|p2|Rotom-Mow|
|poke|p2|Resurrectric, F|
|poke|p2|Boomblare, F|
|poke|p2|Galvantula, F|
|poke|p2|Gigalith-Kalos, F|
|rule|HP Percentage Mod: HP is shown in percentages
|rule|Endless Battle Clause: Forcing endless battles is banned
|rule|OHKO Clause: OHKO moves are banned
|rule|Evasion Moves Clause: Evasion moves are banned
|rule|Species Clause: Limit one of each Pokémon
|rule|Dynamax Clause: You cannot dynamax
|rule|Sleep Clause Mod: Limit one foe put to sleep
|rule|Z-Move Clause: Type-based Z-Moves are banned
|teampreview
|c|☆abismal|glhf
|c|☆god of joe|u2
|
|t:|1658175749
|start
|switch|p1a: Narcissopod|Narcissopod, M|100\/100
|switch|p2a: Boomblare|Boomblare, F|100\/100
|-start|p2a: Boomblare|typechange|Normal\/Electric|[silent]
|raw|<ul class="utilichart"><li class="result"><span class="col pokemonnamecol" style="white-space: nowrap">Boomblare<\/span> <span class="col typecol"><img src="https:\/\/dragonheaven.herokuapp.com\/sprites\/types\/Normal.png" alt="Normal" height="14" width="32"><img src="https:\/\/dragonheaven.herokuapp.com\/sprites\/types\/Electric.png" alt="Electric" height="14" width="32"><\/span> <span style="float: left ; min-height: 26px"><span class="col abilitycol">Blowout<\/span><span class="col abilitycol"><\/span><\/span><\/li><li style="clear: both"><\/li><\/ul>
|raw|<ul class="utilichart"><li class="result"><span style="float: left ; min-height: 26px"><span class="col statcol"><em>HP<\/em><br>104<\/span> <span class="col statcol"><em>Atk<\/em><br>116<\/span> <span class="col statcol"><em>Def<\/em><br>58<\/span> <span class="col statcol"><em>SpA<\/em><br>76<\/span> <span class="col statcol"><em>SpD<\/em><br>58<\/span> <span class="col statcol"><em>Spe<\/em><br>78<\/span> <\/span><\/li><li style="clear: both"><\/li><\/ul>
|-hint|Boomblare was created by ausma!
|-start|p1a: Narcissopod|typechange|Bug\/Water|[silent]
|raw|<ul class="utilichart"><li class="result"><span class="col pokemonnamecol" style="white-space: nowrap">Narcissopod<\/span> <span class="col typecol"><img src="https:\/\/dragonheaven.herokuapp.com\/sprites\/types\/Bug.png" alt="Bug" height="14" width="32"><img src="https:\/\/dragonheaven.herokuapp.com\/sprites\/types\/Water.png" alt="Water" height="14" width="32"><\/span> <span style="float: left ; min-height: 26px"><span class="col abilitycol">Disengage \/ Mirror Armor<\/span><span class="col abilitycol"><\/span><\/span><\/li><li style="clear: both"><\/li><\/ul>
|raw|<ul class="utilichart"><li class="result"><span style="float: left ; min-height: 26px"><span class="col statcol"><em>HP<\/em><br>75<\/span> <span class="col statcol"><em>Atk<\/em><br>60<\/span> <span class="col statcol"><em>Def<\/em><br>90<\/span> <span class="col statcol"><em>SpA<\/em><br>105<\/span> <span class="col statcol"><em>SpD<\/em><br>120<\/span> <span class="col statcol"><em>Spe<\/em><br>80<\/span> <\/span><\/li><li style="clear: both"><\/li><\/ul>
|-hint|Narcissopod was created by Violet!
|turn|1
|
|t:|1658175761
|move|p2a: Boomblare|Boomburst|p1a: Narcissopod
|-damage|p1a: Narcissopod|45\/100
|-ability|p2a: Boomblare|Blowout
|-ability|p1a: Narcissopod|Soundproof
|-message|Narcissopod lost its hearing!
|-damage|p2a: Boomblare|91\/100|[from] item: Life Orb
|move|p1a: Narcissopod|Spikes|p2a: Boomblare
|-sidestart|p2: god of joe|Spikes
|
|-heal|p1a: Narcissopod|51\/100|[from] item: Leftovers
|upkeep
|turn|2
|
|t:|1658175770
|move|p2a: Boomblare|Volt Switch|p1a: Narcissopod
|-supereffective|p1a: Narcissopod
|-damage|p1a: Narcissopod|11\/100
|-damage|p2a: Boomblare|81\/100|[from] item: Life Orb
|c|☆god of joe|WOW that soaked it
|
|t:|1658175788
|switch|p2a: Rotom|Rotom-Mow|100\/100|[from]move: Volt Switch
|move|p1a: Narcissopod|Pain Split|p2a: Rotom
|-sethp|p2a: Rotom|56\/100|[from] move: Pain Split|[silent]
|-sethp|p1a: Narcissopod|49\/100|[from] move: Pain Split
|
|-heal|p2a: Rotom|63\/100|[from] item: Leftovers
|-heal|p1a: Narcissopod|55\/100|[from] item: Leftovers
|upkeep
|turn|3
|
|t:|1658175795
|move|p2a: Rotom|Volt Switch|p1a: Narcissopod
|-supereffective|p1a: Narcissopod
|-damage|p1a: Narcissopod|22\/100
|j|+Gekokeso
|c|☆god of joe|why is a mono electric team getting put down by this thing
|j|+regic boat
|
|t:|1658175812
|switch|p2a: Gigalith|Gigalith-Kalos, F|100\/100|[from]move: Volt Switch
|-start|p2a: Gigalith|typechange|Rock\/Electric|[silent]
|raw|<ul class="utilichart"><li class="result"><span class="col pokemonnamecol" style="white-space: nowrap">Gigalith-Kalos<\/span> <span class="col typecol"><img src="https:\/\/dragonheaven.herokuapp.com\/sprites\/types\/Rock.png" alt="Rock" height="14" width="32"><img src="https:\/\/dragonheaven.herokuapp.com\/sprites\/types\/Electric.png" alt="Electric" height="14" width="32"><\/span> <span style="float: left ; min-height: 26px"><span class="col abilitycol">Sturdy \/ Drought \/ Solar Power<\/span><span class="col abilitycol"><\/span><\/span><\/li><li style="clear: both"><\/li><\/ul>
|raw|<ul class="utilichart"><li class="result"><span style="float: left ; min-height: 26px"><span class="col statcol"><em>HP<\/em><br>85<\/span> <span class="col statcol"><em>Atk<\/em><br>60<\/span> <span class="col statcol"><em>Def<\/em><br>130<\/span> <span class="col statcol"><em>SpA<\/em><br>135<\/span> <span class="col statcol"><em>SpD<\/em><br>80<\/span> <span class="col statcol"><em>Spe<\/em><br>25<\/span> <\/span><\/li><li style="clear: both"><\/li><\/ul>
|-hint|Gigalith-Kalos was created by Violet!
|-damage|p2a: Gigalith|88\/100|[from] Spikes
|-weather|SunnyDay|[from] ability: Drought|[of] p2a: Gigalith
|move|p1a: Narcissopod|Toxic|p2a: Gigalith
|-status|p2a: Gigalith|tox
|
|-weather|SunnyDay|[upkeep]
|-heal|p1a: Narcissopod|28\/100|[from] item: Leftovers
|-damage|p2a: Gigalith|82\/100 tox|[from] psn
|upkeep
|turn|4
|c|☆abismal|idk
|
|t:|1658175819
|move|p1a: Narcissopod|Pain Split|p2a: Gigalith
|-sethp|p2a: Gigalith|57\/100 tox|[from] move: Pain Split|[silent]
|-sethp|p1a: Narcissopod|50\/100|[from] move: Pain Split
|move|p2a: Gigalith|Weather Ball|p1a: Narcissopod
|-damage|p1a: Narcissopod|0 fnt
|faint|p1a: Narcissopod
|
|-weather|SunnyDay|[upkeep]
|-damage|p2a: Gigalith|45\/100 tox|[from] psn
|upkeep
|
|t:|1658175831
|switch|p1a: Jynx|Jynx-Variant, M|100\/100
|-start|p1a: Jynx|typechange|Grass\/Fighting|[silent]
|raw|<ul class="utilichart"><li class="result"><span class="col pokemonnamecol" style="white-space: nowrap">Jynx-Variant<\/span> <span class="col typecol"><img src="https:\/\/dragonheaven.herokuapp.com\/sprites\/types\/Grass.png" alt="Grass" height="14" width="32"><img src="https:\/\/dragonheaven.herokuapp.com\/sprites\/types\/Fighting.png" alt="Fighting" height="14" width="32"><\/span> <span style="float: left ; min-height: 26px"><span class="col abilitycol">Dancer \/ Flame Body \/ Flash Fire<\/span><span class="col abilitycol"><\/span><\/span><\/li><li style="clear: both"><\/li><\/ul>
|raw|<ul class="utilichart"><li class="result"><span style="float: left ; min-height: 26px"><span class="col statcol"><em>HP<\/em><br>65<\/span> <span class="col statcol"><em>Atk<\/em><br>50<\/span> <span class="col statcol"><em>Def<\/em><br>95<\/span> <span class="col statcol"><em>SpA<\/em><br>115<\/span> <span class="col statcol"><em>SpD<\/em><br>35<\/span> <span class="col statcol"><em>Spe<\/em><br>95<\/span> <\/span><\/li><li style="clear: both"><\/li><\/ul>
|-hint|Jynx-Variant was created by abismal!
|turn|5
|
|t:|1658175843
|switch|p2a: Galvantula|Galvantula, F|100\/100
|move|p1a: Jynx|Giga Drain|p2a: Galvantula
|-resisted|p2a: Galvantula
|-damage|p2a: Galvantula|65\/100
|
|-weather|SunnyDay|[upkeep]
|upkeep
|turn|6
|
|t:|1658175851
|move|p2a: Galvantula|Sticky Web|p1a: Jynx
|-sidestart|p1: abismal|move: Sticky Web
|move|p1a: Jynx|Fiery Dance|p2a: Galvantula
|-supereffective|p2a: Galvantula
|-damage|p2a: Galvantula|0 fnt
|-boost|p1a: Jynx|spa|1
|faint|p2a: Galvantula
|
|-weather|SunnyDay|[upkeep]
|upkeep
|
|t:|1658175861
|switch|p2a: Resurrectric|Resurrectric, F|100\/100
|-damage|p2a: Resurrectric|88\/100|[from] Spikes
|-start|p2a: Resurrectric|typechange|Ground\/Electric|[silent]
|raw|<ul class="utilichart"><li class="result"><span class="col pokemonnamecol" style="white-space: nowrap">Resurrectric<\/span> <span class="col typecol"><img src="https:\/\/dragonheaven.herokuapp.com\/sprites\/types\/Ground.png" alt="Ground" height="14" width="32"><img src="https:\/\/dragonheaven.herokuapp.com\/sprites\/types\/Electric.png" alt="Electric" height="14" width="32"><\/span> <span style="float: left ; min-height: 26px"><span class="col abilitycol">Inner Focus \/ Lightning Rod \/ Battle Armor<\/span><span class="col abilitycol"><\/span><\/span><\/li><li style="clear: both"><\/li><\/ul>
|raw|<ul class="utilichart"><li class="result"><span style="float: left ; min-height: 26px"><span class="col statcol"><em>HP<\/em><br>80<\/span> <span class="col statcol"><em>Atk<\/em><br>50<\/span> <span class="col statcol"><em>Def<\/em><br>130<\/span> <span class="col statcol"><em>SpA<\/em><br>110<\/span> <span class="col statcol"><em>SpD<\/em><br>80<\/span> <span class="col statcol"><em>Spe<\/em><br>45<\/span> <\/span><\/li><li style="clear: both"><\/li><\/ul>
|-hint|Resurrectric was created by Hematite!
|turn|7
|
|t:|1658175865
|move|p1a: Jynx|Fiery Dance|p2a: Resurrectric
|-damage|p2a: Resurrectric|40\/100
|move|p2a: Resurrectric|Ice Beam|p1a: Jynx
|-supereffective|p1a: Jynx
|-damage|p1a: Jynx|0 fnt
|faint|p1a: Jynx
|
|-weather|none
|upkeep
|j|+H2OPulse
|
|t:|1658175870
|switch|p1a: Starly|Starly-Crown, M|100\/100
|-start|p1a: Starly|typechange|Normal\/Flying|[silent]
|raw|<ul class="utilichart"><li class="result"><span class="col pokemonnamecol" style="white-space: nowrap">Starly-Crown<\/span> <span class="col typecol"><img src="https:\/\/dragonheaven.herokuapp.com\/sprites\/types\/Normal.png" alt="Normal" height="14" width="32"><img src="https:\/\/dragonheaven.herokuapp.com\/sprites\/types\/Flying.png" alt="Flying" height="14" width="32"><\/span> <span style="float: left ; min-height: 26px"><span class="col abilitycol">Murmuration<\/span><span class="col abilitycol"><\/span><\/span><\/li><li style="clear: both"><\/li><\/ul>
|raw|<ul class="utilichart"><li class="result"><span style="float: left ; min-height: 26px"><span class="col statcol"><em>HP<\/em><br>40<\/span> <span class="col statcol"><em>Atk<\/em><br>55<\/span> <span class="col statcol"><em>Def<\/em><br>30<\/span> <span class="col statcol"><em>SpA<\/em><br>30<\/span> <span class="col statcol"><em>SpD<\/em><br>30<\/span> <span class="col statcol"><em>Spe<\/em><br>60<\/span> <\/span><\/li><li style="clear: both"><\/li><\/ul>
|-hint|Starly-Crown was created by KeroseneZanchu!
|detailschange|p1a: Starly|Starly-Crown-Cloud, M
|-start|p1a: Starly|typechange|Normal\/Flying|[silent]
|raw|<ul class="utilichart"><li class="result"><span class="col pokemonnamecol" style="white-space: nowrap">Starly-Crown-Cloud<\/span> <span class="col typecol"><img src="https:\/\/dragonheaven.herokuapp.com\/sprites\/types\/Normal.png" alt="Normal" height="14" width="32"><img src="https:\/\/dragonheaven.herokuapp.com\/sprites\/types\/Flying.png" alt="Flying" height="14" width="32"><\/span> <span style="float: left ; min-height: 26px"><span class="col abilitycol">Murmuration<\/span><span class="col abilitycol"><\/span><\/span><span style="float: left ; min-height: 26px"><span class="col statcol"><em>HP<\/em><br>40<\/span> <span class="col statcol"><em>Atk<\/em><br>120<\/span> <span class="col statcol"><em>Def<\/em><br>170<\/span> <span class="col statcol"><em>SpA<\/em><br>50<\/span> <span class="col statcol"><em>SpD<\/em><br>161<\/span> <span class="col statcol"><em>Spe<\/em><br>100<\/span> <\/span><\/li><li style="clear: both"><\/li><\/ul>
|-message|Starly changed to Cloud Form!
|-start|p1a: Starly|typechange|Normal\/Flying|[silent]
|raw|<ul class="utilichart"><li class="result"><span class="col pokemonnamecol" style="white-space: nowrap">Starly-Crown-Cloud<\/span> <span class="col typecol"><img src="https:\/\/dragonheaven.herokuapp.com\/sprites\/types\/Normal.png" alt="Normal" height="14" width="32"><img src="https:\/\/dragonheaven.herokuapp.com\/sprites\/types\/Flying.png" alt="Flying" height="14" width="32"><\/span> <span style="float: left ; min-height: 26px"><span class="col abilitycol">Murmuration<\/span><span class="col abilitycol"><\/span><\/span><span style="float: left ; min-height: 26px"><span class="col statcol"><em>HP<\/em><br>40<\/span> <span class="col statcol"><em>Atk<\/em><br>120<\/span> <span class="col statcol"><em>Def<\/em><br>170<\/span> <span class="col statcol"><em>SpA<\/em><br>50<\/span> <span class="col statcol"><em>SpD<\/em><br>161<\/span> <span class="col statcol"><em>Spe<\/em><br>100<\/span> <\/span><\/li><li style="clear: both"><\/li><\/ul>
|turn|8
|
|t:|1658175874
|move|p1a: Starly|Rapid Spin|p2a: Resurrectric
|-damage|p2a: Resurrectric|20\/100
|-boost|p1a: Starly|spe|1
|-sideend|p1: abismal|Sticky Web|[from] move: Rapid Spin|[of] p1a: Starly
|move|p2a: Resurrectric|Discharge|p1a: Starly
|-supereffective|p1a: Starly
|-damage|p1a: Starly|16\/100
|
|-heal|p1a: Starly|22\/100|[from] item: Leftovers
|detailschange|p1a: Starly|Starly-Crown, M
|-start|p1a: Starly|typechange|Normal\/Flying|[silent]
|-message|Starly changed to Solo Form...
|-start|p1a: Starly|typechange|Normal\/Flying|[silent]
|upkeep
|turn|9
|
|t:|1658175880
|move|p1a: Starly|Roost|p1a: Starly
|-heal|p1a: Starly|72\/100
|-singleturn|p1a: Starly|move: Roost
|move|p2a: Resurrectric|Discharge|p1a: Starly
|-damage|p1a: Starly|0 fnt
|faint|p1a: Starly
|
|upkeep
|j|+time to chill
|
|t:|1658175889
|switch|p1a: Gourmant|Gourmant, F|100\/100
|-start|p1a: Gourmant|typechange|Fire\/Dark|[silent]
|raw|<ul class="utilichart"><li class="result"><span class="col pokemonnamecol" style="white-space: nowrap">Gourmant<\/span> <span class="col typecol"><img src="https:\/\/dragonheaven.herokuapp.com\/sprites\/types\/Fire.png" alt="Fire" height="14" width="32"><img src="https:\/\/dragonheaven.herokuapp.com\/sprites\/types\/Dark.png" alt="Dark" height="14" width="32"><\/span> <span style="float: left ; min-height: 26px"><span class="col abilitycol">Gluttony \/ Flash Fire \/ White Smoke<\/span><span class="col abilitycol"><\/span><\/span><\/li><li style="clear: both"><\/li><\/ul>
|raw|<ul class="utilichart"><li class="result"><span style="float: left ; min-height: 26px"><span class="col statcol"><em>HP<\/em><br>85<\/span> <span class="col statcol"><em>Atk<\/em><br>137<\/span> <span class="col statcol"><em>Def<\/em><br>66<\/span> <span class="col statcol"><em>SpA<\/em><br>105<\/span> <span class="col statcol"><em>SpD<\/em><br>66<\/span> <span class="col statcol"><em>Spe<\/em><br>55<\/span> <\/span><\/li><li style="clear: both"><\/li><\/ul>
|-hint|Gourmant was created by quagsi!
|turn|10
|
|t:|1658175895
|move|p1a: Gourmant|Knock Off|p2a: Resurrectric
|-damage|p2a: Resurrectric|0 fnt
|-enditem|p2a: Resurrectric|Assault Vest|[from] move: Knock Off|[of] p1a: Gourmant
|faint|p2a: Resurrectric
|
|upkeep
|
|t:|1658175901
|switch|p2a: Boomblare|Boomblare, F|81\/100
|-damage|p2a: Boomblare|69\/100|[from] Spikes
|-start|p2a: Boomblare|typechange|Normal\/Electric|[silent]
|turn|11
|
|t:|1658175905
|move|p1a: Gourmant|Sucker Punch|p2a: Boomblare
|-damage|p2a: Boomblare|5\/100
|move|p2a: Boomblare|Boomburst|p1a: Gourmant
|-damage|p1a: Gourmant|0 fnt
|-damage|p2a: Boomblare|0 fnt|[from] item: Life Orb
|faint|p1a: Gourmant
|faint|p2a: Boomblare
|
|upkeep
|c|☆god of joe|way to go boomblare
|
|t:|1658175921
|switch|p2a: Rotom|Rotom-Mow|63\/100
|switch|p1a: Condana|Condana, M|100\/100
|-start|p1a: Condana|typechange|Poison\/Dark|[silent]
|raw|<ul class="utilichart"><li class="result"><span class="col pokemonnamecol" style="white-space: nowrap">Condana<\/span> <span class="col typecol"><img src="https:\/\/dragonheaven.herokuapp.com\/sprites\/types\/Poison.png" alt="Poison" height="14" width="32"><img src="https:\/\/dragonheaven.herokuapp.com\/sprites\/types\/Dark.png" alt="Dark" height="14" width="32"><\/span> <span style="float: left ; min-height: 26px"><span class="col abilitycol">Stance Change<\/span><span class="col abilitycol"><\/span><\/span><\/li><li style="clear: both"><\/li><\/ul>
|raw|<ul class="utilichart"><li class="result"><span style="float: left ; min-height: 26px"><span class="col statcol"><em>HP<\/em><br>75<\/span> <span class="col statcol"><em>Atk<\/em><br>39<\/span> <span class="col statcol"><em>Def<\/em><br>120<\/span> <span class="col statcol"><em>SpA<\/em><br>39<\/span> <span class="col statcol"><em>SpD<\/em><br>120<\/span> <span class="col statcol"><em>Spe<\/em><br>115<\/span> <\/span><\/li><li style="clear: both"><\/li><\/ul>
|-hint|Condana was created by abismal!
|turn|12
|
|t:|1658175929
|move|p1a: Condana|Parting Shot|p2a: Rotom
|-unboost|p2a: Rotom|atk|1
|-unboost|p2a: Rotom|spa|1
|
|t:|1658175930
|switch|p1a: Resurrectric|Resurrectric, F|100\/100|[from]move: Parting Shot
|-start|p1a: Resurrectric|typechange|Ground\/Electric|[silent]
|raw|<ul class="utilichart"><li class="result"><span class="col pokemonnamecol" style="white-space: nowrap">Resurrectric<\/span> <span class="col typecol"><img src="https:\/\/dragonheaven.herokuapp.com\/sprites\/types\/Ground.png" alt="Ground" height="14" width="32"><img src="https:\/\/dragonheaven.herokuapp.com\/sprites\/types\/Electric.png" alt="Electric" height="14" width="32"><\/span> <span style="float: left ; min-height: 26px"><span class="col abilitycol">Inner Focus \/ Lightning Rod \/ Battle Armor<\/span><span class="col abilitycol"><\/span><\/span><\/li><li style="clear: both"><\/li><\/ul>
|raw|<ul class="utilichart"><li class="result"><span style="float: left ; min-height: 26px"><span class="col statcol"><em>HP<\/em><br>80<\/span> <span class="col statcol"><em>Atk<\/em><br>50<\/span> <span class="col statcol"><em>Def<\/em><br>130<\/span> <span class="col statcol"><em>SpA<\/em><br>110<\/span> <span class="col statcol"><em>SpD<\/em><br>80<\/span> <span class="col statcol"><em>Spe<\/em><br>45<\/span> <\/span><\/li><li style="clear: both"><\/li><\/ul>
|-hint|Resurrectric was created by Hematite!
|move|p2a: Rotom|Volt Switch|p1a: Resurrectric
|-ability|p1a: Resurrectric|Lightning Rod|boost
|-boost|p1a: Resurrectric|spa|1
|
|-heal|p2a: Rotom|69\/100|[from] item: Leftovers
|upkeep
|turn|13
|c|☆god of joe|fuck
|
|t:|1658175938
|switch|p2a: Gigalith|Gigalith-Kalos, F|45\/100 tox
|-damage|p2a: Gigalith|33\/100 tox|[from] Spikes
|-start|p2a: Gigalith|typechange|Rock\/Electric|[silent]
|-weather|SunnyDay|[from] ability: Drought|[of] p2a: Gigalith
|switch|p1a: Condana|Condana, M|100\/100
|-start|p1a: Condana|typechange|Poison\/Dark|[silent]
|
|-weather|SunnyDay|[upkeep]
|-damage|p2a: Gigalith|27\/100 tox|[from] psn
|upkeep
|turn|14
|
|t:|1658175942
|-formechange|p1a: Condana|Condana-Coiled||[from] ability: Stance Change
|-message|Condana changed to Coiled Forme!
|-start|p1a: Condana|typechange|Poison\/Dark|[silent]
|raw|<ul class="utilichart"><li class="result"><span class="col pokemonnamecol" style="white-space: nowrap">Condana-Coiled<\/span> <span class="col typecol"><img src="https:\/\/dragonheaven.herokuapp.com\/sprites\/types\/Poison.png" alt="Poison" height="14" width="32"><img src="https:\/\/dragonheaven.herokuapp.com\/sprites\/types\/Dark.png" alt="Dark" height="14" width="32"><\/span> <span style="float: left ; min-height: 26px"><span class="col abilitycol">Stance Change<\/span><span class="col abilitycol"><\/span><\/span><span style="float: left ; min-height: 26px"><span class="col statcol"><em>HP<\/em><br>75<\/span> <span class="col statcol"><em>Atk<\/em><br>135<\/span> <span class="col statcol"><em>Def<\/em><br>49<\/span> <span class="col statcol"><em>SpA<\/em><br>135<\/span> <span class="col statcol"><em>SpD<\/em><br>49<\/span> <span class="col statcol"><em>Spe<\/em><br>65<\/span> <\/span><\/li><li style="clear: both"><\/li><\/ul>
|move|p1a: Condana|Jaw Lock|p2a: Gigalith
|-damage|p2a: Gigalith|0 fnt
|faint|p2a: Gigalith
|
|-weather|SunnyDay|[upkeep]
|upkeep
|j|~inkbug1

|
|t:|1658175952
|switch|p2a: Rotom|Rotom-Mow|69\/100
|turn|15
|
|t:|1658175972
|move|p2a: Rotom|Nasty Plot|p2a: Rotom
|-boost|p2a: Rotom|spa|2
|move|p1a: Condana|Parting Shot|p2a: Rotom
|-unboost|p2a: Rotom|atk|1
|-unboost|p2a: Rotom|spa|1
|
|t:|1658175975
|switch|p1a: Resurrectric|Resurrectric, F|100\/100|[from]move: Parting Shot
|-start|p1a: Resurrectric|typechange|Ground\/Electric|[silent]
|
|-weather|SunnyDay|[upkeep]
|-heal|p2a: Rotom|75\/100|[from] item: Leftovers
|upkeep
|turn|16
|
|t:|1658175978
|move|p2a: Rotom|Leaf Storm|p1a: Resurrectric
|-supereffective|p1a: Resurrectric
|-damage|p1a: Resurrectric|0 fnt
|-unboost|p2a: Rotom|spa|2
|faint|p1a: Resurrectric
|
|-weather|SunnyDay|[upkeep]
|-heal|p2a: Rotom|81\/100|[from] item: Leftovers
|upkeep
|
|t:|1658175980
|switch|p1a: Condana|Condana, M|100\/100
|-start|p1a: Condana|typechange|Poison\/Dark|[silent]
|turn|17
|c|+Gekokeso|what is reso evolving from?
|
|t:|1658175989
|move|p1a: Condana|Parting Shot|p2a: Rotom
|-unboost|p2a: Rotom|atk|1
|-unboost|p2a: Rotom|spa|1
|move|p2a: Rotom|Nasty Plot|p2a: Rotom
|-boost|p2a: Rotom|spa|2
|
|-weather|none
|-heal|p2a: Rotom|88\/100|[from] item: Leftovers
|upkeep
|turn|18
|c|+H2OPulse|Marowak!
|
|t:|1658175994
|move|p1a: Condana|Screech|p2a: Rotom
|-unboost|p2a: Rotom|def|2
|move|p2a: Rotom|Nasty Plot|p2a: Rotom
|-boost|p2a: Rotom|spa|2
|
|-heal|p2a: Rotom|94\/100|[from] item: Leftovers
|upkeep
|turn|19
|
|t:|1658176003
|-formechange|p1a: Condana|Condana-Coiled||[from] ability: Stance Change
|-message|Condana changed to Coiled Forme!
|-start|p1a: Condana|typechange|Poison\/Dark|[silent]
|move|p1a: Condana|Jaw Lock|p2a: Rotom
|-damage|p2a: Rotom|18\/100
|-activate|p1a: Condana|trapped
|-activate|p2a: Rotom|trapped
|move|p2a: Rotom|Volt Switch|p1a: Condana
|-damage|p1a: Condana|17\/100
|
|t:|1658176008
|switch|p2a: Luxray|Luxray-Johto, M|100\/100|[from]move: Volt Switch
|-start|p2a: Luxray|typechange|Electric\/Fairy|[silent]
|raw|<ul class="utilichart"><li class="result"><span class="col pokemonnamecol" style="white-space: nowrap">Luxray-Johto<\/span> <span class="col typecol"><img src="https:\/\/dragonheaven.herokuapp.com\/sprites\/types\/Electric.png" alt="Electric" height="14" width="32"><img src="https:\/\/dragonheaven.herokuapp.com\/sprites\/types\/Fairy.png" alt="Fairy" height="14" width="32"><\/span> <span style="float: left ; min-height: 26px"><span class="col abilitycol">Infiltrator \/ Intimidate \/ Pixilate<\/span><span class="col abilitycol"><\/span><\/span><\/li><li style="clear: both"><\/li><\/ul>
|raw|<ul class="utilichart"><li class="result"><span style="float: left ; min-height: 26px"><span class="col statcol"><em>HP<\/em><br>80<\/span> <span class="col statcol"><em>Atk<\/em><br>95<\/span> <span class="col statcol"><em>Def<\/em><br>79<\/span> <span class="col statcol"><em>SpA<\/em><br>120<\/span> <span class="col statcol"><em>SpD<\/em><br>79<\/span> <span class="col statcol"><em>Spe<\/em><br>70<\/span> <\/span><\/li><li style="clear: both"><\/li><\/ul>
|-hint|Luxray-Johto was created by abismal!
|-damage|p2a: Luxray|88\/100|[from] Spikes
|
|-heal|p1a: Condana|23\/100|[from] item: Black Sludge
|-status|p2a: Luxray|brn|[from] item: Flame Orb
|upkeep
|turn|20
|
|t:|1658176010
|move|p2a: Luxray|Facade|p1a: Condana
|-damage|p1a: Condana|0 fnt
|faint|p1a: Condana
|
|win|god of joe
|c|☆abismal|gg
|c|☆god of joe|gg</script>
</div>
<div class="battle-log battle-log-inline"><div class="inner"><div class="battle-options"><div style="padding-top: 3px; padding-right: 3px; text-align: right"><button class="icon button" name="openBattleOptions" title="Options">Battle Options</button></div></div><div class="inner message-log"><div class="chat"><small>☆abismal and ☆god of joe joined</small></div><div class=""><small>Format:</small> <br><strong>[Gen 8] Evolution Project</strong></div><div class=""><small><em>HP Percentage Mod:</em> HP is shown in percentages</small></div><div class=""><small><em>Endless Battle Clause:</em> Forcing endless battles is banned</small></div><div class=""><small><em>OHKO Clause:</em> OHKO moves are banned</small></div><div class=""><small><em>Evasion Moves Clause:</em> Evasion moves are banned</small></div><div class=""><small><em>Species Clause:</em> Limit one of each Pokémon</small></div><div class=""><small><em>Dynamax Clause:</em> You cannot dynamax</small></div><div class=""><small><em>Sleep Clause Mod:</em> Limit one foe put to sleep</small></div><div class=""><small><em>Z-Move Clause:</em> Type-based Z-Moves are banned</small></div><div class="chat battle-history"><strong>abismal's team:</strong> <em style="color:#445566;display:block;">Condana / Starly-Crown / Narcissopod / Resurrectric / Jynx-Variant / Gourmant</em></div><div class="chat battle-history"><strong>god of joe's team:</strong> <em style="color:#445566;display:block;">Luxray-Johto / Rotom-Mow / Resurrectric / Boomblare / Galvantula / Gigalith-Kalos</em></div><div class="chat chatmessage-abismal"><strong style="color:#68a730"><small>☆</small><span class="username" data-name="abismal">abismal</span>:</strong> <em>glhf</em></div><div class="chat chatmessage-godofjoe"><strong style="color:#a523c9"><small>☆</small><span class="username" data-name="god of joe">god of joe</span>:</strong> <em>u2</em></div><div class="spacer battle-history"><br></div><div class="battle-history">Battle started between abismal and god of joe!<br></div><div class="spacer battle-history"><br></div><div class="battle-history">Go! <strong>Narcissopod</strong>!<br></div><div class="spacer battle-history"><br></div><div class="battle-history">god of joe sent out <strong>Boomblare</strong>!<br></div><div class="chat"><ul class="utilichart"><li class="result"><span class="col pokemonnamecol" style="white-space: nowrap">Boomblare</span> <span class="col typecol"><img src="https://dragonheaven.herokuapp.com/sprites/types/Normal.png" alt="Normal" height="14" width="32"><img src="https://dragonheaven.herokuapp.com/sprites/types/Electric.png" alt="Electric" height="14" width="32"></span> <span style="float: left ; min-height: 26px"><span class="col abilitycol">Blowout</span><span class="col abilitycol"></span></span></li><li style="clear: both"></li></ul></div><div class="chat"><ul class="utilichart"><li class="result"><span style="float: left ; min-height: 26px"><span class="col statcol"><em>HP</em><br>104</span> <span class="col statcol"><em>Atk</em><br>116</span> <span class="col statcol"><em>Def</em><br>58</span> <span class="col statcol"><em>SpA</em><br>76</span> <span class="col statcol"><em>SpD</em><br>58</span> <span class="col statcol"><em>Spe</em><br>78</span> </span></li><li style="clear: both"></li></ul></div><div class="battle-history"><small>(Boomblare was created by ausma!)</small><br></div><div class="chat"><ul class="utilichart"><li class="result"><span class="col pokemonnamecol" style="white-space: nowrap">Narcissopod</span> <span class="col typecol"><img src="https://dragonheaven.herokuapp.com/sprites/types/Bug.png" alt="Bug" height="14" width="32"><img src="https://dragonheaven.herokuapp.com/sprites/types/Water.png" alt="Water" height="14" width="32"></span> <span style="float: left ; min-height: 26px"><span class="col abilitycol">Disengage / Mirror Armor</span><span class="col abilitycol"></span></span></li><li style="clear: both"></li></ul></div><div class="chat"><ul class="utilichart"><li class="result"><span style="float: left ; min-height: 26px"><span class="col statcol"><em>HP</em><br>75</span> <span class="col statcol"><em>Atk</em><br>60</span> <span class="col statcol"><em>Def</em><br>90</span> <span class="col statcol"><em>SpA</em><br>105</span> <span class="col statcol"><em>SpD</em><br>120</span> <span class="col statcol"><em>Spe</em><br>80</span> </span></li><li style="clear: both"></li></ul></div><div class="battle-history"><small>(Narcissopod was created by Violet!)</small><br></div><div class="spacer battle-history"><br></div><h2 class="battle-history">Turn 1</h2><div class="spacer battle-history"><br></div><div class="battle-history">The opposing Boomblare used <strong>Boomburst</strong>!<br></div><div class="battle-history"><small>(Narcissopod lost 55% of its health!)</small><br></div><div class="battle-history">[The opposing Boomblare's Blowout]<br></div><div class="battle-history">[Narcissopod's Soundproof]<br></div><div class="battle-history"><small>Narcissopod lost its hearing!</small><br></div><div class="battle-history"><small>The opposing Boomblare lost some of its HP!</small><br></div><div class="spacer battle-history"><br></div><div class="battle-history">Narcissopod used <strong>Spikes</strong>!<br></div><div class="battle-history"><small>Spikes were scattered on the ground all around the opposing team!</small><br></div><div class="spacer battle-history"><br></div><div class="battle-history"><small>Narcissopod restored a little HP using its Leftovers!</small><br></div><div class="spacer battle-history"><br></div><h2 class="battle-history">Turn 2</h2><div class="spacer battle-history"><br></div><div class="battle-history">The opposing Boomblare used <strong>Volt Switch</strong>!<br></div><div class="battle-history"><small>It's super effective!</small><br></div><div class="battle-history"><small>(Narcissopod lost 40% of its health!)</small><br></div><div class="battle-history"><small>The opposing Boomblare lost some of its HP!</small><br></div><div class="chat chatmessage-godofjoe"><strong style="color:#a523c9"><small>☆</small><span class="username" data-name="god of joe">god of joe</span>:</strong> <em>WOW that soaked it</em></div><div class="spacer battle-history"><br></div><div class="battle-history">The opposing Boomblare went back to god of joe!<br></div><div class="battle-history">god of joe sent out Rotom (<strong>Rotom-Mow</strong>)!<br></div><div class="spacer battle-history"><br></div><div class="battle-history">Narcissopod used <strong>Pain Split</strong>!<br></div><div class="battle-history"><small>The battlers shared their pain!</small><br></div><div class="spacer battle-history"><br></div><div class="battle-history"><small>The opposing Rotom restored a little HP using its Leftovers!</small><br></div><div class="battle-history"><small>Narcissopod restored a little HP using its Leftovers!</small><br></div><div class="spacer battle-history"><br></div><h2 class="battle-history">Turn 3</h2><div class="spacer battle-history"><br></div><div class="battle-history">The opposing Rotom used <strong>Volt Switch</strong>!<br></div><div class="battle-history"><small>It's super effective!</small><br></div><div class="battle-history"><small>(Narcissopod lost 33% of its health!)</small><br></div><div class="chat"><small>+Gekokeso joined</small></div><div class="chat chatmessage-godofjoe"><strong style="color:#a523c9"><small>☆</small><span class="username" data-name="god of joe">god of joe</span>:</strong> <em>why is a mono electric team getting put down by this thing</em></div><div class="chat"><small>+regic boat joined</small></div><div class="spacer battle-history"><br></div><div class="battle-history">The opposing Rotom went back to god of joe!<br></div><div class="battle-history">god of joe sent out Gigalith (<strong>Gigalith-Kalos</strong>)!<br></div><div class="chat"><ul class="utilichart"><li class="result"><span class="col pokemonnamecol" style="white-space: nowrap">Gigalith-Kalos</span> <span class="col typecol"><img src="https://dragonheaven.herokuapp.com/sprites/types/Rock.png" alt="Rock" height="14" width="32"><img src="https://dragonheaven.herokuapp.com/sprites/types/Electric.png" alt="Electric" height="14" width="32"></span> <span style="float: left ; min-height: 26px"><span class="col abilitycol">Sturdy / Drought / Solar Power</span><span class="col abilitycol"></span></span></li><li style="clear: both"></li></ul></div><div class="chat"><ul class="utilichart"><li class="result"><span style="float: left ; min-height: 26px"><span class="col statcol"><em>HP</em><br>85</span> <span class="col statcol"><em>Atk</em><br>60</span> <span class="col statcol"><em>Def</em><br>130</span> <span class="col statcol"><em>SpA</em><br>135</span> <span class="col statcol"><em>SpD</em><br>80</span> <span class="col statcol"><em>Spe</em><br>25</span> </span></li><li style="clear: both"></li></ul></div><div class="battle-history"><small>(Gigalith-Kalos was created by Violet!)</small><br></div><div class="battle-history"><small>The opposing Gigalith was hurt by the spikes!</small><br></div><div class="battle-history">[The opposing Gigalith's Drought]<br><small>The sunlight turned harsh!</small><br></div><div class="spacer battle-history"><br></div><div class="battle-history">Narcissopod used <strong>Toxic</strong>!<br></div><div class="battle-history"><small>The opposing Gigalith was badly poisoned!</small><br></div><div class="spacer battle-history"><br></div><div class="battle-history"><small>(The sunlight is strong.)</small><br></div><div class="battle-history"><small>Narcissopod restored a little HP using its Leftovers!</small><br></div><div class="battle-history"><small>The opposing Gigalith was hurt by poison!</small><br></div><div class="spacer battle-history"><br></div><h2 class="battle-history">Turn 4</h2><div class="chat chatmessage-abismal"><strong style="color:#68a730"><small>☆</small><span class="username" data-name="abismal">abismal</span>:</strong> <em>idk</em></div><div class="spacer battle-history"><br></div><div class="battle-history">Narcissopod used <strong>Pain Split</strong>!<br></div><div class="battle-history"><small>The battlers shared their pain!</small><br></div><div class="spacer battle-history"><br></div><div class="battle-history">The opposing Gigalith used <strong>Weather Ball</strong>!<br></div><div class="battle-history"><small>(Narcissopod lost 50% of its health!)</small><br></div><div class="spacer battle-history"><br></div><div class="battle-history">Narcissopod fainted!<br></div><div class="spacer battle-history"><br></div><div class="battle-history"><small>(The sunlight is strong.)</small><br></div><div class="battle-history"><small>The opposing Gigalith was hurt by poison!</small><br></div><div class="spacer battle-history"><br></div><div class="battle-history">Go! Jynx (<strong>Jynx-Variant</strong>)!<br></div><div class="chat"><ul class="utilichart"><li class="result"><span class="col pokemonnamecol" style="white-space: nowrap">Jynx-Variant</span> <span class="col typecol"><img src="https://dragonheaven.herokuapp.com/sprites/types/Grass.png" alt="Grass" height="14" width="32"><img src="https://dragonheaven.herokuapp.com/sprites/types/Fighting.png" alt="Fighting" height="14" width="32"></span> <span style="float: left ; min-height: 26px"><span class="col abilitycol">Dancer / Flame Body / Flash Fire</span><span class="col abilitycol"></span></span></li><li style="clear: both"></li></ul></div><div class="chat"><ul class="utilichart"><li class="result"><span style="float: left ; min-height: 26px"><span class="col statcol"><em>HP</em><br>65</span> <span class="col statcol"><em>Atk</em><br>50</span> <span class="col statcol"><em>Def</em><br>95</span> <span class="col statcol"><em>SpA</em><br>115</span> <span class="col statcol"><em>SpD</em><br>35</span> <span class="col statcol"><em>Spe</em><br>95</span> </span></li><li style="clear: both"></li></ul></div><div class="battle-history"><small>(Jynx-Variant was created by abismal!)</small><br></div><div class="spacer battle-history"><br></div><h2 class="battle-history">Turn 5</h2><div class="spacer battle-history"><br></div><div class="battle-history">god of joe withdrew Gigalith!<br></div><div class="battle-history">god of joe sent out <strong>Galvantula</strong>!<br></div><div class="spacer battle-history"><br></div><div class="battle-history">Jynx used <strong>Giga Drain</strong>!<br></div><div class="battle-history"><small>It's not very effective...</small><br></div><div class="battle-history"><small>(The opposing Galvantula lost 35% of its health!)</small><br></div><div class="spacer battle-history"><br></div><div class="battle-history"><small>(The sunlight is strong.)</small><br></div><div class="spacer battle-history"><br></div><h2 class="battle-history">Turn 6</h2><div class="spacer battle-history"><br></div><div class="battle-history">The opposing Galvantula used <strong>Sticky Web</strong>!<br></div><div class="battle-history"><small>A sticky web has been laid out on the ground around your team!</small><br></div><div class="spacer battle-history"><br></div><div class="battle-history">Jynx used <strong>Fiery Dance</strong>!<br></div><div class="battle-history"><small>It's super effective!</small><br></div><div class="battle-history"><small>(The opposing Galvantula lost 65% of its health!)</small><br></div><div class="battle-history"><small>Jynx's Sp. Atk rose!</small><br></div><div class="spacer battle-history"><br></div><div class="battle-history">The opposing Galvantula fainted!<br></div><div class="spacer battle-history"><br></div><div class="battle-history"><small>(The sunlight is strong.)</small><br></div><div class="spacer battle-history"><br></div><div class="battle-history">god of joe sent out <strong>Resurrectric</strong>!<br></div><div class="battle-history"><small>The opposing Resurrectric was hurt by the spikes!</small><br></div><div class="chat"><ul class="utilichart"><li class="result"><span class="col pokemonnamecol" style="white-space: nowrap">Resurrectric</span> <span class="col typecol"><img src="https://dragonheaven.herokuapp.com/sprites/types/Ground.png" alt="Ground" height="14" width="32"><img src="https://dragonheaven.herokuapp.com/sprites/types/Electric.png" alt="Electric" height="14" width="32"></span> <span style="float: left ; min-height: 26px"><span class="col abilitycol">Inner Focus / Lightning Rod / Battle Armor</span><span class="col abilitycol"></span></span></li><li style="clear: both"></li></ul></div><div class="chat"><ul class="utilichart"><li class="result"><span style="float: left ; min-height: 26px"><span class="col statcol"><em>HP</em><br>80</span> <span class="col statcol"><em>Atk</em><br>50</span> <span class="col statcol"><em>Def</em><br>130</span> <span class="col statcol"><em>SpA</em><br>110</span> <span class="col statcol"><em>SpD</em><br>80</span> <span class="col statcol"><em>Spe</em><br>45</span> </span></li><li style="clear: both"></li></ul></div><div class="battle-history"><small>(Resurrectric was created by Hematite!)</small><br></div><div class="spacer battle-history"><br></div><h2 class="battle-history">Turn 7</h2><div class="spacer battle-history"><br></div><div class="battle-history">Jynx used <strong>Fiery Dance</strong>!<br></div><div class="battle-history"><small>(The opposing Resurrectric lost 48% of its health!)</small><br></div><div class="spacer battle-history"><br></div><div class="battle-history">The opposing Resurrectric used <strong>Ice Beam</strong>!<br></div><div class="battle-history"><small>It's super effective!</small><br></div><div class="battle-history"><small>(Jynx lost 100% of its health!)</small><br></div><div class="spacer battle-history"><br></div><div class="battle-history">Jynx fainted!<br></div><div class="spacer battle-history"><br></div><div class="battle-history"><small>The harsh sunlight faded.</small><br></div><div class="chat"><small>+H2OPulse joined</small></div><div class="spacer battle-history"><br></div><div class="battle-history">Go! Starly (<strong>Starly-Crown</strong>)!<br></div><div class="chat"><ul class="utilichart"><li class="result"><span class="col pokemonnamecol" style="white-space: nowrap">Starly-Crown</span> <span class="col typecol"><img src="https://dragonheaven.herokuapp.com/sprites/types/Normal.png" alt="Normal" height="14" width="32"><img src="https://dragonheaven.herokuapp.com/sprites/types/Flying.png" alt="Flying" height="14" width="32"></span> <span style="float: left ; min-height: 26px"><span class="col abilitycol">Murmuration</span><span class="col abilitycol"></span></span></li><li style="clear: both"></li></ul></div><div class="chat"><ul class="utilichart"><li class="result"><span style="float: left ; min-height: 26px"><span class="col statcol"><em>HP</em><br>40</span> <span class="col statcol"><em>Atk</em><br>55</span> <span class="col statcol"><em>Def</em><br>30</span> <span class="col statcol"><em>SpA</em><br>30</span> <span class="col statcol"><em>SpD</em><br>30</span> <span class="col statcol"><em>Spe</em><br>60</span> </span></li><li style="clear: both"></li></ul></div><div class="battle-history"><small>(Starly-Crown was created by KeroseneZanchu!)</small><br></div><div class="chat"><ul class="utilichart"><li class="result"><span class="col pokemonnamecol" style="white-space: nowrap">Starly-Crown-Cloud</span> <span class="col typecol"><img src="https://dragonheaven.herokuapp.com/sprites/types/Normal.png" alt="Normal" height="14" width="32"><img src="https://dragonheaven.herokuapp.com/sprites/types/Flying.png" alt="Flying" height="14" width="32"></span> <span style="float: left ; min-height: 26px"><span class="col abilitycol">Murmuration</span><span class="col abilitycol"></span></span><span style="float: left ; min-height: 26px"><span class="col statcol"><em>HP</em><br>40</span> <span class="col statcol"><em>Atk</em><br>120</span> <span class="col statcol"><em>Def</em><br>170</span> <span class="col statcol"><em>SpA</em><br>50</span> <span class="col statcol"><em>SpD</em><br>161</span> <span class="col statcol"><em>Spe</em><br>100</span> </span></li><li style="clear: both"></li></ul></div><div class="battle-history"><small>Starly changed to Cloud Form!</small><br></div><div class="chat"><ul class="utilichart"><li class="result"><span class="col pokemonnamecol" style="white-space: nowrap">Starly-Crown-Cloud</span> <span class="col typecol"><img src="https://dragonheaven.herokuapp.com/sprites/types/Normal.png" alt="Normal" height="14" width="32"><img src="https://dragonheaven.herokuapp.com/sprites/types/Flying.png" alt="Flying" height="14" width="32"></span> <span style="float: left ; min-height: 26px"><span class="col abilitycol">Murmuration</span><span class="col abilitycol"></span></span><span style="float: left ; min-height: 26px"><span class="col statcol"><em>HP</em><br>40</span> <span class="col statcol"><em>Atk</em><br>120</span> <span class="col statcol"><em>Def</em><br>170</span> <span class="col statcol"><em>SpA</em><br>50</span> <span class="col statcol"><em>SpD</em><br>161</span> <span class="col statcol"><em>Spe</em><br>100</span> </span></li><li style="clear: both"></li></ul></div><div class="spacer battle-history"><br></div><h2 class="battle-history">Turn 8</h2><div class="spacer battle-history"><br></div><div class="battle-history">Starly used <strong>Rapid Spin</strong>!<br></div><div class="battle-history"><small>(The opposing Resurrectric lost 20% of its health!)</small><br></div><div class="battle-history"><small>Starly's Speed rose!</small><br></div><div class="battle-history"><small>The sticky web has disappeared from the ground around your team!</small><br></div><div class="spacer battle-history"><br></div><div class="battle-history">The opposing Resurrectric used <strong>Discharge</strong>!<br></div><div class="battle-history"><small>It's super effective!</small><br></div><div class="battle-history"><small>(Starly lost 84% of its health!)</small><br></div><div class="spacer battle-history"><br></div><div class="battle-history"><small>Starly restored a little HP using its Leftovers!</small><br></div><div class="battle-history"><small>Starly changed to Solo Form...</small><br></div><div class="spacer battle-history"><br></div><h2 class="battle-history">Turn 9</h2><div class="spacer battle-history"><br></div><div class="battle-history">Starly used <strong>Roost</strong>!<br></div><div class="battle-history"><small>Starly had its HP restored.</small><br></div><div class="battle-history"><small>(Starly loses Flying type this turn.)</small><br></div><div class="spacer battle-history"><br></div><div class="battle-history">The opposing Resurrectric used <strong>Discharge</strong>!<br></div><div class="battle-history"><small>(Starly lost 72% of its health!)</small><br></div><div class="spacer battle-history"><br></div><div class="battle-history">Starly fainted!<br></div><div class="chat"><small>+time to chill joined</small></div><div class="spacer battle-history"><br></div><div class="battle-history">Go! <strong>Gourmant</strong>!<br></div><div class="chat"><ul class="utilichart"><li class="result"><span class="col pokemonnamecol" style="white-space: nowrap">Gourmant</span> <span class="col typecol"><img src="https://dragonheaven.herokuapp.com/sprites/types/Fire.png" alt="Fire" height="14" width="32"><img src="https://dragonheaven.herokuapp.com/sprites/types/Dark.png" alt="Dark" height="14" width="32"></span> <span style="float: left ; min-height: 26px"><span class="col abilitycol">Gluttony / Flash Fire / White Smoke</span><span class="col abilitycol"></span></span></li><li style="clear: both"></li></ul></div><div class="chat"><ul class="utilichart"><li class="result"><span style="float: left ; min-height: 26px"><span class="col statcol"><em>HP</em><br>85</span> <span class="col statcol"><em>Atk</em><br>137</span> <span class="col statcol"><em>Def</em><br>66</span> <span class="col statcol"><em>SpA</em><br>105</span> <span class="col statcol"><em>SpD</em><br>66</span> <span class="col statcol"><em>Spe</em><br>55</span> </span></li><li style="clear: both"></li></ul></div><div class="battle-history"><small>(Gourmant was created by quagsi!)</small><br></div><div class="spacer battle-history"><br></div><h2 class="battle-history">Turn 10</h2><div class="spacer battle-history"><br></div><div class="battle-history">Gourmant used <strong>Knock Off</strong>!<br></div><div class="battle-history"><small>(The opposing Resurrectric lost 20% of its health!)</small><br></div><div class="battle-history"><small>Gourmant knocked off the opposing Resurrectric's Assault Vest!</small><br></div><div class="spacer battle-history"><br></div><div class="battle-history">The opposing Resurrectric fainted!<br></div><div class="spacer battle-history"><br></div><div class="battle-history">god of joe sent out <strong>Boomblare</strong>!<br></div><div class="battle-history"><small>The opposing Boomblare was hurt by the spikes!</small><br></div><div class="spacer battle-history"><br></div><h2 class="battle-history">Turn 11</h2><div class="spacer battle-history"><br></div><div class="battle-history">Gourmant used <strong>Sucker Punch</strong>!<br></div><div class="battle-history"><small>(The opposing Boomblare lost 64% of its health!)</small><br></div><div class="spacer battle-history"><br></div><div class="battle-history">The opposing Boomblare used <strong>Boomburst</strong>!<br></div><div class="battle-history"><small>(Gourmant lost 100% of its health!)</small><br></div><div class="battle-history"><small>The opposing Boomblare lost some of its HP!</small><br></div><div class="spacer battle-history"><br></div><div class="battle-history">Gourmant fainted!<br></div><div class="battle-history">The opposing Boomblare fainted!<br></div><div class="chat chatmessage-godofjoe"><strong style="color:#a523c9"><small>☆</small><span class="username" data-name="god of joe">god of joe</span>:</strong> <em>way to go boomblare</em></div><div class="spacer battle-history"><br></div><div class="battle-history">god of joe sent out Rotom (<strong>Rotom-Mow</strong>)!<br></div><div class="spacer battle-history"><br></div><div class="battle-history">Go! <strong>Condana</strong>!<br></div><div class="chat"><ul class="utilichart"><li class="result"><span class="col pokemonnamecol" style="white-space: nowrap">Condana</span> <span class="col typecol"><img src="https://dragonheaven.herokuapp.com/sprites/types/Poison.png" alt="Poison" height="14" width="32"><img src="https://dragonheaven.herokuapp.com/sprites/types/Dark.png" alt="Dark" height="14" width="32"></span> <span style="float: left ; min-height: 26px"><span class="col abilitycol">Stance Change</span><span class="col abilitycol"></span></span></li><li style="clear: both"></li></ul></div><div class="chat"><ul class="utilichart"><li class="result"><span style="float: left ; min-height: 26px"><span class="col statcol"><em>HP</em><br>75</span> <span class="col statcol"><em>Atk</em><br>39</span> <span class="col statcol"><em>Def</em><br>120</span> <span class="col statcol"><em>SpA</em><br>39</span> <span class="col statcol"><em>SpD</em><br>120</span> <span class="col statcol"><em>Spe</em><br>115</span> </span></li><li style="clear: both"></li></ul></div><div class="battle-history"><small>(Condana was created by abismal!)</small><br></div><div class="spacer battle-history"><br></div><h2 class="battle-history">Turn 12</h2><div class="spacer battle-history"><br></div><div class="battle-history">Condana used <strong>Parting Shot</strong>!<br></div><div class="battle-history"><small>The opposing Rotom's Attack fell!</small><br></div><div class="battle-history"><small>The opposing Rotom's Sp. Atk fell!</small><br></div><div class="spacer battle-history"><br></div><div class="battle-history">Condana, come back!<br></div><div class="battle-history">Go! <strong>Resurrectric</strong>!<br></div><div class="chat"><ul class="utilichart"><li class="result"><span class="col pokemonnamecol" style="white-space: nowrap">Resurrectric</span> <span class="col typecol"><img src="https://dragonheaven.herokuapp.com/sprites/types/Ground.png" alt="Ground" height="14" width="32"><img src="https://dragonheaven.herokuapp.com/sprites/types/Electric.png" alt="Electric" height="14" width="32"></span> <span style="float: left ; min-height: 26px"><span class="col abilitycol">Inner Focus / Lightning Rod / Battle Armor</span><span class="col abilitycol"></span></span></li><li style="clear: both"></li></ul></div><div class="chat"><ul class="utilichart"><li class="result"><span style="float: left ; min-height: 26px"><span class="col statcol"><em>HP</em><br>80</span> <span class="col statcol"><em>Atk</em><br>50</span> <span class="col statcol"><em>Def</em><br>130</span> <span class="col statcol"><em>SpA</em><br>110</span> <span class="col statcol"><em>SpD</em><br>80</span> <span class="col statcol"><em>Spe</em><br>45</span> </span></li><li style="clear: both"></li></ul></div><div class="battle-history"><small>(Resurrectric was created by Hematite!)</small><br></div><div class="spacer battle-history"><br></div><div class="battle-history">The opposing Rotom used <strong>Volt Switch</strong>!<br></div><div class="battle-history">[Resurrectric's Lightning Rod]<br></div><div class="battle-history"><small>Resurrectric's Sp. Atk rose!</small><br></div><div class="spacer battle-history"><br></div><div class="battle-history"><small>The opposing Rotom restored a little HP using its Leftovers!</small><br></div><div class="spacer battle-history"><br></div><h2 class="battle-history">Turn 13</h2><div class="chat chatmessage-godofjoe"><strong style="color:#a523c9"><small>☆</small><span class="username" data-name="god of joe">god of joe</span>:</strong> <em>fuck</em></div><div class="spacer battle-history"><br></div><div class="battle-history">The opposing Rotom went back to god of joe!<br></div><div class="battle-history">god of joe sent out Gigalith (<strong>Gigalith-Kalos</strong>)!<br></div><div class="battle-history"><small>The opposing Gigalith was hurt by the spikes!</small><br></div><div class="battle-history">[The opposing Gigalith's Drought]<br><small>The sunlight turned harsh!</small><br></div><div class="spacer battle-history"><br></div><div class="battle-history">Resurrectric, come back!<br></div><div class="battle-history">Go! <strong>Condana</strong>!<br></div><div class="spacer battle-history"><br></div><div class="battle-history"><small>(The sunlight is strong.)</small><br></div><div class="battle-history"><small>The opposing Gigalith was hurt by poison!</small><br></div><div class="spacer battle-history"><br></div><h2 class="battle-history">Turn 14</h2><div class="spacer battle-history"><br></div><div class="battle-history">[Condana's Stance Change]<br></div><div class="battle-history"><small>Condana changed to Coiled Forme!</small><br></div><div class="chat"><ul class="utilichart"><li class="result"><span class="col pokemonnamecol" style="white-space: nowrap">Condana-Coiled</span> <span class="col typecol"><img src="https://dragonheaven.herokuapp.com/sprites/types/Poison.png" alt="Poison" height="14" width="32"><img src="https://dragonheaven.herokuapp.com/sprites/types/Dark.png" alt="Dark" height="14" width="32"></span> <span style="float: left ; min-height: 26px"><span class="col abilitycol">Stance Change</span><span class="col abilitycol"></span></span><span style="float: left ; min-height: 26px"><span class="col statcol"><em>HP</em><br>75</span> <span class="col statcol"><em>Atk</em><br>135</span> <span class="col statcol"><em>Def</em><br>49</span> <span class="col statcol"><em>SpA</em><br>135</span> <span class="col statcol"><em>SpD</em><br>49</span> <span class="col statcol"><em>Spe</em><br>65</span> </span></li><li style="clear: both"></li></ul></div><div class="spacer battle-history"><br></div><div class="battle-history">Condana used <strong>Jaw Lock</strong>!<br></div><div class="battle-history"><small>(The opposing Gigalith lost 27% of its health!)</small><br></div><div class="spacer battle-history"><br></div><div class="battle-history">The opposing Gigalith fainted!<br></div><div class="spacer battle-history"><br></div><div class="battle-history"><small>(The sunlight is strong.)</small><br></div><div class="chat"><small>~inkbug1 joined</small></div><div class="spacer battle-history"><br></div><div class="battle-history">god of joe sent out Rotom (<strong>Rotom-Mow</strong>)!<br></div><div class="spacer battle-history"><br></div><h2 class="battle-history">Turn 15</h2><div class="spacer battle-history"><br></div><div class="battle-history">The opposing Rotom used <strong>Nasty Plot</strong>!<br></div><div class="battle-history"><small>The opposing Rotom's Sp. Atk rose sharply!</small><br></div><div class="spacer battle-history"><br></div><div class="battle-history">Condana used <strong>Parting Shot</strong>!<br></div><div class="battle-history"><small>The opposing Rotom's Attack fell!</small><br></div><div class="battle-history"><small>The opposing Rotom's Sp. Atk fell!</small><br></div><div class="spacer battle-history"><br></div><div class="battle-history">Condana, come back!<br></div><div class="battle-history">Go! <strong>Resurrectric</strong>!<br></div><div class="spacer battle-history"><br></div><div class="battle-history"><small>(The sunlight is strong.)</small><br></div><div class="battle-history"><small>The opposing Rotom restored a little HP using its Leftovers!</small><br></div><div class="spacer battle-history"><br></div><h2 class="battle-history">Turn 16</h2><div class="spacer battle-history"><br></div><div class="battle-history">The opposing Rotom used <strong>Leaf Storm</strong>!<br></div><div class="battle-history"><small>It's super effective!</small><br></div><div class="battle-history"><small>(Resurrectric lost 100% of its health!)</small><br></div><div class="battle-history"><small>The opposing Rotom's Sp. Atk fell harshly!</small><br></div><div class="spacer battle-history"><br></div><div class="battle-history">Resurrectric fainted!<br></div><div class="spacer battle-history"><br></div><div class="battle-history"><small>(The sunlight is strong.)</small><br></div><div class="battle-history"><small>The opposing Rotom restored a little HP using its Leftovers!</small><br></div><div class="spacer battle-history"><br></div><div class="battle-history">Go! <strong>Condana</strong>!<br></div><div class="spacer battle-history"><br></div><h2 class="battle-history">Turn 17</h2><div class="chat chatmessage-gekokeso"><strong style="color:#9b940e"><small>+</small><span class="username" data-name="Gekokeso">Gekokeso</span>:</strong> <em>what is reso evolving from?</em></div><div class="spacer battle-history"><br></div><div class="battle-history">Condana used <strong>Parting Shot</strong>!<br></div><div class="battle-history"><small>The opposing Rotom's Attack fell!</small><br></div><div class="battle-history"><small>The opposing Rotom's Sp. Atk fell!</small><br></div><div class="spacer battle-history"><br></div><div class="battle-history">The opposing Rotom used <strong>Nasty Plot</strong>!<br></div><div class="battle-history"><small>The opposing Rotom's Sp. Atk rose sharply!</small><br></div><div class="spacer battle-history"><br></div><div class="battle-history"><small>The harsh sunlight faded.</small><br></div><div class="battle-history"><small>The opposing Rotom restored a little HP using its Leftovers!</small><br></div><div class="spacer battle-history"><br></div><h2 class="battle-history">Turn 18</h2><div class="chat chatmessage-h2opulse"><strong style="color:#6e8c2b"><small>+</small><span class="username" data-name="H2OPulse">H2OPulse</span>:</strong> <em>Marowak!</em></div><div class="spacer battle-history"><br></div><div class="battle-history">Condana used <strong>Screech</strong>!<br></div><div class="battle-history"><small>The opposing Rotom's Defense fell harshly!</small><br></div><div class="spacer battle-history"><br></div><div class="battle-history">The opposing Rotom used <strong>Nasty Plot</strong>!<br></div><div class="battle-history"><small>The opposing Rotom's Sp. Atk rose sharply!</small><br></div><div class="spacer battle-history"><br></div><div class="battle-history"><small>The opposing Rotom restored a little HP using its Leftovers!</small><br></div><div class="spacer battle-history"><br></div><h2 class="battle-history">Turn 19</h2><div class="spacer battle-history"><br></div><div class="battle-history">[Condana's Stance Change]<br></div><div class="battle-history"><small>Condana changed to Coiled Forme!</small><br></div><div class="spacer battle-history"><br></div><div class="battle-history">Condana used <strong>Jaw Lock</strong>!<br></div><div class="battle-history"><small>(The opposing Rotom lost 76% of its health!)</small><br></div><div class="battle-history"><small>Condana can no longer escape!</small><br></div><div class="battle-history"><small>The opposing Rotom can no longer escape!</small><br></div><div class="spacer battle-history"><br></div><div class="battle-history">The opposing Rotom used <strong>Volt Switch</strong>!<br></div><div class="battle-history"><small>(Condana lost 83% of its health!)</small><br></div><div class="spacer battle-history"><br></div><div class="battle-history">The opposing Rotom went back to god of joe!<br></div><div class="battle-history">god of joe sent out Luxray (<strong>Luxray-Johto</strong>)!<br></div><div class="chat"><ul class="utilichart"><li class="result"><span class="col pokemonnamecol" style="white-space: nowrap">Luxray-Johto</span> <span class="col typecol"><img src="https://dragonheaven.herokuapp.com/sprites/types/Electric.png" alt="Electric" height="14" width="32"><img src="https://dragonheaven.herokuapp.com/sprites/types/Fairy.png" alt="Fairy" height="14" width="32"></span> <span style="float: left ; min-height: 26px"><span class="col abilitycol">Infiltrator / Intimidate / Pixilate</span><span class="col abilitycol"></span></span></li><li style="clear: both"></li></ul></div><div class="chat"><ul class="utilichart"><li class="result"><span style="float: left ; min-height: 26px"><span class="col statcol"><em>HP</em><br>80</span> <span class="col statcol"><em>Atk</em><br>95</span> <span class="col statcol"><em>Def</em><br>79</span> <span class="col statcol"><em>SpA</em><br>120</span> <span class="col statcol"><em>SpD</em><br>79</span> <span class="col statcol"><em>Spe</em><br>70</span> </span></li><li style="clear: both"></li></ul></div><div class="battle-history"><small>(Luxray-Johto was created by abismal!)</small><br></div><div class="battle-history"><small>The opposing Luxray was hurt by the spikes!</small><br></div><div class="spacer battle-history"><br></div><div class="battle-history"><small>Condana restored a little HP using its Black Sludge!</small><br></div><div class="battle-history"><small>The opposing Luxray was burned!</small><br></div><div class="spacer battle-history"><br></div><h2 class="battle-history">Turn 20</h2><div class="spacer battle-history"><br></div><div class="battle-history">The opposing Luxray used <strong>Facade</strong>!<br></div><div class="battle-history"><small>(Condana lost 23% of its health!)</small><br></div><div class="spacer battle-history"><br></div><div class="battle-history">Condana fainted!<br></div><div class="spacer battle-history"><br></div><div class="battle-history"><strong>god of joe</strong> won the battle!<br></div><div class="chat chatmessage-abismal"><strong style="color:#68a730"><small>☆</small><span class="username" data-name="abismal">abismal</span>:</strong> <em>gg</em></div><div class="chat chatmessage-godofjoe"><strong style="color:#a523c9"><small>☆</small><span class="username" data-name="god of joe">god of joe</span>:</strong> <em>gg</em></div></div><div class="inner-preempt message-log"></div></div></div>
</div>
<script>
let daily = Math.floor(Date.now()/1000/60/60/24);document.write('<script src="https://dragonheaven.herokuapp.com/js/replay-embed.js?version'+daily+'"></'+'script>');
</script>
