<!DOCTYPE html>
<meta charset="utf-8" />
<!-- version 1 -->
<title>[Gen 8] Evolution Project VGC replay: jazzmat vs. H2OPulse</title>
<style>
html,body {font-family:Verdana, sans-serif;font-size:10pt;margin:0;padding:0;}body{padding:12px 0;} .battle-log {font-family:Verdana, sans-serif;font-size:10pt;} .battle-log-inline {border:1px solid #AAAAAA;background:#EEF2F5;color:black;max-width:640px;margin:0 auto 80px;padding-bottom:5px;} .battle-log .inner {padding:4px 8px 0px 8px;} .battle-log .inner-preempt {padding:0 8px 4px 8px;} .battle-log .inner-after {margin-top:0.5em;} .battle-log h2 {margin:0.5em -8px;padding:4px 8px;border:1px solid #AAAAAA;background:#E0E7EA;border-left:0;border-right:0;font-family:Verdana, sans-serif;font-size:13pt;} .battle-log .chat {vertical-align:middle;padding:3px 0 3px 0;font-size:8pt;} .battle-log .chat strong {color:#40576A;} .battle-log .chat em {padding:1px 4px 1px 3px;color:#000000;font-style:normal;} .chat.mine {background:rgba(0,0,0,0.05);margin-left:-8px;margin-right:-8px;padding-left:8px;padding-right:8px;} .spoiler {color:#BBBBBB;background:#BBBBBB;padding:0px 3px;} .spoiler:hover, .spoiler:active, .spoiler-shown {color:#000000;background:#E2E2E2;padding:0px 3px;} .spoiler a {color:#BBBBBB;} .spoiler:hover a, .spoiler:active a, .spoiler-shown a {color:#2288CC;} .chat code, .chat .spoiler:hover code, .chat .spoiler:active code, .chat .spoiler-shown code {border:1px solid #C0C0C0;background:#EEEEEE;color:black;padding:0 2px;} .chat .spoiler code {border:1px solid #CCCCCC;background:#CCCCCC;color:#CCCCCC;} .battle-log .rated {padding:3px 4px;} .battle-log .rated strong {color:white;background:#89A;padding:1px 4px;border-radius:4px;} .spacer {margin-top:0.5em;} .message-announce {background:#6688AA;color:white;padding:1px 4px 2px;} .message-announce a, .broadcast-green a, .broadcast-blue a, .broadcast-red a {color:#DDEEFF;} .broadcast-green {background-color:#559955;color:white;padding:2px 4px;} .broadcast-blue {background-color:#6688AA;color:white;padding:2px 4px;} .infobox {border:1px solid #6688AA;padding:2px 4px;} .infobox-limited {max-height:200px;overflow:auto;overflow-x:hidden;} .broadcast-red {background-color:#AA5544;color:white;padding:2px 4px;} .message-learn-canlearn {font-weight:bold;color:#228822;text-decoration:underline;} .message-learn-cannotlearn {font-weight:bold;color:#CC2222;text-decoration:underline;} .message-effect-weak {font-weight:bold;color:#CC2222;} .message-effect-resist {font-weight:bold;color:#6688AA;} .message-effect-immune {font-weight:bold;color:#666666;} .message-learn-list {margin-top:0;margin-bottom:0;} .message-throttle-notice, .message-error {color:#992222;} .message-overflow, .chat small.message-overflow {font-size:0pt;} .message-overflow::before {font-size:9pt;content:'...';} .subtle {color:#3A4A66;}
</style>
<div class="wrapper replay-wrapper" style="max-width:1180px;margin:0 auto">
<input type="hidden" name="replayid" value="dragonheaven-gen8evolutionprojectvgc-38" />
<div class="battle"></div><div class="battle-log"></div><div class="replay-controls"></div><div class="replay-controls-2"></div>
<h1 style="font-weight:normal;text-align:center"><strong>[Gen 8] Evolution Project VGC</strong><br /><a href="http://pokemonshowdown.com/users/jazzmat" class="subtle" target="_blank">jazzmat</a> vs. <a href="http://pokemonshowdown.com/users/h2opulse" class="subtle" target="_blank">H2OPulse</a></h1>
<script type="text/plain" class="battle-log-data">|j|☆jazzmat
|j|☆H2OPulse

|t:|1643134408
|player|p1|jazzmat|170|
|player|p2|H2OPulse|aetherfoundation|
|teamsize|p1|6
|teamsize|p2|6
|gametype|doubles
|gen|8
|tier|[Gen 8] Evolution Project VGC
|clearpoke
|poke|p1|Dusglow, L50, M|
|poke|p1|Arcanine, L50, M|
|poke|p1|Magcargo-Galar, L50, M|
|poke|p1|Slurpuff, L50, M|
|poke|p1|Jackourd-*, L50, F|
|poke|p1|Curski, L50, M|
|poke|p2|Arcanine, L50, M|
|poke|p2|Tsareena, L50, F|
|poke|p2|Falinks-Terracotta, L50, F|
|poke|p2|Rubulwark, L50, M|
|poke|p2|Mienshao-Yaoguai, L50, M|
|poke|p2|Persian-Alola, L50, M|
|rule|Species Clause: Limit one of each Pokémon
|rule|Item Clause: Limit one of each item
|rule|Dynamax Clause: You cannot dynamax
|rule|Z-Move Clause: Type-based Z-Moves are banned
|teampreview|4
|c|☆H2OPulse|Good luck and have fun!!! O:
|c|☆jazzmat|u2!
|j| regic boat
|c|☆H2OPulse|Man
|c|☆H2OPulse|I'm trying to think of how I could possibly interrupt Jackourd + Magcargo reliably
|c|☆H2OPulse|They're a __really__ impressive duo :'D
|
|t:|1643134469
|start
|switch|p1a: Dog 1|Arcanine, L50, M, shiny|48\/48
|switch|p1b: Glow Worm|Dusglow, L50, M|48\/48
|switch|p2a: Laurel|Falinks-Terracotta, L50, F|141\/141
|switch|p2b: Monkshood|Mienshao-Yaoguai, L50, M|172\/172
|-ability|p1a: Dog 1|Intimidate|boost
|-unboost|p2a: Laurel|atk|1
|-ability|p2a: Laurel|Defiant
|-boost|p2a: Laurel|atk|2
|-enditem|p2a: Laurel|Adrenaline Orb
|-boost|p2a: Laurel|spe|1|[from] item: Adrenaline Orb
|-unboost|p2b: Monkshood|atk|1
|-start|p2a: Laurel|typechange|Fighting\/Rock|[silent]
|raw|<ul class="utilichart"><li class="result"><span class="col pokemonnamecol" style="white-space: nowrap">Falinks-Terracotta<\/span> <span class="col typecol"><img src="https:\/\/play.pokemonshowdown.com\/sprites\/types\/Fighting.png" alt="Fighting" height="14" width="32"><img src="https:\/\/play.pokemonshowdown.com\/sprites\/types\/Rock.png" alt="Rock" height="14" width="32"><\/span> <span style="float: left ; min-height: 26px"><span class="col abilitycol">Solid Rock \/ Skill Link \/ Defiant<\/span><span class="col abilitycol"><\/span><\/span><\/li><li style="clear: both"><\/li><\/ul>
|raw|<ul class="utilichart"><li class="result"><span style="float: left ; min-height: 26px"><span class="col statcol"><em>HP<\/em><br>65<\/span> <span class="col statcol"><em>Atk<\/em><br>100<\/span> <span class="col statcol"><em>Def<\/em><br>100<\/span> <span class="col statcol"><em>SpA<\/em><br>60<\/span> <span class="col statcol"><em>SpD<\/em><br>60<\/span> <span class="col statcol"><em>Spe<\/em><br>85<\/span> <\/span><\/li><li style="clear: both"><\/li><\/ul>
|-hint|Falinks-Terracotta was created by Hematite!
|-start|p2b: Monkshood|typechange|Fighting\/Ghost|[silent]
|raw|<ul class="utilichart"><li class="result"><span class="col pokemonnamecol" style="white-space: nowrap">Mienshao-Yaoguai<\/span> <span class="col typecol"><img src="https:\/\/play.pokemonshowdown.com\/sprites\/types\/Fighting.png" alt="Fighting" height="14" width="32"><img src="https:\/\/play.pokemonshowdown.com\/sprites\/types\/Ghost.png" alt="Ghost" height="14" width="32"><\/span> <span style="float: left ; min-height: 26px"><span class="col abilitycol">Inner Focus \/ Prankster \/ Berserk<\/span><span class="col abilitycol"><\/span><\/span><\/li><li style="clear: both"><\/li><\/ul>
|raw|<ul class="utilichart"><li class="result"><span style="float: left ; min-height: 26px"><span class="col statcol"><em>HP<\/em><br>65<\/span> <span class="col statcol"><em>Atk<\/em><br>125<\/span> <span class="col statcol"><em>Def<\/em><br>60<\/span> <span class="col statcol"><em>SpA<\/em><br>105<\/span> <span class="col statcol"><em>SpD<\/em><br>60<\/span> <span class="col statcol"><em>Spe<\/em><br>95<\/span> <\/span><\/li><li style="clear: both"><\/li><\/ul>
|-hint|Mienshao-Yaoguai was created by Hematite!
|-start|p1b: Glow Worm|typechange|Ghost\/Fairy|[silent]
|raw|<ul class="utilichart"><li class="result"><span class="col pokemonnamecol" style="white-space: nowrap">Dusglow<\/span> <span class="col typecol"><img src="https:\/\/play.pokemonshowdown.com\/sprites\/types\/Ghost.png" alt="Ghost" height="14" width="32"><img src="https:\/\/play.pokemonshowdown.com\/sprites\/types\/Fairy.png" alt="Fairy" height="14" width="32"><\/span> <span style="float: left ; min-height: 26px"><span class="col abilitycol">Pressure \/ Wandering Spirit<\/span><span class="col abilitycol"><\/span><\/span><\/li><li style="clear: both"><\/li><\/ul>
|raw|<ul class="utilichart"><li class="result"><span style="float: left ; min-height: 26px"><span class="col statcol"><em>HP<\/em><br>45<\/span> <span class="col statcol"><em>Atk<\/em><br>85<\/span> <span class="col statcol"><em>Def<\/em><br>105<\/span> <span class="col statcol"><em>SpA<\/em><br>115<\/span> <span class="col statcol"><em>SpD<\/em><br>105<\/span> <span class="col statcol"><em>Spe<\/em><br>70<\/span> <\/span><\/li><li style="clear: both"><\/li><\/ul>
|-hint|Dusglow was created by Violet!
|turn|1
|c|☆jazzmat|:coldsweat:
|c|☆H2OPulse|P f
|c| regic boat|fun
|
|t:|1643134515
|move|p2a: Laurel|Rock Slide|p1b: Glow Worm|[spread] p1a,p1b
|-supereffective|p1a: Dog 1
|-damage|p1a: Dog 1|7\/48
|-damage|p1b: Glow Worm|30\/48
|move|p1a: Dog 1|Heat Wave|p2a: Laurel|[spread] p2a,p2b
|-resisted|p2a: Laurel
|-damage|p2a: Laurel|118\/141
|-damage|p2b: Monkshood|102\/172
|move|p2b: Monkshood|Shadow Ball|p1b: Glow Worm
|-supereffective|p1b: Glow Worm
|-damage|p1b: Glow Worm|0 fnt
|faint|p1b: Glow Worm
|
|upkeep
|
|t:|1643134525
|switch|p1b: Dwayne|Curski, L50, M|48\/48
|-start|p1b: Dwayne|typechange|Dark|[silent]
|raw|<ul class="utilichart"><li class="result"><span class="col pokemonnamecol" style="white-space: nowrap">Curski<\/span> <span class="col typecol"><img src="https:\/\/play.pokemonshowdown.com\/sprites\/types\/Dark.png" alt="Dark" height="14" width="32"><\/span> <span style="float: left ; min-height: 26px"><span class="col abilitycol">Dark Aura \/ Infiltrator<\/span><span class="col abilitycol"><\/span><\/span><\/li><li style="clear: both"><\/li><\/ul>
|raw|<ul class="utilichart"><li class="result"><span style="float: left ; min-height: 26px"><span class="col statcol"><em>HP<\/em><br>50<\/span> <span class="col statcol"><em>Atk<\/em><br>117<\/span> <span class="col statcol"><em>Def<\/em><br>108<\/span> <span class="col statcol"><em>SpA<\/em><br>92<\/span> <span class="col statcol"><em>SpD<\/em><br>108<\/span> <span class="col statcol"><em>Spe<\/em><br>35<\/span> <\/span><\/li><li style="clear: both"><\/li><\/ul>
|-hint|Curski was created by KeroseneZanchu!
|-ability|p1b: Dwayne|Dark Aura
|turn|2
|
|t:|1643134586
|switch|p1a: Death Snail|Magcargo-Galar, L50, M|48\/48
|-start|p1a: Death Snail|typechange|Steel\/Poison|[silent]
|raw|<ul class="utilichart"><li class="result"><span class="col pokemonnamecol" style="white-space: nowrap">Magcargo-Galar<\/span> <span class="col typecol"><img src="https:\/\/play.pokemonshowdown.com\/sprites\/types\/Steel.png" alt="Steel" height="14" width="32"><img src="https:\/\/play.pokemonshowdown.com\/sprites\/types\/Poison.png" alt="Poison" height="14" width="32"><\/span> <span style="float: left ; min-height: 26px"><span class="col abilitycol">Steam Engine \/ Flame Body \/ Gooey<\/span><span class="col abilitycol"><\/span><\/span><\/li><li style="clear: both"><\/li><\/ul>
|raw|<ul class="utilichart"><li class="result"><span style="float: left ; min-height: 26px"><span class="col statcol"><em>HP<\/em><br>60<\/span> <span class="col statcol"><em>Atk<\/em><br>50<\/span> <span class="col statcol"><em>Def<\/em><br>60<\/span> <span class="col statcol"><em>SpA<\/em><br>90<\/span> <span class="col statcol"><em>SpD<\/em><br>60<\/span> <span class="col statcol"><em>Spe<\/em><br>110<\/span> <\/span><\/li><li style="clear: both"><\/li><\/ul>
|-hint|Magcargo-Galar was created by quagsi!
|move|p2a: Laurel|Drain Punch|p1b: Dwayne
|-supereffective|p1b: Dwayne
|-damage|p1b: Dwayne|0 fnt
|-heal|p2a: Laurel|141\/141|[from] drain|[of] p1b: Dwayne
|faint|p1b: Dwayne
|move|p2b: Monkshood|Shadow Ball|p1a: Death Snail
|-damage|p1a: Death Snail|17\/48
|
|upkeep
|c|☆jazzmat|well that's gg lmao
|
|t:|1643134610
|switch|p1b: Dog 1|Arcanine, L50, M, shiny|7\/48
|-ability|p1b: Dog 1|Intimidate|boost
|-unboost|p2a: Laurel|atk|1
|-ability|p2a: Laurel|Defiant
|-boost|p2a: Laurel|atk|2
|-unboost|p2b: Monkshood|atk|1
|turn|3
|c|☆H2OPulse|Kshdfgh perhaps :'D
|c|☆H2OPulse|Good game!!!
|
|t:|1643134648
|move|p1a: Death Snail|Protect|p1a: Death Snail
|-singleturn|p1a: Death Snail|Protect
|move|p2a: Laurel|Rock Slide|p1b: Dog 1|[spread] p1b
|-activate|p1a: Death Snail|move: Protect
|-supereffective|p1b: Dog 1
|-damage|p1b: Dog 1|0 fnt
|faint|p1b: Dog 1
|move|p2b: Monkshood|Shadow Ball|p1a: Death Snail
|-activate|p1a: Death Snail|move: Protect
|
|upkeep
|turn|4
|
|t:|1643134663
|move|p2a: Laurel|Drain Punch|p1a: Death Snail
|-damage|p1a: Death Snail|0 fnt
|faint|p1a: Death Snail
|
|win|H2OPulse
|c|☆jazzmat|you too!!
|c|☆jazzmat|Mienshao is a menace lmao
|c|☆H2OPulse|Yeah O:</script>
</div>
<div class="battle-log battle-log-inline"><div class="inner"><div class="battle-options"><div style="padding-top: 3px; padding-right: 3px; text-align: right"><button class="icon button" name="openBattleOptions" title="Options">Battle Options</button></div></div><div class="inner message-log"><div class="chat"><small>☆jazzmat and ☆H2OPulse joined</small></div><div class=""><small>Format:</small> <br><strong>[Gen 8] Evolution Project VGC</strong></div><div class=""><small><em>Species Clause:</em> Limit one of each Pokémon</small></div><div class=""><small><em>Item Clause:</em> Limit one of each item</small></div><div class=""><small><em>Dynamax Clause:</em> You cannot dynamax</small></div><div class=""><small><em>Z-Move Clause:</em> Type-based Z-Moves are banned</small></div><div class="chat battle-history"><strong>jazzmat's team:</strong> <em style="color:#445566;display:block;">Dusglow / Arcanine / Magcargo-Galar / Slurpuff / Jackourd-* / Curski</em></div><div class="chat battle-history"><strong>H2OPulse's team:</strong> <em style="color:#445566;display:block;">Arcanine / Tsareena / Falinks-Terracotta / Rubulwark / Mienshao-Yaoguai / Persian-Alola</em></div><div class="chat chatmessage-h2opulse mine"><strong style="color:#6e8c2b"><small>☆</small><span class="username" data-name="H2OPulse">H2OPulse</span>:</strong> <em>Good luck and have fun!!! O:</em></div><div class="chat chatmessage-jazzmat"><strong style="color:#bf458a"><small>☆</small><span class="username" data-name="jazzmat">jazzmat</span>:</strong> <em>u2!</em></div><div class="chat"><small> regic boat joined</small></div><div class="chat chatmessage-h2opulse mine"><strong style="color:#6e8c2b"><small>☆</small><span class="username" data-name="H2OPulse">H2OPulse</span>:</strong> <em>Man</em></div><div class="chat chatmessage-h2opulse mine"><strong style="color:#6e8c2b"><small>☆</small><span class="username" data-name="H2OPulse">H2OPulse</span>:</strong> <em>I'm trying to think of how I could possibly interrupt Jackourd + Magcargo reliably</em></div><div class="chat chatmessage-h2opulse mine"><strong style="color:#6e8c2b"><small>☆</small><span class="username" data-name="H2OPulse">H2OPulse</span>:</strong> <em>They're a <i>really</i> impressive duo :'D</em></div><div class="spacer battle-history"><br></div><div class="battle-history">Battle started between jazzmat and H2OPulse!<br></div><div class="spacer battle-history"><br></div><div class="battle-history">jazzmat sent out Dog 1 (<strong>Arcanine</strong>)!<br></div><div class="spacer battle-history"><br></div><div class="battle-history">jazzmat sent out Glow Worm (<strong>Dusglow</strong>)!<br></div><div class="spacer battle-history"><br></div><div class="battle-history">Go! Laurel (<strong>Falinks-Terracotta</strong>)!<br></div><div class="spacer battle-history"><br></div><div class="battle-history">Go! Monkshood (<strong>Mienshao-Yaoguai</strong>)!<br></div><div class="battle-history">[The opposing Dog 1's Intimidate]<br></div><div class="battle-history"><small>Laurel's Attack fell!</small><br></div><div class="battle-history">[Laurel's Defiant]<br></div><div class="battle-history"><small>Laurel's Attack rose sharply!</small><br></div><div class="battle-history"><small>(Laurel used its Adrenaline Orb!)</small><br></div><div class="battle-history"><small>The Adrenaline Orb raised Laurel's Speed!</small><br></div><div class="battle-history"><small>Monkshood's Attack fell!</small><br></div><div class="chat"><ul class="utilichart"><li class="result"><span class="col pokemonnamecol" style="white-space: nowrap">Falinks-Terracotta</span> <span class="col typecol"><img src="https://play.pokemonshowdown.com/sprites/types/Fighting.png" alt="Fighting" height="14" width="32"><img src="https://play.pokemonshowdown.com/sprites/types/Rock.png" alt="Rock" height="14" width="32"></span> <span style="float: left ; min-height: 26px"><span class="col abilitycol">Solid Rock / Skill Link / Defiant</span><span class="col abilitycol"></span></span></li><li style="clear: both"></li></ul></div><div class="chat"><ul class="utilichart"><li class="result"><span style="float: left ; min-height: 26px"><span class="col statcol"><em>HP</em><br>65</span> <span class="col statcol"><em>Atk</em><br>100</span> <span class="col statcol"><em>Def</em><br>100</span> <span class="col statcol"><em>SpA</em><br>60</span> <span class="col statcol"><em>SpD</em><br>60</span> <span class="col statcol"><em>Spe</em><br>85</span> </span></li><li style="clear: both"></li></ul></div><div class="battle-history"><small>(Falinks-Terracotta was created by Hematite!)</small><br></div><div class="chat"><ul class="utilichart"><li class="result"><span class="col pokemonnamecol" style="white-space: nowrap">Mienshao-Yaoguai</span> <span class="col typecol"><img src="https://play.pokemonshowdown.com/sprites/types/Fighting.png" alt="Fighting" height="14" width="32"><img src="https://play.pokemonshowdown.com/sprites/types/Ghost.png" alt="Ghost" height="14" width="32"></span> <span style="float: left ; min-height: 26px"><span class="col abilitycol">Inner Focus / Prankster / Berserk</span><span class="col abilitycol"></span></span></li><li style="clear: both"></li></ul></div><div class="chat"><ul class="utilichart"><li class="result"><span style="float: left ; min-height: 26px"><span class="col statcol"><em>HP</em><br>65</span> <span class="col statcol"><em>Atk</em><br>125</span> <span class="col statcol"><em>Def</em><br>60</span> <span class="col statcol"><em>SpA</em><br>105</span> <span class="col statcol"><em>SpD</em><br>60</span> <span class="col statcol"><em>Spe</em><br>95</span> </span></li><li style="clear: both"></li></ul></div><div class="battle-history"><small>(Mienshao-Yaoguai was created by Hematite!)</small><br></div><div class="chat"><ul class="utilichart"><li class="result"><span class="col pokemonnamecol" style="white-space: nowrap">Dusglow</span> <span class="col typecol"><img src="https://play.pokemonshowdown.com/sprites/types/Ghost.png" alt="Ghost" height="14" width="32"><img src="https://play.pokemonshowdown.com/sprites/types/Fairy.png" alt="Fairy" height="14" width="32"></span> <span style="float: left ; min-height: 26px"><span class="col abilitycol">Pressure / Wandering Spirit</span><span class="col abilitycol"></span></span></li><li style="clear: both"></li></ul></div><div class="chat"><ul class="utilichart"><li class="result"><span style="float: left ; min-height: 26px"><span class="col statcol"><em>HP</em><br>45</span> <span class="col statcol"><em>Atk</em><br>85</span> <span class="col statcol"><em>Def</em><br>105</span> <span class="col statcol"><em>SpA</em><br>115</span> <span class="col statcol"><em>SpD</em><br>105</span> <span class="col statcol"><em>Spe</em><br>70</span> </span></li><li style="clear: both"></li></ul></div><div class="battle-history"><small>(Dusglow was created by Violet!)</small><br></div><div class="spacer battle-history"><br></div><h2 class="battle-history">Turn 1</h2><div class="chat chatmessage-jazzmat"><strong style="color:#bf458a"><small>☆</small><span class="username" data-name="jazzmat">jazzmat</span>:</strong> <em>:coldsweat:</em></div><div class="chat chatmessage-h2opulse mine"><strong style="color:#6e8c2b"><small>☆</small><span class="username" data-name="H2OPulse">H2OPulse</span>:</strong> <em>P f</em></div><div class="chat chatmessage-regicboat"><strong style="color:#7732e7"><small> </small><span class="username" data-name="regic boat">regic boat</span>:</strong> <em>fun</em></div><div class="spacer battle-history"><br></div><div class="battle-history">Laurel used <strong>Rock Slide</strong>!<br></div><div class="battle-history"><small>It's super effective on the opposing Dog 1!</small><br></div><div class="battle-history"><small>(The opposing Dog 1 lost <abbr title="−41/48 pixels">83.4–85.4%</abbr> of its health!)</small><br></div><div class="battle-history"><small>(The opposing Glow Worm lost <abbr title="−18/48 pixels">35.5–37.5%</abbr> of its health!)</small><br></div><div class="spacer battle-history"><br></div><div class="battle-history">The opposing Dog 1 used <strong>Heat Wave</strong>!<br></div><div class="battle-history"><small>It's not very effective on Laurel.</small><br></div><div class="battle-history"><small>(Laurel lost <abbr title="−23/141">16.3%</abbr> of its health!)</small><br></div><div class="battle-history"><small>(Monkshood lost <abbr title="−70/172">40.7%</abbr> of its health!)</small><br></div><div class="spacer battle-history"><br></div><div class="battle-history">Monkshood used <strong>Shadow Ball</strong>!<br></div><div class="battle-history"><small>It's super effective!</small><br></div><div class="battle-history"><small>(The opposing Glow Worm lost <abbr title="−30/48 pixels">62.5–64.5%</abbr> of its health!)</small><br></div><div class="spacer battle-history"><br></div><div class="battle-history">The opposing Glow Worm fainted!<br></div><div class="spacer battle-history"><br></div><div class="battle-history">jazzmat sent out Dwayne (<strong>Curski</strong>)!<br></div><div class="chat"><ul class="utilichart"><li class="result"><span class="col pokemonnamecol" style="white-space: nowrap">Curski</span> <span class="col typecol"><img src="https://play.pokemonshowdown.com/sprites/types/Dark.png" alt="Dark" height="14" width="32"></span> <span style="float: left ; min-height: 26px"><span class="col abilitycol">Dark Aura / Infiltrator</span><span class="col abilitycol"></span></span></li><li style="clear: both"></li></ul></div><div class="chat"><ul class="utilichart"><li class="result"><span style="float: left ; min-height: 26px"><span class="col statcol"><em>HP</em><br>50</span> <span class="col statcol"><em>Atk</em><br>117</span> <span class="col statcol"><em>Def</em><br>108</span> <span class="col statcol"><em>SpA</em><br>92</span> <span class="col statcol"><em>SpD</em><br>108</span> <span class="col statcol"><em>Spe</em><br>35</span> </span></li><li style="clear: both"></li></ul></div><div class="battle-history"><small>(Curski was created by KeroseneZanchu!)</small><br></div><div class="battle-history">[The opposing Dwayne's Dark Aura]<br><small>The opposing Dwayne is radiating a dark aura!</small><br></div><div class="spacer battle-history"><br></div><h2 class="battle-history">Turn 2</h2><div class="spacer battle-history"><br></div><div class="battle-history">jazzmat withdrew Dog 1!<br></div><div class="battle-history">jazzmat sent out Death Snail (<strong>Magcargo-Galar</strong>)!<br></div><div class="chat"><ul class="utilichart"><li class="result"><span class="col pokemonnamecol" style="white-space: nowrap">Magcargo-Galar</span> <span class="col typecol"><img src="https://play.pokemonshowdown.com/sprites/types/Steel.png" alt="Steel" height="14" width="32"><img src="https://play.pokemonshowdown.com/sprites/types/Poison.png" alt="Poison" height="14" width="32"></span> <span style="float: left ; min-height: 26px"><span class="col abilitycol">Steam Engine / Flame Body / Gooey</span><span class="col abilitycol"></span></span></li><li style="clear: both"></li></ul></div><div class="chat"><ul class="utilichart"><li class="result"><span style="float: left ; min-height: 26px"><span class="col statcol"><em>HP</em><br>60</span> <span class="col statcol"><em>Atk</em><br>50</span> <span class="col statcol"><em>Def</em><br>60</span> <span class="col statcol"><em>SpA</em><br>90</span> <span class="col statcol"><em>SpD</em><br>60</span> <span class="col statcol"><em>Spe</em><br>110</span> </span></li><li style="clear: both"></li></ul></div><div class="battle-history"><small>(Magcargo-Galar was created by quagsi!)</small><br></div><div class="spacer battle-history"><br></div><div class="battle-history">Laurel used <strong>Drain Punch</strong>!<br></div><div class="battle-history"><small>It's super effective!</small><br></div><div class="battle-history"><small>(The opposing Dwayne lost <abbr title="−48/48 pixels">100%</abbr> of its health!)</small><br></div><div class="battle-history"><small>The opposing Dwayne had its energy drained!</small><br></div><div class="spacer battle-history"><br></div><div class="battle-history">The opposing Dwayne fainted!<br></div><div class="battle-history">Monkshood used <strong>Shadow Ball</strong>!<br></div><div class="battle-history"><small>(The opposing Death Snail lost <abbr title="−31/48 pixels">62.6–64.6%</abbr> of its health!)</small><br></div><div class="chat chatmessage-jazzmat"><strong style="color:#bf458a"><small>☆</small><span class="username" data-name="jazzmat">jazzmat</span>:</strong> <em>well that's gg lmao</em></div><div class="spacer battle-history"><br></div><div class="battle-history">jazzmat sent out Dog 1 (<strong>Arcanine</strong>)!<br></div><div class="battle-history">[The opposing Dog 1's Intimidate]<br></div><div class="battle-history"><small>Laurel's Attack fell!</small><br></div><div class="battle-history">[Laurel's Defiant]<br></div><div class="battle-history"><small>Laurel's Attack rose sharply!</small><br></div><div class="battle-history"><small>Monkshood's Attack fell!</small><br></div><div class="spacer battle-history"><br></div><h2 class="battle-history">Turn 3</h2><div class="chat chatmessage-h2opulse mine"><strong style="color:#6e8c2b"><small>☆</small><span class="username" data-name="H2OPulse">H2OPulse</span>:</strong> <em>Kshdfgh perhaps :'D</em></div><div class="chat chatmessage-h2opulse mine"><strong style="color:#6e8c2b"><small>☆</small><span class="username" data-name="H2OPulse">H2OPulse</span>:</strong> <em>Good game!!!</em></div><div class="spacer battle-history"><br></div><div class="battle-history">The opposing Death Snail used <strong>Protect</strong>!<br></div><div class="battle-history"><small>The opposing Death Snail protected itself!</small><br></div><div class="spacer battle-history"><br></div><div class="battle-history">Laurel used <strong>Rock Slide</strong>!<br></div><div class="battle-history"><small>The opposing Death Snail protected itself!</small><br></div><div class="battle-history"><small>It's super effective on the opposing Dog 1!</small><br></div><div class="battle-history"><small>(The opposing Dog 1 lost <abbr title="−7/48 pixels">14.6–16.6%</abbr> of its health!)</small><br></div><div class="spacer battle-history"><br></div><div class="battle-history">The opposing Dog 1 fainted!<br></div><div class="battle-history">Monkshood used <strong>Shadow Ball</strong>!<br></div><div class="battle-history"><small>The opposing Death Snail protected itself!</small><br></div><div class="spacer battle-history"><br></div><h2 class="battle-history">Turn 4</h2><div class="spacer battle-history"><br></div><div class="battle-history">Laurel used <strong>Drain Punch</strong>!<br></div><div class="battle-history"><small>(The opposing Death Snail lost <abbr title="−17/48 pixels">35.4–37.4%</abbr> of its health!)</small><br></div><div class="spacer battle-history"><br></div><div class="battle-history">The opposing Death Snail fainted!<br></div><div class="spacer battle-history"><br></div><div class="battle-history"><strong>H2OPulse</strong> won the battle!<br></div><div class="chat chatmessage-jazzmat"><strong style="color:#bf458a"><small>☆</small><span class="username" data-name="jazzmat">jazzmat</span>:</strong> <em>you too!!</em></div><div class="chat chatmessage-jazzmat"><strong style="color:#bf458a"><small>☆</small><span class="username" data-name="jazzmat">jazzmat</span>:</strong> <em>Mienshao is a menace lmao</em></div><div class="chat chatmessage-h2opulse mine"><strong style="color:#6e8c2b"><small>☆</small><span class="username" data-name="H2OPulse">H2OPulse</span>:</strong> <em>Yeah O:</em></div></div><div class="inner-preempt message-log"></div></div></div>
</div>
<script>
let daily = Math.floor(Date.now()/1000/60/60/24);document.write('<script src="https://dragonheaven.herokuapp.com/js/replay-embed.js?version'+daily+'"></'+'script>');
</script>
