<!DOCTYPE html>
<meta charset="utf-8" />
<!-- version 1 -->
<title>[Gen 8] Evolution Project replay: jazzmat vs. abismal</title>
<style>
html,body {font-family:Verdana, sans-serif;font-size:10pt;margin:0;padding:0;}body{padding:12px 0;} .battle-log {font-family:Verdana, sans-serif;font-size:10pt;} .battle-log-inline {border:1px solid #AAAAAA;background:#EEF2F5;color:black;max-width:640px;margin:0 auto 80px;padding-bottom:5px;} .battle-log .inner {padding:4px 8px 0px 8px;} .battle-log .inner-preempt {padding:0 8px 4px 8px;} .battle-log .inner-after {margin-top:0.5em;} .battle-log h2 {margin:0.5em -8px;padding:4px 8px;border:1px solid #AAAAAA;background:#E0E7EA;border-left:0;border-right:0;font-family:Verdana, sans-serif;font-size:13pt;} .battle-log .chat {vertical-align:middle;padding:3px 0 3px 0;font-size:8pt;} .battle-log .chat strong {color:#40576A;} .battle-log .chat em {padding:1px 4px 1px 3px;color:#000000;font-style:normal;} .chat.mine {background:rgba(0,0,0,0.05);margin-left:-8px;margin-right:-8px;padding-left:8px;padding-right:8px;} .spoiler {color:#BBBBBB;background:#BBBBBB;padding:0px 3px;} .spoiler:hover, .spoiler:active, .spoiler-shown {color:#000000;background:#E2E2E2;padding:0px 3px;} .spoiler a {color:#BBBBBB;} .spoiler:hover a, .spoiler:active a, .spoiler-shown a {color:#2288CC;} .chat code, .chat .spoiler:hover code, .chat .spoiler:active code, .chat .spoiler-shown code {border:1px solid #C0C0C0;background:#EEEEEE;color:black;padding:0 2px;} .chat .spoiler code {border:1px solid #CCCCCC;background:#CCCCCC;color:#CCCCCC;} .battle-log .rated {padding:3px 4px;} .battle-log .rated strong {color:white;background:#89A;padding:1px 4px;border-radius:4px;} .spacer {margin-top:0.5em;} .message-announce {background:#6688AA;color:white;padding:1px 4px 2px;} .message-announce a, .broadcast-green a, .broadcast-blue a, .broadcast-red a {color:#DDEEFF;} .broadcast-green {background-color:#559955;color:white;padding:2px 4px;} .broadcast-blue {background-color:#6688AA;color:white;padding:2px 4px;} .infobox {border:1px solid #6688AA;padding:2px 4px;} .infobox-limited {max-height:200px;overflow:auto;overflow-x:hidden;} .broadcast-red {background-color:#AA5544;color:white;padding:2px 4px;} .message-learn-canlearn {font-weight:bold;color:#228822;text-decoration:underline;} .message-learn-cannotlearn {font-weight:bold;color:#CC2222;text-decoration:underline;} .message-effect-weak {font-weight:bold;color:#CC2222;} .message-effect-resist {font-weight:bold;color:#6688AA;} .message-effect-immune {font-weight:bold;color:#666666;} .message-learn-list {margin-top:0;margin-bottom:0;} .message-throttle-notice, .message-error {color:#992222;} .message-overflow, .chat small.message-overflow {font-size:0pt;} .message-overflow::before {font-size:9pt;content:'...';} .subtle {color:#3A4A66;}
</style>
<div class="wrapper replay-wrapper" style="max-width:1180px;margin:0 auto">
<input type="hidden" name="replayid" value="dragonheaven-gen8evolutionproject-48" />
<div class="battle"></div><div class="battle-log"></div><div class="replay-controls"></div><div class="replay-controls-2"></div>
<h1 style="font-weight:normal;text-align:center"><strong>[Gen 8] Evolution Project</strong><br /><a href="http://pokemonshowdown.com/users/jazzmat" class="subtle" target="_blank">jazzmat</a> vs. <a href="http://pokemonshowdown.com/users/abismal" class="subtle" target="_blank">abismal</a></h1>
<script type="text/plain" class="battle-log-data">|j|☆jazzmat
|j|☆abismal

|t:|1642824613
|player|p1|jazzmat|1|
|player|p2|abismal|unknownf|
|teamsize|p1|6
|teamsize|p2|6
|gametype|singles
|gen|8
|tier|[Gen 8] Evolution Project
|clearpoke
|poke|p1|Mezmir, M|
|poke|p1|Gourmant, F|
|poke|p1|Coconfetti, M|
|poke|p1|Goodra-Arctara, M|
|poke|p1|Magcargo-Galar, M|
|poke|p1|Ludicolo-Ultra, M|
|poke|p2|Wailord-Ultra, F|
|poke|p2|Electrode|
|poke|p2|Curski, M|
|poke|p2|Musasoar, F|
|poke|p2|Carnelion, M|
|poke|p2|Jynx-Variant, F|
|rule|HP Percentage Mod: HP is shown in percentages
|rule|Endless Battle Clause: Forcing endless battles is banned
|rule|OHKO Clause: OHKO moves are banned
|rule|Evasion Moves Clause: Evasion moves are banned
|rule|Species Clause: Limit one of each Pokémon
|rule|Dynamax Clause: You cannot dynamax
|rule|Sleep Clause Mod: Limit one foe put to sleep
|rule|Z-Move Clause: Type-based Z-Moves are banned
|teampreview
|c|☆abismal|glhf
|
|t:|1642824627
|start
|switch|p1a: Magcargo|Magcargo-Galar, M|100\/100
|switch|p2a: Electrode|Electrode|324\/324
|-start|p1a: Magcargo|typechange|Steel\/Poison|[silent]
|raw|<ul class="utilichart"><li class="result"><span class="col pokemonnamecol" style="white-space: nowrap">Magcargo-Galar<\/span> <span class="col typecol"><img src="https:\/\/play.pokemonshowdown.com\/sprites\/types\/Steel.png" alt="Steel" height="14" width="32"><img src="https:\/\/play.pokemonshowdown.com\/sprites\/types\/Poison.png" alt="Poison" height="14" width="32"><\/span> <span style="float: left ; min-height: 26px"><span class="col abilitycol">Steam Engine \/ Flame Body \/ Gooey<\/span><span class="col abilitycol"><\/span><\/span><\/li><li style="clear: both"><\/li><\/ul>
|raw|<ul class="utilichart"><li class="result"><span style="float: left ; min-height: 26px"><span class="col statcol"><em>HP<\/em><br>60<\/span> <span class="col statcol"><em>Atk<\/em><br>50<\/span> <span class="col statcol"><em>Def<\/em><br>60<\/span> <span class="col statcol"><em>SpA<\/em><br>90<\/span> <span class="col statcol"><em>SpD<\/em><br>60<\/span> <span class="col statcol"><em>Spe<\/em><br>110<\/span> <\/span><\/li><li style="clear: both"><\/li><\/ul>
|-hint|Magcargo-Galar was created by quagsi!
|turn|1
|c|☆jazzmat|you too!!!!
|
|t:|1642824635
|move|p2a: Electrode|Light Screen|p2a: Electrode
|-sidestart|p2: abismal|move: Light Screen
|move|p1a: Magcargo|Earth Power|p2a: Electrode
|-supereffective|p2a: Electrode
|-damage|p2a: Electrode|230\/324
|
|upkeep
|turn|2
|
|t:|1642824638
|move|p2a: Electrode|Taunt|p1a: Magcargo
|-start|p1a: Magcargo|move: Taunt
|cant|p1a: Magcargo|move: Taunt|Stealth Rock
|
|upkeep
|turn|3
|c|☆jazzmat|you've foiled my perfect plan
|
|t:|1642824656
|move|p2a: Electrode|Volt Switch|p1a: Magcargo
|-damage|p1a: Magcargo|59\/100
|
|t:|1642824665
|switch|p2a: Wailord|Wailord-Ultra, F|487\/487
|-start|p2a: Wailord|typechange|Psychic|[silent]
|raw|<ul class="utilichart"><li class="result"><span class="col pokemonnamecol" style="white-space: nowrap">Wailord-Ultra<\/span> <span class="col typecol"><img src="https:\/\/play.pokemonshowdown.com\/sprites\/types\/Psychic.png" alt="Psychic" height="14" width="32"><\/span> <span style="float: left ; min-height: 26px"><span class="col abilitycol">Illuminate \/ Oblivious \/ Beast Boost<\/span><span class="col abilitycol"><\/span><\/span><\/li><li style="clear: both"><\/li><\/ul>
|raw|<ul class="utilichart"><li class="result"><span style="float: left ; min-height: 26px"><span class="col statcol"><em>HP<\/em><br>173<\/span> <span class="col statcol"><em>Atk<\/em><br>89<\/span> <span class="col statcol"><em>Def<\/em><br>43<\/span> <span class="col statcol"><em>SpA<\/em><br>89<\/span> <span class="col statcol"><em>SpD<\/em><br>47<\/span> <span class="col statcol"><em>Spe<\/em><br>59<\/span> <\/span><\/li><li style="clear: both"><\/li><\/ul>
|-hint|Wailord-Ultra was created by abismal!
|-start|p2a: Wailord|typechange|Psychic|[silent]
|move|p1a: Magcargo|Sludge Bomb|p2a: Wailord
|-damage|p2a: Wailord|413\/487
|
|-heal|p2a: Wailord|443\/487|[from] item: Leftovers
|upkeep
|turn|4
|
|t:|1642824671
|switch|p1a: Gourmant|Gourmant, F|100\/100
|-start|p1a: Gourmant|typechange|Fire\/Dark|[silent]
|raw|<ul class="utilichart"><li class="result"><span class="col pokemonnamecol" style="white-space: nowrap">Gourmant<\/span> <span class="col typecol"><img src="https:\/\/play.pokemonshowdown.com\/sprites\/types\/Fire.png" alt="Fire" height="14" width="32"><img src="https:\/\/play.pokemonshowdown.com\/sprites\/types\/Dark.png" alt="Dark" height="14" width="32"><\/span> <span style="float: left ; min-height: 26px"><span class="col abilitycol">Gluttony \/ Flash Fire \/ White Smoke<\/span><span class="col abilitycol"><\/span><\/span><\/li><li style="clear: both"><\/li><\/ul>
|raw|<ul class="utilichart"><li class="result"><span style="float: left ; min-height: 26px"><span class="col statcol"><em>HP<\/em><br>85<\/span> <span class="col statcol"><em>Atk<\/em><br>137<\/span> <span class="col statcol"><em>Def<\/em><br>66<\/span> <span class="col statcol"><em>SpA<\/em><br>105<\/span> <span class="col statcol"><em>SpD<\/em><br>66<\/span> <span class="col statcol"><em>Spe<\/em><br>75<\/span> <\/span><\/li><li style="clear: both"><\/li><\/ul>
|-hint|Gourmant was created by quagsi!
|move|p2a: Wailord|Cosmic Power|p2a: Wailord
|-boost|p2a: Wailord|def|1
|-boost|p2a: Wailord|spd|1
|
|-heal|p2a: Wailord|473\/487|[from] item: Leftovers
|upkeep
|turn|5
|
|t:|1642824675
|switch|p2a: Jynx|Jynx-Variant, F|271\/271
|-start|p2a: Jynx|typechange|Grass\/Fighting|[silent]
|raw|<ul class="utilichart"><li class="result"><span class="col pokemonnamecol" style="white-space: nowrap">Jynx-Variant<\/span> <span class="col typecol"><img src="https:\/\/play.pokemonshowdown.com\/sprites\/types\/Grass.png" alt="Grass" height="14" width="32"><img src="https:\/\/play.pokemonshowdown.com\/sprites\/types\/Fighting.png" alt="Fighting" height="14" width="32"><\/span> <span style="float: left ; min-height: 26px"><span class="col abilitycol">Dancer \/ Flame Body \/ Flash Fire<\/span><span class="col abilitycol"><\/span><\/span><\/li><li style="clear: both"><\/li><\/ul>
|raw|<ul class="utilichart"><li class="result"><span style="float: left ; min-height: 26px"><span class="col statcol"><em>HP<\/em><br>65<\/span> <span class="col statcol"><em>Atk<\/em><br>50<\/span> <span class="col statcol"><em>Def<\/em><br>95<\/span> <span class="col statcol"><em>SpA<\/em><br>115<\/span> <span class="col statcol"><em>SpD<\/em><br>35<\/span> <span class="col statcol"><em>Spe<\/em><br>95<\/span> <\/span><\/li><li style="clear: both"><\/li><\/ul>
|-hint|Jynx-Variant was created by abismal!
|move|p1a: Gourmant|Knock Off|p2a: Jynx
|-resisted|p2a: Jynx
|-damage|p2a: Jynx|136\/271
|-enditem|p2a: Jynx|Leftovers|[from] move: Knock Off|[of] p1a: Gourmant
|
|upkeep
|turn|6
|
|t:|1642824690
|switch|p1a: Ludicolo|Ludicolo-Ultra, M|100\/100
|-start|p1a: Ludicolo|typechange|Fire\/Grass|[silent]
|-start|p1a: Ludicolo|typechange|Fire\/Grass|[silent]
|raw|<ul class="utilichart"><li class="result"><span class="col pokemonnamecol" style="white-space: nowrap">Ludicolo-Ultra<\/span> <span class="col typecol"><img src="https:\/\/play.pokemonshowdown.com\/sprites\/types\/Fire.png" alt="Fire" height="14" width="32"><img src="https:\/\/play.pokemonshowdown.com\/sprites\/types\/Grass.png" alt="Grass" height="14" width="32"><\/span> <span style="float: left ; min-height: 26px"><span class="col abilitycol">Lava Flow \/ Vital Spirit \/ Beast Boost<\/span><span class="col abilitycol"><\/span><\/span><\/li><li style="clear: both"><\/li><\/ul>
|raw|<ul class="utilichart"><li class="result"><span style="float: left ; min-height: 26px"><span class="col statcol"><em>HP<\/em><br>79<\/span> <span class="col statcol"><em>Atk<\/em><br>71<\/span> <span class="col statcol"><em>Def<\/em><br>53<\/span> <span class="col statcol"><em>SpA<\/em><br>107<\/span> <span class="col statcol"><em>SpD<\/em><br>97<\/span> <span class="col statcol"><em>Spe<\/em><br>73<\/span> <\/span><\/li><li style="clear: both"><\/li><\/ul>
|-hint|Ludicolo-Ultra was created by Violet!
|move|p2a: Jynx|Focus Blast|p1a: Ludicolo|[miss]
|-miss|p2a: Jynx|p1a: Ludicolo
|
|upkeep
|turn|7
|
|t:|1642824699
|move|p1a: Ludicolo|Fake Out|p2a: Jynx
|-damage|p2a: Jynx|112\/271
|cant|p2a: Jynx|flinch
|
|upkeep
|turn|8
|
|t:|1642824709
|move|p2a: Jynx|Focus Blast|p1a: Ludicolo
|-damage|p1a: Ludicolo|47\/100
|move|p1a: Ludicolo|Fiery Dance|p2a: Jynx
|-start|p2a: Jynx|ability: Flash Fire
|
|-heal|p1a: Ludicolo|53\/100|[from] item: Leftovers
|-sideend|p2: abismal|move: Light Screen
|upkeep
|turn|9
|c|☆jazzmat|just had to make sure
|
|t:|1642824731
|move|p2a: Jynx|Giga Drain|p1a: Ludicolo
|-resisted|p1a: Ludicolo
|-damage|p1a: Ludicolo|45\/100
|-heal|p2a: Jynx|127\/271|[from] drain|[of] p1a: Ludicolo
|move|p1a: Ludicolo|Giga Drain|p2a: Jynx
|-resisted|p2a: Jynx
|-damage|p2a: Jynx|24\/271
|-heal|p1a: Ludicolo|60\/100|[from] drain|[of] p2a: Jynx
|
|-heal|p1a: Ludicolo|66\/100|[from] item: Leftovers
|upkeep
|turn|10
|
|t:|1642824736
|move|p2a: Jynx|Focus Blast|p1a: Ludicolo
|-damage|p1a: Ludicolo|12\/100
|move|p1a: Ludicolo|Giga Drain|p2a: Jynx
|-resisted|p2a: Jynx
|-damage|p2a: Jynx|0 fnt
|-heal|p1a: Ludicolo|16\/100|[from] drain|[of] p2a: Jynx
|faint|p2a: Jynx
|-ability|p1a: Ludicolo|Beast Boost|boost
|-boost|p1a: Ludicolo|spe|1
|
|-heal|p1a: Ludicolo|22\/100|[from] item: Leftovers
|upkeep
|
|t:|1642824748
|switch|p2a: Curski|Curski, M|303\/303
|-start|p2a: Curski|typechange|Dark|[silent]
|raw|<ul class="utilichart"><li class="result"><span class="col pokemonnamecol" style="white-space: nowrap">Curski<\/span> <span class="col typecol"><img src="https:\/\/play.pokemonshowdown.com\/sprites\/types\/Dark.png" alt="Dark" height="14" width="32"><\/span> <span style="float: left ; min-height: 26px"><span class="col abilitycol">Dark Aura \/ Infiltrator<\/span><span class="col abilitycol"><\/span><\/span><\/li><li style="clear: both"><\/li><\/ul>
|raw|<ul class="utilichart"><li class="result"><span style="float: left ; min-height: 26px"><span class="col statcol"><em>HP<\/em><br>50<\/span> <span class="col statcol"><em>Atk<\/em><br>117<\/span> <span class="col statcol"><em>Def<\/em><br>108<\/span> <span class="col statcol"><em>SpA<\/em><br>92<\/span> <span class="col statcol"><em>SpD<\/em><br>108<\/span> <span class="col statcol"><em>Spe<\/em><br>35<\/span> <\/span><\/li><li style="clear: both"><\/li><\/ul>
|-hint|Curski was created by KeroseneZanchu!
|-ability|p2a: Curski|Dark Aura
|turn|11
|
|t:|1642824754
|move|p1a: Ludicolo|Giga Drain|p2a: Curski
|-damage|p2a: Curski|215\/303
|-heal|p1a: Ludicolo|34\/100|[from] drain|[of] p2a: Curski
|move|p2a: Curski|Baddy Bad|p1a: Ludicolo
|-damage|p1a: Ludicolo|0 fnt
|-sidestart|p2: abismal|Reflect
|faint|p1a: Ludicolo
|
|-heal|p2a: Curski|233\/303|[from] item: Leftovers
|upkeep
|
|t:|1642824762
|switch|p1a: Coconfetti|Coconfetti, M|100\/100
|-start|p1a: Coconfetti|typechange|Bug|[silent]
|raw|<ul class="utilichart"><li class="result"><span class="col pokemonnamecol" style="white-space: nowrap">Coconfetti<\/span> <span class="col typecol"><img src="https:\/\/play.pokemonshowdown.com\/sprites\/types\/Bug.png" alt="Bug" height="14" width="32"><\/span> <span style="float: left ; min-height: 26px"><span class="col abilitycol">Fluffy \/ Friend Guard<\/span><span class="col abilitycol"><\/span><\/span><\/li><li style="clear: both"><\/li><\/ul>
|raw|<ul class="utilichart"><li class="result"><span style="float: left ; min-height: 26px"><span class="col statcol"><em>HP<\/em><br>80<\/span> <span class="col statcol"><em>Atk<\/em><br>70<\/span> <span class="col statcol"><em>Def<\/em><br>90<\/span> <span class="col statcol"><em>SpA<\/em><br>27<\/span> <span class="col statcol"><em>SpD<\/em><br>35<\/span> <span class="col statcol"><em>Spe<\/em><br>109<\/span> <\/span><\/li><li style="clear: both"><\/li><\/ul>
|-hint|Coconfetti was created by quagsi!
|turn|12
|
|t:|1642824768
|move|p1a: Coconfetti|U-turn|p2a: Curski
|-supereffective|p2a: Curski
|-damage|p2a: Curski|161\/303
|
|t:|1642824774
|switch|p1a: Magcargo|Magcargo-Galar, M|59\/100|[from]move: U-turn
|-start|p1a: Magcargo|typechange|Steel\/Poison|[silent]
|move|p2a: Curski|Baddy Bad|p1a: Magcargo
|-crit|p1a: Magcargo
|-damage|p1a: Magcargo|0 fnt
|faint|p1a: Magcargo
|
|-heal|p2a: Curski|179\/303|[from] item: Leftovers
|upkeep
|
|t:|1642824783
|switch|p1a: Gourmant|Gourmant, F|100\/100
|-start|p1a: Gourmant|typechange|Fire\/Dark|[silent]
|turn|13
|
|t:|1642824798
|move|p1a: Gourmant|Fire Lash|p2a: Curski
|-damage|p2a: Curski|109\/303
|-unboost|p2a: Curski|def|1
|move|p2a: Curski|Rest|p2a: Curski
|-status|p2a: Curski|slp|[from] move: Rest
|-heal|p2a: Curski|303\/303 slp|[silent]
|
|upkeep
|turn|14
|
|t:|1642824807
|switch|p2a: Electrode|Electrode|230\/324
|move|p1a: Gourmant|Fire Lash|p2a: Electrode
|-damage|p2a: Electrode|115\/324
|-unboost|p2a: Electrode|def|1
|
|upkeep
|turn|15
|
|t:|1642824814
|move|p2a: Electrode|Volt Switch|p1a: Gourmant
|-damage|p1a: Gourmant|76\/100
|
|t:|1642824817
|switch|p2a: Carnelion|Carnelion, M|311\/311
|-start|p2a: Carnelion|typechange|Normal\/Rock|[silent]
|raw|<ul class="utilichart"><li class="result"><span class="col pokemonnamecol" style="white-space: nowrap">Carnelion<\/span> <span class="col typecol"><img src="https:\/\/play.pokemonshowdown.com\/sprites\/types\/Normal.png" alt="Normal" height="14" width="32"><img src="https:\/\/play.pokemonshowdown.com\/sprites\/types\/Rock.png" alt="Rock" height="14" width="32"><\/span> <span style="float: left ; min-height: 26px"><span class="col abilitycol">Limber \/ Technician \/ Unnerve<\/span><span class="col abilitycol"><\/span><\/span><\/li><li style="clear: both"><\/li><\/ul>
|raw|<ul class="utilichart"><li class="result"><span style="float: left ; min-height: 26px"><span class="col statcol"><em>HP<\/em><br>85<\/span> <span class="col statcol"><em>Atk<\/em><br>105<\/span> <span class="col statcol"><em>Def<\/em><br>70<\/span> <span class="col statcol"><em>SpA<\/em><br>95<\/span> <span class="col statcol"><em>SpD<\/em><br>70<\/span> <span class="col statcol"><em>Spe<\/em><br>120<\/span> <\/span><\/li><li style="clear: both"><\/li><\/ul>
|-hint|Carnelion was created by abismal!
|move|p1a: Gourmant|Knock Off|p2a: Carnelion
|-damage|p2a: Carnelion|155\/311
|-enditem|p2a: Carnelion|Expert Belt|[from] move: Knock Off|[of] p1a: Gourmant
|
|-sideend|p2: abismal|Reflect
|upkeep
|turn|16
|
|t:|1642824822
|move|p2a: Carnelion|Power Gem|p1a: Gourmant
|-supereffective|p1a: Gourmant
|-damage|p1a: Gourmant|0 fnt
|faint|p1a: Gourmant
|
|upkeep
|
|t:|1642824834
|switch|p1a: Goodra|Goodra-Arctara, M|100\/100
|-start|p1a: Goodra|typechange|Water\/Ice|[silent]
|raw|<ul class="utilichart"><li class="result"><span class="col pokemonnamecol" style="white-space: nowrap">Goodra-Arctara<\/span> <span class="col typecol"><img src="https:\/\/play.pokemonshowdown.com\/sprites\/types\/Water.png" alt="Water" height="14" width="32"><img src="https:\/\/play.pokemonshowdown.com\/sprites\/types\/Ice.png" alt="Ice" height="14" width="32"><\/span> <span style="float: left ; min-height: 26px"><span class="col abilitycol">Stamina \/ Hydration \/ Water Absorb<\/span><span class="col abilitycol"><\/span><\/span><\/li><li style="clear: both"><\/li><\/ul>
|raw|<ul class="utilichart"><li class="result"><span style="float: left ; min-height: 26px"><span class="col statcol"><em>HP<\/em><br>50<\/span> <span class="col statcol"><em>Atk<\/em><br>110<\/span> <span class="col statcol"><em>Def<\/em><br>70<\/span> <span class="col statcol"><em>SpA<\/em><br>110<\/span> <span class="col statcol"><em>SpD<\/em><br>150<\/span> <span class="col statcol"><em>Spe<\/em><br>110<\/span> <\/span><\/li><li style="clear: both"><\/li><\/ul>
|-hint|Goodra-Arctara was created by ausma!
|turn|17
|
|t:|1642824837
|move|p2a: Carnelion|Power Gem|p1a: Goodra
|-supereffective|p1a: Goodra
|-damage|p1a: Goodra|30\/100
|-ability|p1a: Goodra|Stamina|boost
|-boost|p1a: Goodra|def|1
|move|p1a: Goodra|Surf|p2a: Carnelion
|-supereffective|p2a: Carnelion
|-damage|p2a: Carnelion|0 fnt
|faint|p2a: Carnelion
|
|-heal|p1a: Goodra|36\/100|[from] item: Leftovers
|upkeep
|
|t:|1642824842
|switch|p2a: Electrode|Electrode|115\/324
|turn|18
|
|t:|1642824848
|move|p2a: Electrode|Volt Switch|p1a: Goodra
|-supereffective|p1a: Goodra
|-damage|p1a: Goodra|0 fnt
|faint|p1a: Goodra
|
|t:|1642824851
|switch|p2a: Musasoar|Musasoar, F|359\/359
|-start|p2a: Musasoar|typechange|Grass\/Flying|[silent]
|raw|<ul class="utilichart"><li class="result"><span class="col pokemonnamecol" style="white-space: nowrap">Musasoar<\/span> <span class="col typecol"><img src="https:\/\/play.pokemonshowdown.com\/sprites\/types\/Grass.png" alt="Grass" height="14" width="32"><img src="https:\/\/play.pokemonshowdown.com\/sprites\/types\/Flying.png" alt="Flying" height="14" width="32"><\/span> <span style="float: left ; min-height: 26px"><span class="col abilitycol">Chlorophyll \/ Leaf Guard \/ Harvest<\/span><span class="col abilitycol"><\/span><\/span><\/li><li style="clear: both"><\/li><\/ul>
|raw|<ul class="utilichart"><li class="result"><span style="float: left ; min-height: 26px"><span class="col statcol"><em>HP<\/em><br>109<\/span> <span class="col statcol"><em>Atk<\/em><br>108<\/span> <span class="col statcol"><em>Def<\/em><br>83<\/span> <span class="col statcol"><em>SpA<\/em><br>72<\/span> <span class="col statcol"><em>SpD<\/em><br>87<\/span> <span class="col statcol"><em>Spe<\/em><br>76<\/span> <\/span><\/li><li style="clear: both"><\/li><\/ul>
|-hint|Musasoar was created by Violet!
|
|upkeep
|
|t:|1642824854
|switch|p1a: Coconfetti|Coconfetti, M|100\/100
|-start|p1a: Coconfetti|typechange|Bug|[silent]
|turn|19
|
|t:|1642824858
|move|p1a: Coconfetti|Cotton Guard|p1a: Coconfetti
|-boost|p1a: Coconfetti|def|3
|move|p2a: Musasoar|Dragon Dance|p2a: Musasoar
|-boost|p2a: Musasoar|atk|1
|-boost|p2a: Musasoar|spe|1
|
|upkeep
|turn|20
|
|t:|1642824865
|switch|p2a: Electrode|Electrode|115\/324
|move|p1a: Coconfetti|Cotton Guard|p1a: Coconfetti
|-boost|p1a: Coconfetti|def|3
|
|upkeep
|turn|21
|
|t:|1642824874
|switch|p1a: Mezmir|Mezmir, M|100\/100
|-start|p1a: Mezmir|typechange|Psychic\/Fighting|[silent]
|raw|<ul class="utilichart"><li class="result"><span class="col pokemonnamecol" style="white-space: nowrap">Mezmir<\/span> <span class="col typecol"><img src="https:\/\/play.pokemonshowdown.com\/sprites\/types\/Psychic.png" alt="Psychic" height="14" width="32"><img src="https:\/\/play.pokemonshowdown.com\/sprites\/types\/Fighting.png" alt="Fighting" height="14" width="32"><\/span> <span style="float: left ; min-height: 26px"><span class="col abilitycol">Comatose \/ Forewarn \/ Inner Focus<\/span><span class="col abilitycol"><\/span><\/span><\/li><li style="clear: both"><\/li><\/ul>
|raw|<ul class="utilichart"><li class="result"><span style="float: left ; min-height: 26px"><span class="col statcol"><em>HP<\/em><br>90<\/span> <span class="col statcol"><em>Atk<\/em><br>103<\/span> <span class="col statcol"><em>Def<\/em><br>70<\/span> <span class="col statcol"><em>SpA<\/em><br>73<\/span> <span class="col statcol"><em>SpD<\/em><br>115<\/span> <span class="col statcol"><em>Spe<\/em><br>77<\/span> <\/span><\/li><li style="clear: both"><\/li><\/ul>
|-hint|Mezmir was created by quagsi!
|-ability|p1a: Mezmir|Comatose
|move|p2a: Electrode|Reflect|p2a: Electrode
|-sidestart|p2: abismal|Reflect
|
|upkeep
|turn|22
|
|t:|1642824878
|move|p2a: Electrode|Taunt|p1a: Mezmir
|-start|p1a: Mezmir|move: Taunt
|cant|p1a: Mezmir|move: Taunt|Belly Drum
|
|upkeep
|turn|23
|
|t:|1642824882
|move|p2a: Electrode|Volt Switch|p1a: Mezmir
|-damage|p1a: Mezmir|83\/100
|
|t:|1642824885
|switch|p2a: Wailord|Wailord-Ultra, F|473\/487
|-start|p2a: Wailord|typechange|Psychic|[silent]
|-start|p2a: Wailord|typechange|Psychic|[silent]
|move|p1a: Mezmir|Drain Punch|p2a: Wailord
|-resisted|p2a: Wailord
|-damage|p2a: Wailord|439\/487
|-heal|p1a: Mezmir|87\/100|[from] drain|[of] p2a: Wailord
|
|-heal|p2a: Wailord|469\/487|[from] item: Leftovers
|upkeep
|turn|24
|
|t:|1642824890
|switch|p1a: Coconfetti|Coconfetti, M|100\/100
|-start|p1a: Coconfetti|typechange|Bug|[silent]
|move|p2a: Wailord|Cosmic Power|p2a: Wailord
|-boost|p2a: Wailord|def|1
|-boost|p2a: Wailord|spd|1
|
|-heal|p2a: Wailord|487\/487|[from] item: Leftovers
|upkeep
|turn|25
|
|t:|1642824894
|move|p1a: Coconfetti|Cotton Guard|p1a: Coconfetti
|-boost|p1a: Coconfetti|def|3
|move|p2a: Wailord|Substitute|p2a: Wailord
|-start|p2a: Wailord|Substitute
|-damage|p2a: Wailord|366\/487
|
|-heal|p2a: Wailord|396\/487|[from] item: Leftovers
|upkeep
|turn|26
|
|t:|1642824896
|move|p1a: Coconfetti|Body Press|p2a: Wailord
|-resisted|p2a: Wailord
|-activate|p2a: Wailord|move: Substitute|[damage]
|move|p2a: Wailord|Cosmic Power|p2a: Wailord
|-boost|p2a: Wailord|def|1
|-boost|p2a: Wailord|spd|1
|
|-heal|p2a: Wailord|426\/487|[from] item: Leftovers
|upkeep
|turn|27
|
|t:|1642824899
|move|p1a: Coconfetti|Cotton Guard|p1a: Coconfetti
|-boost|p1a: Coconfetti|def|3
|move|p2a: Wailord|Cosmic Power|p2a: Wailord
|-boost|p2a: Wailord|def|1
|-boost|p2a: Wailord|spd|1
|
|-heal|p2a: Wailord|456\/487|[from] item: Leftovers
|upkeep
|turn|28
|
|t:|1642824901
|move|p1a: Coconfetti|Body Press|p2a: Wailord
|-resisted|p2a: Wailord
|-activate|p2a: Wailord|move: Substitute|[damage]
|move|p2a: Wailord|Cosmic Power|p2a: Wailord
|-boost|p2a: Wailord|def|1
|-boost|p2a: Wailord|spd|1
|
|-heal|p2a: Wailord|486\/487|[from] item: Leftovers
|-sideend|p2: abismal|Reflect
|upkeep
|turn|29
|
|t:|1642824903
|move|p1a: Coconfetti|Body Press|p2a: Wailord
|-resisted|p2a: Wailord
|-activate|p2a: Wailord|move: Substitute|[damage]
|move|p2a: Wailord|Substitute|p2a: Wailord
|-fail|p2a: Wailord|move: Substitute
|
|-heal|p2a: Wailord|487\/487|[from] item: Leftovers
|upkeep
|turn|30
|
|t:|1642824906
|move|p1a: Coconfetti|U-turn|p2a: Wailord
|-supereffective|p2a: Wailord
|-end|p2a: Wailord|Substitute
|
|t:|1642824908
|switch|p1a: Mezmir|Mezmir, M|87\/100|[from]move: U-turn
|-start|p1a: Mezmir|typechange|Psychic\/Fighting|[silent]
|-ability|p1a: Mezmir|Comatose
|move|p2a: Wailord|Substitute|p2a: Wailord
|-start|p2a: Wailord|Substitute
|-damage|p2a: Wailord|366\/487
|
|-heal|p2a: Wailord|396\/487|[from] item: Leftovers
|upkeep
|turn|31
|
|t:|1642824911
|move|p1a: Mezmir|Belly Drum|p1a: Mezmir
|-damage|p1a: Mezmir|38\/100
|-setboost|p1a: Mezmir|atk|6|[from] move: Belly Drum
|-enditem|p1a: Mezmir|Sitrus Berry|[eat]
|-heal|p1a: Mezmir|62\/100|[from] item: Sitrus Berry
|move|p2a: Wailord|Cosmic Power|p2a: Wailord
|-boost|p2a: Wailord|def|1
|-boost|p2a: Wailord|spd|1
|
|-heal|p2a: Wailord|426\/487|[from] item: Leftovers
|upkeep
|turn|32
|
|t:|1642824918
|move|p1a: Mezmir|Zen Headbutt|p2a: Wailord
|-resisted|p2a: Wailord
|-activate|p2a: Wailord|move: Substitute|[damage]
|move|p2a: Wailord|Cosmic Power|p2a: Wailord
|-boost|p2a: Wailord|def|1
|-boost|p2a: Wailord|spd|1
|
|-heal|p2a: Wailord|456\/487|[from] item: Leftovers
|upkeep
|turn|33
|
|t:|1642824922
|move|p1a: Mezmir|Zen Headbutt|p2a: Wailord
|-resisted|p2a: Wailord
|-end|p2a: Wailord|Substitute
|move|p2a: Wailord|Stored Power|p1a: Mezmir
|-damage|p1a: Mezmir|1\/100
|
|-heal|p2a: Wailord|486\/487|[from] item: Leftovers
|upkeep
|turn|34
|c|☆jazzmat|rip
|c|☆jazzmat|gg
|c|☆abismal|gg
|
|t:|1642824934
|move|p1a: Mezmir|Zen Headbutt|p2a: Wailord
|-resisted|p2a: Wailord
|-damage|p2a: Wailord|414\/487
|move|p2a: Wailord|Stored Power|p1a: Mezmir
|-damage|p1a: Mezmir|0 fnt
|faint|p1a: Mezmir
|
|-heal|p2a: Wailord|444\/487|[from] item: Leftovers
|upkeep
|
|t:|1642824937
|switch|p1a: Coconfetti|Coconfetti, M|100\/100
|-start|p1a: Coconfetti|typechange|Bug|[silent]
|turn|35
|
|t:|1642824938
|move|p1a: Coconfetti|U-turn|p2a: Wailord
|-supereffective|p2a: Wailord
|-damage|p2a: Wailord|390\/487
|move|p2a: Wailord|Stored Power|p1a: Coconfetti
|-damage|p1a: Coconfetti|0 fnt
|faint|p1a: Coconfetti
|
|win|abismal
|c|☆jazzmat|alright my phone's about to die but thanks for the battles
|l|☆jazzmat</script>
</div>
<div class="battle-log battle-log-inline"><div class="inner"><div class="battle-options"><div style="padding-top: 3px; padding-right: 3px; text-align: right"><button class="icon button" name="openBattleOptions" title="Options">Battle Options</button></div></div><div class="inner message-log"><div class="chat"><small>☆jazzmat and ☆abismal joined</small></div><div class=""><small>Format:</small> <br><strong>[Gen 8] Evolution Project</strong></div><div class=""><small><em>HP Percentage Mod:</em> HP is shown in percentages</small></div><div class=""><small><em>Endless Battle Clause:</em> Forcing endless battles is banned</small></div><div class=""><small><em>OHKO Clause:</em> OHKO moves are banned</small></div><div class=""><small><em>Evasion Moves Clause:</em> Evasion moves are banned</small></div><div class=""><small><em>Species Clause:</em> Limit one of each Pokémon</small></div><div class=""><small><em>Dynamax Clause:</em> You cannot dynamax</small></div><div class=""><small><em>Sleep Clause Mod:</em> Limit one foe put to sleep</small></div><div class=""><small><em>Z-Move Clause:</em> Type-based Z-Moves are banned</small></div><div class="chat battle-history"><strong>jazzmat's team:</strong> <em style="color:#445566;display:block;">Mezmir / Gourmant / Coconfetti / Goodra-Arctara / Magcargo-Galar / Ludicolo-Ultra</em></div><div class="chat battle-history"><strong>abismal's team:</strong> <em style="color:#445566;display:block;">Wailord-Ultra / Electrode / Curski / Musasoar / Carnelion / Jynx-Variant</em></div><div class="chat chatmessage-abismal mine"><strong style="color:#68a730"><small>☆</small><span class="username" data-name="abismal">abismal</span>:</strong> <em>glhf</em></div><div class="spacer battle-history"><br></div><div class="battle-history">Battle started between jazzmat and abismal!<br></div><div class="spacer battle-history"><br></div><div class="battle-history">jazzmat sent out Magcargo (<strong>Magcargo-Galar</strong>)!<br></div><div class="spacer battle-history"><br></div><div class="battle-history">Go! <strong>Electrode</strong>!<br></div><div class="chat"><ul class="utilichart"><li class="result"><span class="col pokemonnamecol" style="white-space: nowrap">Magcargo-Galar</span> <span class="col typecol"><img src="https://play.pokemonshowdown.com/sprites/types/Steel.png" alt="Steel" height="14" width="32"><img src="https://play.pokemonshowdown.com/sprites/types/Poison.png" alt="Poison" height="14" width="32"></span> <span style="float: left ; min-height: 26px"><span class="col abilitycol">Steam Engine / Flame Body / Gooey</span><span class="col abilitycol"></span></span></li><li style="clear: both"></li></ul></div><div class="chat"><ul class="utilichart"><li class="result"><span style="float: left ; min-height: 26px"><span class="col statcol"><em>HP</em><br>60</span> <span class="col statcol"><em>Atk</em><br>50</span> <span class="col statcol"><em>Def</em><br>60</span> <span class="col statcol"><em>SpA</em><br>90</span> <span class="col statcol"><em>SpD</em><br>60</span> <span class="col statcol"><em>Spe</em><br>110</span> </span></li><li style="clear: both"></li></ul></div><div class="battle-history"><small>(Magcargo-Galar was created by quagsi!)</small><br></div><div class="spacer battle-history"><br></div><h2 class="battle-history">Turn 1</h2><div class="chat chatmessage-jazzmat"><strong style="color:#bf458a"><small>☆</small><span class="username" data-name="jazzmat">jazzmat</span>:</strong> <em>you too!!!!</em></div><div class="spacer battle-history"><br></div><div class="battle-history">Electrode used <strong>Light Screen</strong>!<br></div><div class="battle-history"><small>Light Screen made your team stronger against special moves!</small><br></div><div class="spacer battle-history"><br></div><div class="battle-history">The opposing Magcargo used <strong>Earth Power</strong>!<br></div><div class="battle-history"><small>It's super effective!</small><br></div><div class="battle-history"><small>(Electrode lost <abbr title="−94/324">29.0%</abbr> of its health!)</small><br></div><div class="spacer battle-history"><br></div><h2 class="battle-history">Turn 2</h2><div class="spacer battle-history"><br></div><div class="battle-history">Electrode used <strong>Taunt</strong>!<br></div><div class="battle-history"><small>The opposing Magcargo fell for the taunt!</small><br></div><div class="spacer battle-history"><br></div><div class="battle-history">The opposing Magcargo can't use Stealth Rock after the taunt!<br></div><div class="spacer battle-history"><br></div><h2 class="battle-history">Turn 3</h2><div class="chat chatmessage-jazzmat"><strong style="color:#bf458a"><small>☆</small><span class="username" data-name="jazzmat">jazzmat</span>:</strong> <em>you've foiled my perfect plan</em></div><div class="spacer battle-history"><br></div><div class="battle-history">Electrode used <strong>Volt Switch</strong>!<br></div><div class="battle-history"><small>(The opposing Magcargo lost 41% of its health!)</small><br></div><div class="spacer battle-history"><br></div><div class="battle-history">Electrode went back to abismal!<br></div><div class="battle-history">Go! Wailord (<strong>Wailord-Ultra</strong>)!<br></div><div class="chat"><ul class="utilichart"><li class="result"><span class="col pokemonnamecol" style="white-space: nowrap">Wailord-Ultra</span> <span class="col typecol"><img src="https://play.pokemonshowdown.com/sprites/types/Psychic.png" alt="Psychic" height="14" width="32"></span> <span style="float: left ; min-height: 26px"><span class="col abilitycol">Illuminate / Oblivious / Beast Boost</span><span class="col abilitycol"></span></span></li><li style="clear: both"></li></ul></div><div class="chat"><ul class="utilichart"><li class="result"><span style="float: left ; min-height: 26px"><span class="col statcol"><em>HP</em><br>173</span> <span class="col statcol"><em>Atk</em><br>89</span> <span class="col statcol"><em>Def</em><br>43</span> <span class="col statcol"><em>SpA</em><br>89</span> <span class="col statcol"><em>SpD</em><br>47</span> <span class="col statcol"><em>Spe</em><br>59</span> </span></li><li style="clear: both"></li></ul></div><div class="battle-history"><small>(Wailord-Ultra was created by abismal!)</small><br></div><div class="spacer battle-history"><br></div><div class="battle-history">The opposing Magcargo used <strong>Sludge Bomb</strong>!<br></div><div class="battle-history"><small>(Wailord lost <abbr title="−74/487">15.2%</abbr> of its health!)</small><br></div><div class="spacer battle-history"><br></div><div class="battle-history"><small>Wailord restored a little HP using its Leftovers!</small><br></div><div class="spacer battle-history"><br></div><h2 class="battle-history">Turn 4</h2><div class="spacer battle-history"><br></div><div class="battle-history">jazzmat withdrew Magcargo!<br></div><div class="battle-history">jazzmat sent out <strong>Gourmant</strong>!<br></div><div class="chat"><ul class="utilichart"><li class="result"><span class="col pokemonnamecol" style="white-space: nowrap">Gourmant</span> <span class="col typecol"><img src="https://play.pokemonshowdown.com/sprites/types/Fire.png" alt="Fire" height="14" width="32"><img src="https://play.pokemonshowdown.com/sprites/types/Dark.png" alt="Dark" height="14" width="32"></span> <span style="float: left ; min-height: 26px"><span class="col abilitycol">Gluttony / Flash Fire / White Smoke</span><span class="col abilitycol"></span></span></li><li style="clear: both"></li></ul></div><div class="chat"><ul class="utilichart"><li class="result"><span style="float: left ; min-height: 26px"><span class="col statcol"><em>HP</em><br>85</span> <span class="col statcol"><em>Atk</em><br>137</span> <span class="col statcol"><em>Def</em><br>66</span> <span class="col statcol"><em>SpA</em><br>105</span> <span class="col statcol"><em>SpD</em><br>66</span> <span class="col statcol"><em>Spe</em><br>75</span> </span></li><li style="clear: both"></li></ul></div><div class="battle-history"><small>(Gourmant was created by quagsi!)</small><br></div><div class="spacer battle-history"><br></div><div class="battle-history">Wailord used <strong>Cosmic Power</strong>!<br></div><div class="battle-history"><small>Wailord's Defense rose!</small><br></div><div class="battle-history"><small>Wailord's Sp. Def rose!</small><br></div><div class="spacer battle-history"><br></div><div class="battle-history"><small>Wailord restored a little HP using its Leftovers!</small><br></div><div class="spacer battle-history"><br></div><h2 class="battle-history">Turn 5</h2><div class="spacer battle-history"><br></div><div class="battle-history">Wailord, come back!<br></div><div class="battle-history">Go! Jynx (<strong>Jynx-Variant</strong>)!<br></div><div class="chat"><ul class="utilichart"><li class="result"><span class="col pokemonnamecol" style="white-space: nowrap">Jynx-Variant</span> <span class="col typecol"><img src="https://play.pokemonshowdown.com/sprites/types/Grass.png" alt="Grass" height="14" width="32"><img src="https://play.pokemonshowdown.com/sprites/types/Fighting.png" alt="Fighting" height="14" width="32"></span> <span style="float: left ; min-height: 26px"><span class="col abilitycol">Dancer / Flame Body / Flash Fire</span><span class="col abilitycol"></span></span></li><li style="clear: both"></li></ul></div><div class="chat"><ul class="utilichart"><li class="result"><span style="float: left ; min-height: 26px"><span class="col statcol"><em>HP</em><br>65</span> <span class="col statcol"><em>Atk</em><br>50</span> <span class="col statcol"><em>Def</em><br>95</span> <span class="col statcol"><em>SpA</em><br>115</span> <span class="col statcol"><em>SpD</em><br>35</span> <span class="col statcol"><em>Spe</em><br>95</span> </span></li><li style="clear: both"></li></ul></div><div class="battle-history"><small>(Jynx-Variant was created by abismal!)</small><br></div><div class="spacer battle-history"><br></div><div class="battle-history">The opposing Gourmant used <strong>Knock Off</strong>!<br></div><div class="battle-history"><small>It's not very effective...</small><br></div><div class="battle-history"><small>(Jynx lost <abbr title="−135/271">49.8%</abbr> of its health!)</small><br></div><div class="battle-history"><small>The opposing Gourmant knocked off Jynx's Leftovers!</small><br></div><div class="spacer battle-history"><br></div><h2 class="battle-history">Turn 6</h2><div class="spacer battle-history"><br></div><div class="battle-history">jazzmat withdrew Gourmant!<br></div><div class="battle-history">jazzmat sent out Ludicolo (<strong>Ludicolo-Ultra</strong>)!<br></div><div class="chat"><ul class="utilichart"><li class="result"><span class="col pokemonnamecol" style="white-space: nowrap">Ludicolo-Ultra</span> <span class="col typecol"><img src="https://play.pokemonshowdown.com/sprites/types/Fire.png" alt="Fire" height="14" width="32"><img src="https://play.pokemonshowdown.com/sprites/types/Grass.png" alt="Grass" height="14" width="32"></span> <span style="float: left ; min-height: 26px"><span class="col abilitycol">Lava Flow / Vital Spirit / Beast Boost</span><span class="col abilitycol"></span></span></li><li style="clear: both"></li></ul></div><div class="chat"><ul class="utilichart"><li class="result"><span style="float: left ; min-height: 26px"><span class="col statcol"><em>HP</em><br>79</span> <span class="col statcol"><em>Atk</em><br>71</span> <span class="col statcol"><em>Def</em><br>53</span> <span class="col statcol"><em>SpA</em><br>107</span> <span class="col statcol"><em>SpD</em><br>97</span> <span class="col statcol"><em>Spe</em><br>73</span> </span></li><li style="clear: both"></li></ul></div><div class="battle-history"><small>(Ludicolo-Ultra was created by Violet!)</small><br></div><div class="spacer battle-history"><br></div><div class="battle-history">Jynx used <strong>Focus Blast</strong>!<br></div><div class="battle-history"><small>The opposing Ludicolo avoided the attack!</small><br></div><div class="spacer battle-history"><br></div><h2 class="battle-history">Turn 7</h2><div class="spacer battle-history"><br></div><div class="battle-history">The opposing Ludicolo used <strong>Fake Out</strong>!<br></div><div class="battle-history"><small>(Jynx lost <abbr title="−24/271">8.9%</abbr> of its health!)</small><br></div><div class="spacer battle-history"><br></div><div class="battle-history">Jynx flinched and couldn't move!<br></div><div class="spacer battle-history"><br></div><h2 class="battle-history">Turn 8</h2><div class="spacer battle-history"><br></div><div class="battle-history">Jynx used <strong>Focus Blast</strong>!<br></div><div class="battle-history"><small>(The opposing Ludicolo lost 53% of its health!)</small><br></div><div class="spacer battle-history"><br></div><div class="battle-history">The opposing Ludicolo used <strong>Fiery Dance</strong>!<br></div><div class="battle-history">[Jynx's Flash Fire]<br><small>The power of Jynx's Fire-type moves rose!</small><br></div><div class="spacer battle-history"><br></div><div class="battle-history"><small>The opposing Ludicolo restored a little HP using its Leftovers!</small><br></div><div class="battle-history"><small>Your team's Light Screen wore off!</small><br></div><div class="spacer battle-history"><br></div><h2 class="battle-history">Turn 9</h2><div class="chat chatmessage-jazzmat"><strong style="color:#bf458a"><small>☆</small><span class="username" data-name="jazzmat">jazzmat</span>:</strong> <em>just had to make sure</em></div><div class="spacer battle-history"><br></div><div class="battle-history">Jynx used <strong>Giga Drain</strong>!<br></div><div class="battle-history"><small>It's not very effective...</small><br></div><div class="battle-history"><small>(The opposing Ludicolo lost 8% of its health!)</small><br></div><div class="battle-history"><small>The opposing Ludicolo had its energy drained!</small><br></div><div class="spacer battle-history"><br></div><div class="battle-history">The opposing Ludicolo used <strong>Giga Drain</strong>!<br></div><div class="battle-history"><small>It's not very effective...</small><br></div><div class="battle-history"><small>(Jynx lost <abbr title="−103/271">38.0%</abbr> of its health!)</small><br></div><div class="battle-history"><small>Jynx had its energy drained!</small><br></div><div class="spacer battle-history"><br></div><div class="battle-history"><small>The opposing Ludicolo restored a little HP using its Leftovers!</small><br></div><div class="spacer battle-history"><br></div><h2 class="battle-history">Turn 10</h2><div class="spacer battle-history"><br></div><div class="battle-history">Jynx used <strong>Focus Blast</strong>!<br></div><div class="battle-history"><small>(The opposing Ludicolo lost 54% of its health!)</small><br></div><div class="spacer battle-history"><br></div><div class="battle-history">The opposing Ludicolo used <strong>Giga Drain</strong>!<br></div><div class="battle-history"><small>It's not very effective...</small><br></div><div class="battle-history"><small>(Jynx lost <abbr title="−24/271">8.9%</abbr> of its health!)</small><br></div><div class="battle-history"><small>Jynx had its energy drained!</small><br></div><div class="spacer battle-history"><br></div><div class="battle-history">Jynx fainted!<br></div><div class="battle-history">[The opposing Ludicolo's Beast Boost]<br></div><div class="battle-history"><small>The opposing Ludicolo's Speed rose!</small><br></div><div class="spacer battle-history"><br></div><div class="battle-history"><small>The opposing Ludicolo restored a little HP using its Leftovers!</small><br></div><div class="spacer battle-history"><br></div><div class="battle-history">Go! <strong>Curski</strong>!<br></div><div class="chat"><ul class="utilichart"><li class="result"><span class="col pokemonnamecol" style="white-space: nowrap">Curski</span> <span class="col typecol"><img src="https://play.pokemonshowdown.com/sprites/types/Dark.png" alt="Dark" height="14" width="32"></span> <span style="float: left ; min-height: 26px"><span class="col abilitycol">Dark Aura / Infiltrator</span><span class="col abilitycol"></span></span></li><li style="clear: both"></li></ul></div><div class="chat"><ul class="utilichart"><li class="result"><span style="float: left ; min-height: 26px"><span class="col statcol"><em>HP</em><br>50</span> <span class="col statcol"><em>Atk</em><br>117</span> <span class="col statcol"><em>Def</em><br>108</span> <span class="col statcol"><em>SpA</em><br>92</span> <span class="col statcol"><em>SpD</em><br>108</span> <span class="col statcol"><em>Spe</em><br>35</span> </span></li><li style="clear: both"></li></ul></div><div class="battle-history"><small>(Curski was created by KeroseneZanchu!)</small><br></div><div class="battle-history">[Curski's Dark Aura]<br><small>Curski is radiating a dark aura!</small><br></div><div class="spacer battle-history"><br></div><h2 class="battle-history">Turn 11</h2><div class="spacer battle-history"><br></div><div class="battle-history">The opposing Ludicolo used <strong>Giga Drain</strong>!<br></div><div class="battle-history"><small>(Curski lost <abbr title="−88/303">29.0%</abbr> of its health!)</small><br></div><div class="battle-history"><small>Curski had its energy drained!</small><br></div><div class="spacer battle-history"><br></div><div class="battle-history">Curski used <strong>Baddy Bad</strong>!<br></div><div class="battle-history"><small>(The opposing Ludicolo lost 34% of its health!)</small><br></div><div class="battle-history"><small>Reflect made your team stronger against physical moves!</small><br></div><div class="spacer battle-history"><br></div><div class="battle-history">The opposing Ludicolo fainted!<br></div><div class="spacer battle-history"><br></div><div class="battle-history"><small>Curski restored a little HP using its Leftovers!</small><br></div><div class="spacer battle-history"><br></div><div class="battle-history">jazzmat sent out <strong>Coconfetti</strong>!<br></div><div class="chat"><ul class="utilichart"><li class="result"><span class="col pokemonnamecol" style="white-space: nowrap">Coconfetti</span> <span class="col typecol"><img src="https://play.pokemonshowdown.com/sprites/types/Bug.png" alt="Bug" height="14" width="32"></span> <span style="float: left ; min-height: 26px"><span class="col abilitycol">Fluffy / Friend Guard</span><span class="col abilitycol"></span></span></li><li style="clear: both"></li></ul></div><div class="chat"><ul class="utilichart"><li class="result"><span style="float: left ; min-height: 26px"><span class="col statcol"><em>HP</em><br>80</span> <span class="col statcol"><em>Atk</em><br>70</span> <span class="col statcol"><em>Def</em><br>90</span> <span class="col statcol"><em>SpA</em><br>27</span> <span class="col statcol"><em>SpD</em><br>35</span> <span class="col statcol"><em>Spe</em><br>109</span> </span></li><li style="clear: both"></li></ul></div><div class="battle-history"><small>(Coconfetti was created by quagsi!)</small><br></div><div class="spacer battle-history"><br></div><h2 class="battle-history">Turn 12</h2><div class="spacer battle-history"><br></div><div class="battle-history">The opposing Coconfetti used <strong>U-turn</strong>!<br></div><div class="battle-history"><small>It's super effective!</small><br></div><div class="battle-history"><small>(Curski lost <abbr title="−72/303">23.8%</abbr> of its health!)</small><br></div><div class="spacer battle-history"><br></div><div class="battle-history">The opposing Coconfetti went back to jazzmat!<br></div><div class="battle-history">jazzmat sent out Magcargo (<strong>Magcargo-Galar</strong>)!<br></div><div class="spacer battle-history"><br></div><div class="battle-history">Curski used <strong>Baddy Bad</strong>!<br></div><div class="battle-history"><small>A critical hit!</small><br></div><div class="battle-history"><small>(The opposing Magcargo lost 59% of its health!)</small><br></div><div class="spacer battle-history"><br></div><div class="battle-history">The opposing Magcargo fainted!<br></div><div class="spacer battle-history"><br></div><div class="battle-history"><small>Curski restored a little HP using its Leftovers!</small><br></div><div class="spacer battle-history"><br></div><div class="battle-history">jazzmat sent out <strong>Gourmant</strong>!<br></div><div class="spacer battle-history"><br></div><h2 class="battle-history">Turn 13</h2><div class="spacer battle-history"><br></div><div class="battle-history">The opposing Gourmant used <strong>Fire Lash</strong>!<br></div><div class="battle-history"><small>(Curski lost <abbr title="−70/303">23.1%</abbr> of its health!)</small><br></div><div class="battle-history"><small>Curski's Defense fell!</small><br></div><div class="spacer battle-history"><br></div><div class="battle-history">Curski used <strong>Rest</strong>!<br></div><div class="battle-history"><small>Curski slept and became healthy!</small><br></div><div class="spacer battle-history"><br></div><h2 class="battle-history">Turn 14</h2><div class="spacer battle-history"><br></div><div class="battle-history">Curski, come back!<br></div><div class="battle-history">Go! <strong>Electrode</strong>!<br></div><div class="spacer battle-history"><br></div><div class="battle-history">The opposing Gourmant used <strong>Fire Lash</strong>!<br></div><div class="battle-history"><small>(Electrode lost <abbr title="−115/324">35.5%</abbr> of its health!)</small><br></div><div class="battle-history"><small>Electrode's Defense fell!</small><br></div><div class="spacer battle-history"><br></div><h2 class="battle-history">Turn 15</h2><div class="spacer battle-history"><br></div><div class="battle-history">Electrode used <strong>Volt Switch</strong>!<br></div><div class="battle-history"><small>(The opposing Gourmant lost 24% of its health!)</small><br></div><div class="spacer battle-history"><br></div><div class="battle-history">Electrode went back to abismal!<br></div><div class="battle-history">Go! <strong>Carnelion</strong>!<br></div><div class="chat"><ul class="utilichart"><li class="result"><span class="col pokemonnamecol" style="white-space: nowrap">Carnelion</span> <span class="col typecol"><img src="https://play.pokemonshowdown.com/sprites/types/Normal.png" alt="Normal" height="14" width="32"><img src="https://play.pokemonshowdown.com/sprites/types/Rock.png" alt="Rock" height="14" width="32"></span> <span style="float: left ; min-height: 26px"><span class="col abilitycol">Limber / Technician / Unnerve</span><span class="col abilitycol"></span></span></li><li style="clear: both"></li></ul></div><div class="chat"><ul class="utilichart"><li class="result"><span style="float: left ; min-height: 26px"><span class="col statcol"><em>HP</em><br>85</span> <span class="col statcol"><em>Atk</em><br>105</span> <span class="col statcol"><em>Def</em><br>70</span> <span class="col statcol"><em>SpA</em><br>95</span> <span class="col statcol"><em>SpD</em><br>70</span> <span class="col statcol"><em>Spe</em><br>120</span> </span></li><li style="clear: both"></li></ul></div><div class="battle-history"><small>(Carnelion was created by abismal!)</small><br></div><div class="spacer battle-history"><br></div><div class="battle-history">The opposing Gourmant used <strong>Knock Off</strong>!<br></div><div class="battle-history"><small>(Carnelion lost <abbr title="−156/311">50.2%</abbr> of its health!)</small><br></div><div class="battle-history"><small>The opposing Gourmant knocked off Carnelion's Expert Belt!</small><br></div><div class="spacer battle-history"><br></div><div class="battle-history"><small>Your team's Reflect wore off!</small><br></div><div class="spacer battle-history"><br></div><h2 class="battle-history">Turn 16</h2><div class="spacer battle-history"><br></div><div class="battle-history">Carnelion used <strong>Power Gem</strong>!<br></div><div class="battle-history"><small>It's super effective!</small><br></div><div class="battle-history"><small>(The opposing Gourmant lost 76% of its health!)</small><br></div><div class="spacer battle-history"><br></div><div class="battle-history">The opposing Gourmant fainted!<br></div><div class="spacer battle-history"><br></div><div class="battle-history">jazzmat sent out Goodra (<strong>Goodra-Arctara</strong>)!<br></div><div class="chat"><ul class="utilichart"><li class="result"><span class="col pokemonnamecol" style="white-space: nowrap">Goodra-Arctara</span> <span class="col typecol"><img src="https://play.pokemonshowdown.com/sprites/types/Water.png" alt="Water" height="14" width="32"><img src="https://play.pokemonshowdown.com/sprites/types/Ice.png" alt="Ice" height="14" width="32"></span> <span style="float: left ; min-height: 26px"><span class="col abilitycol">Stamina / Hydration / Water Absorb</span><span class="col abilitycol"></span></span></li><li style="clear: both"></li></ul></div><div class="chat"><ul class="utilichart"><li class="result"><span style="float: left ; min-height: 26px"><span class="col statcol"><em>HP</em><br>50</span> <span class="col statcol"><em>Atk</em><br>110</span> <span class="col statcol"><em>Def</em><br>70</span> <span class="col statcol"><em>SpA</em><br>110</span> <span class="col statcol"><em>SpD</em><br>150</span> <span class="col statcol"><em>Spe</em><br>110</span> </span></li><li style="clear: both"></li></ul></div><div class="battle-history"><small>(Goodra-Arctara was created by ausma!)</small><br></div><div class="spacer battle-history"><br></div><h2 class="battle-history">Turn 17</h2><div class="spacer battle-history"><br></div><div class="battle-history">Carnelion used <strong>Power Gem</strong>!<br></div><div class="battle-history"><small>It's super effective!</small><br></div><div class="battle-history"><small>(The opposing Goodra lost 70% of its health!)</small><br></div><div class="battle-history">[The opposing Goodra's Stamina]<br></div><div class="battle-history"><small>The opposing Goodra's Defense rose!</small><br></div><div class="spacer battle-history"><br></div><div class="battle-history">The opposing Goodra used <strong>Surf</strong>!<br></div><div class="battle-history"><small>It's super effective!</small><br></div><div class="battle-history"><small>(Carnelion lost <abbr title="−155/311">49.8%</abbr> of its health!)</small><br></div><div class="spacer battle-history"><br></div><div class="battle-history">Carnelion fainted!<br></div><div class="spacer battle-history"><br></div><div class="battle-history"><small>The opposing Goodra restored a little HP using its Leftovers!</small><br></div><div class="spacer battle-history"><br></div><div class="battle-history">Go! <strong>Electrode</strong>!<br></div><div class="spacer battle-history"><br></div><h2 class="battle-history">Turn 18</h2><div class="spacer battle-history"><br></div><div class="battle-history">Electrode used <strong>Volt Switch</strong>!<br></div><div class="battle-history"><small>It's super effective!</small><br></div><div class="battle-history"><small>(The opposing Goodra lost 36% of its health!)</small><br></div><div class="spacer battle-history"><br></div><div class="battle-history">The opposing Goodra fainted!<br></div><div class="spacer battle-history"><br></div><div class="battle-history">Electrode went back to abismal!<br></div><div class="battle-history">Go! <strong>Musasoar</strong>!<br></div><div class="chat"><ul class="utilichart"><li class="result"><span class="col pokemonnamecol" style="white-space: nowrap">Musasoar</span> <span class="col typecol"><img src="https://play.pokemonshowdown.com/sprites/types/Grass.png" alt="Grass" height="14" width="32"><img src="https://play.pokemonshowdown.com/sprites/types/Flying.png" alt="Flying" height="14" width="32"></span> <span style="float: left ; min-height: 26px"><span class="col abilitycol">Chlorophyll / Leaf Guard / Harvest</span><span class="col abilitycol"></span></span></li><li style="clear: both"></li></ul></div><div class="chat"><ul class="utilichart"><li class="result"><span style="float: left ; min-height: 26px"><span class="col statcol"><em>HP</em><br>109</span> <span class="col statcol"><em>Atk</em><br>108</span> <span class="col statcol"><em>Def</em><br>83</span> <span class="col statcol"><em>SpA</em><br>72</span> <span class="col statcol"><em>SpD</em><br>87</span> <span class="col statcol"><em>Spe</em><br>76</span> </span></li><li style="clear: both"></li></ul></div><div class="battle-history"><small>(Musasoar was created by Violet!)</small><br></div><div class="spacer battle-history"><br></div><div class="battle-history">jazzmat sent out <strong>Coconfetti</strong>!<br></div><div class="spacer battle-history"><br></div><h2 class="battle-history">Turn 19</h2><div class="spacer battle-history"><br></div><div class="battle-history">The opposing Coconfetti used <strong>Cotton Guard</strong>!<br></div><div class="battle-history"><small>The opposing Coconfetti's Defense rose drastically!</small><br></div><div class="spacer battle-history"><br></div><div class="battle-history">Musasoar used <strong>Dragon Dance</strong>!<br></div><div class="battle-history"><small>Musasoar's Attack rose!</small><br></div><div class="battle-history"><small>Musasoar's Speed rose!</small><br></div><div class="spacer battle-history"><br></div><h2 class="battle-history">Turn 20</h2><div class="spacer battle-history"><br></div><div class="battle-history">Musasoar, come back!<br></div><div class="battle-history">Go! <strong>Electrode</strong>!<br></div><div class="spacer battle-history"><br></div><div class="battle-history">The opposing Coconfetti used <strong>Cotton Guard</strong>!<br></div><div class="battle-history"><small>The opposing Coconfetti's Defense rose drastically!</small><br></div><div class="spacer battle-history"><br></div><h2 class="battle-history">Turn 21</h2><div class="spacer battle-history"><br></div><div class="battle-history">jazzmat withdrew Coconfetti!<br></div><div class="battle-history">jazzmat sent out <strong>Mezmir</strong>!<br></div><div class="chat"><ul class="utilichart"><li class="result"><span class="col pokemonnamecol" style="white-space: nowrap">Mezmir</span> <span class="col typecol"><img src="https://play.pokemonshowdown.com/sprites/types/Psychic.png" alt="Psychic" height="14" width="32"><img src="https://play.pokemonshowdown.com/sprites/types/Fighting.png" alt="Fighting" height="14" width="32"></span> <span style="float: left ; min-height: 26px"><span class="col abilitycol">Comatose / Forewarn / Inner Focus</span><span class="col abilitycol"></span></span></li><li style="clear: both"></li></ul></div><div class="chat"><ul class="utilichart"><li class="result"><span style="float: left ; min-height: 26px"><span class="col statcol"><em>HP</em><br>90</span> <span class="col statcol"><em>Atk</em><br>103</span> <span class="col statcol"><em>Def</em><br>70</span> <span class="col statcol"><em>SpA</em><br>73</span> <span class="col statcol"><em>SpD</em><br>115</span> <span class="col statcol"><em>Spe</em><br>77</span> </span></li><li style="clear: both"></li></ul></div><div class="battle-history"><small>(Mezmir was created by quagsi!)</small><br></div><div class="battle-history">[The opposing Mezmir's Comatose]<br><small>The opposing Mezmir is drowsing!</small><br></div><div class="spacer battle-history"><br></div><div class="battle-history">Electrode used <strong>Reflect</strong>!<br></div><div class="battle-history"><small>Reflect made your team stronger against physical moves!</small><br></div><div class="spacer battle-history"><br></div><h2 class="battle-history">Turn 22</h2><div class="spacer battle-history"><br></div><div class="battle-history">Electrode used <strong>Taunt</strong>!<br></div><div class="battle-history"><small>The opposing Mezmir fell for the taunt!</small><br></div><div class="spacer battle-history"><br></div><div class="battle-history">The opposing Mezmir can't use Belly Drum after the taunt!<br></div><div class="spacer battle-history"><br></div><h2 class="battle-history">Turn 23</h2><div class="spacer battle-history"><br></div><div class="battle-history">Electrode used <strong>Volt Switch</strong>!<br></div><div class="battle-history"><small>(The opposing Mezmir lost 17% of its health!)</small><br></div><div class="spacer battle-history"><br></div><div class="battle-history">Electrode went back to abismal!<br></div><div class="battle-history">Go! Wailord (<strong>Wailord-Ultra</strong>)!<br></div><div class="spacer battle-history"><br></div><div class="battle-history">The opposing Mezmir used <strong>Drain Punch</strong>!<br></div><div class="battle-history"><small>It's not very effective...</small><br></div><div class="battle-history"><small>(Wailord lost <abbr title="−34/487">7.0%</abbr> of its health!)</small><br></div><div class="battle-history"><small>Wailord had its energy drained!</small><br></div><div class="spacer battle-history"><br></div><div class="battle-history"><small>Wailord restored a little HP using its Leftovers!</small><br></div><div class="spacer battle-history"><br></div><h2 class="battle-history">Turn 24</h2><div class="spacer battle-history"><br></div><div class="battle-history">jazzmat withdrew Mezmir!<br></div><div class="battle-history">jazzmat sent out <strong>Coconfetti</strong>!<br></div><div class="spacer battle-history"><br></div><div class="battle-history">Wailord used <strong>Cosmic Power</strong>!<br></div><div class="battle-history"><small>Wailord's Defense rose!</small><br></div><div class="battle-history"><small>Wailord's Sp. Def rose!</small><br></div><div class="spacer battle-history"><br></div><div class="battle-history"><small>Wailord restored a little HP using its Leftovers!</small><br></div><div class="spacer battle-history"><br></div><h2 class="battle-history">Turn 25</h2><div class="spacer battle-history"><br></div><div class="battle-history">The opposing Coconfetti used <strong>Cotton Guard</strong>!<br></div><div class="battle-history"><small>The opposing Coconfetti's Defense rose drastically!</small><br></div><div class="spacer battle-history"><br></div><div class="battle-history">Wailord used <strong>Substitute</strong>!<br></div><div class="battle-history"><small>Wailord put in a substitute!</small><br></div><div class="battle-history"><small>(Wailord lost <abbr title="−121/487">24.8%</abbr> of its health!)</small><br></div><div class="spacer battle-history"><br></div><div class="battle-history"><small>Wailord restored a little HP using its Leftovers!</small><br></div><div class="spacer battle-history"><br></div><h2 class="battle-history">Turn 26</h2><div class="spacer battle-history"><br></div><div class="battle-history">The opposing Coconfetti used <strong>Body Press</strong>!<br></div><div class="battle-history"><small>It's not very effective...</small><br></div><div class="battle-history"><small>The substitute took damage for Wailord!</small><br></div><div class="spacer battle-history"><br></div><div class="battle-history">Wailord used <strong>Cosmic Power</strong>!<br></div><div class="battle-history"><small>Wailord's Defense rose!</small><br></div><div class="battle-history"><small>Wailord's Sp. Def rose!</small><br></div><div class="spacer battle-history"><br></div><div class="battle-history"><small>Wailord restored a little HP using its Leftovers!</small><br></div><div class="spacer battle-history"><br></div><h2 class="battle-history">Turn 27</h2><div class="spacer battle-history"><br></div><div class="battle-history">The opposing Coconfetti used <strong>Cotton Guard</strong>!<br></div><div class="battle-history"><small>The opposing Coconfetti's Defense rose drastically!</small><br></div><div class="spacer battle-history"><br></div><div class="battle-history">Wailord used <strong>Cosmic Power</strong>!<br></div><div class="battle-history"><small>Wailord's Defense rose!</small><br></div><div class="battle-history"><small>Wailord's Sp. Def rose!</small><br></div><div class="spacer battle-history"><br></div><div class="battle-history"><small>Wailord restored a little HP using its Leftovers!</small><br></div><div class="spacer battle-history"><br></div><h2 class="battle-history">Turn 28</h2><div class="spacer battle-history"><br></div><div class="battle-history">The opposing Coconfetti used <strong>Body Press</strong>!<br></div><div class="battle-history"><small>It's not very effective...</small><br></div><div class="battle-history"><small>The substitute took damage for Wailord!</small><br></div><div class="spacer battle-history"><br></div><div class="battle-history">Wailord used <strong>Cosmic Power</strong>!<br></div><div class="battle-history"><small>Wailord's Defense rose!</small><br></div><div class="battle-history"><small>Wailord's Sp. Def rose!</small><br></div><div class="spacer battle-history"><br></div><div class="battle-history"><small>Wailord restored a little HP using its Leftovers!</small><br></div><div class="battle-history"><small>Your team's Reflect wore off!</small><br></div><div class="spacer battle-history"><br></div><h2 class="battle-history">Turn 29</h2><div class="spacer battle-history"><br></div><div class="battle-history">The opposing Coconfetti used <strong>Body Press</strong>!<br></div><div class="battle-history"><small>It's not very effective...</small><br></div><div class="battle-history"><small>The substitute took damage for Wailord!</small><br></div><div class="spacer battle-history"><br></div><div class="battle-history">Wailord used <strong>Substitute</strong>!<br></div><div class="battle-history"><small>Wailord already has a substitute!</small><br></div><div class="spacer battle-history"><br></div><div class="battle-history"><small>Wailord restored a little HP using its Leftovers!</small><br></div><div class="spacer battle-history"><br></div><h2 class="battle-history">Turn 30</h2><div class="spacer battle-history"><br></div><div class="battle-history">The opposing Coconfetti used <strong>U-turn</strong>!<br></div><div class="battle-history"><small>It's super effective!</small><br></div><div class="battle-history"><small>Wailord's substitute faded!</small><br></div><div class="spacer battle-history"><br></div><div class="battle-history">The opposing Coconfetti went back to jazzmat!<br></div><div class="battle-history">jazzmat sent out <strong>Mezmir</strong>!<br></div><div class="battle-history">[The opposing Mezmir's Comatose]<br><small>The opposing Mezmir is drowsing!</small><br></div><div class="spacer battle-history"><br></div><div class="battle-history">Wailord used <strong>Substitute</strong>!<br></div><div class="battle-history"><small>Wailord put in a substitute!</small><br></div><div class="battle-history"><small>(Wailord lost <abbr title="−121/487">24.8%</abbr> of its health!)</small><br></div><div class="spacer battle-history"><br></div><div class="battle-history"><small>Wailord restored a little HP using its Leftovers!</small><br></div><div class="spacer battle-history"><br></div><h2 class="battle-history">Turn 31</h2><div class="spacer battle-history"><br></div><div class="battle-history">The opposing Mezmir used <strong>Belly Drum</strong>!<br></div><div class="battle-history"><small>(The opposing Mezmir lost 49% of its health!)</small><br></div><div class="battle-history"><small>The opposing Mezmir cut its own HP and maximized its Attack!</small><br></div><div class="battle-history"><small>(The opposing Mezmir ate its Sitrus Berry!)</small><br></div><div class="battle-history"><small>The opposing Mezmir restored HP using its Sitrus Berry!</small><br></div><div class="spacer battle-history"><br></div><div class="battle-history">Wailord used <strong>Cosmic Power</strong>!<br></div><div class="battle-history"><small>Wailord's Defense rose!</small><br></div><div class="battle-history"><small>Wailord's Sp. Def rose!</small><br></div><div class="spacer battle-history"><br></div><div class="battle-history"><small>Wailord restored a little HP using its Leftovers!</small><br></div><div class="spacer battle-history"><br></div><h2 class="battle-history">Turn 32</h2><div class="spacer battle-history"><br></div><div class="battle-history">The opposing Mezmir used <strong>Zen Headbutt</strong>!<br></div><div class="battle-history"><small>It's not very effective...</small><br></div><div class="battle-history"><small>The substitute took damage for Wailord!</small><br></div><div class="spacer battle-history"><br></div><div class="battle-history">Wailord used <strong>Cosmic Power</strong>!<br></div><div class="battle-history"><small>Wailord's Defense rose!</small><br></div><div class="battle-history"><small>Wailord's Sp. Def rose!</small><br></div><div class="spacer battle-history"><br></div><div class="battle-history"><small>Wailord restored a little HP using its Leftovers!</small><br></div><div class="spacer battle-history"><br></div><h2 class="battle-history">Turn 33</h2><div class="spacer battle-history"><br></div><div class="battle-history">The opposing Mezmir used <strong>Zen Headbutt</strong>!<br></div><div class="battle-history"><small>It's not very effective...</small><br></div><div class="battle-history"><small>Wailord's substitute faded!</small><br></div><div class="spacer battle-history"><br></div><div class="battle-history">Wailord used <strong>Stored Power</strong>!<br></div><div class="battle-history"><small>(The opposing Mezmir lost 61% of its health!)</small><br></div><div class="spacer battle-history"><br></div><div class="battle-history"><small>Wailord restored a little HP using its Leftovers!</small><br></div><div class="spacer battle-history"><br></div><h2 class="battle-history">Turn 34</h2><div class="chat chatmessage-jazzmat"><strong style="color:#bf458a"><small>☆</small><span class="username" data-name="jazzmat">jazzmat</span>:</strong> <em>rip</em></div><div class="chat chatmessage-jazzmat"><strong style="color:#bf458a"><small>☆</small><span class="username" data-name="jazzmat">jazzmat</span>:</strong> <em>gg</em></div><div class="chat chatmessage-abismal mine"><strong style="color:#68a730"><small>☆</small><span class="username" data-name="abismal">abismal</span>:</strong> <em>gg</em></div><div class="spacer battle-history"><br></div><div class="battle-history">The opposing Mezmir used <strong>Zen Headbutt</strong>!<br></div><div class="battle-history"><small>It's not very effective...</small><br></div><div class="battle-history"><small>(Wailord lost <abbr title="−72/487">14.8%</abbr> of its health!)</small><br></div><div class="spacer battle-history"><br></div><div class="battle-history">Wailord used <strong>Stored Power</strong>!<br></div><div class="battle-history"><small>(The opposing Mezmir lost 1% of its health!)</small><br></div><div class="spacer battle-history"><br></div><div class="battle-history">The opposing Mezmir fainted!<br></div><div class="spacer battle-history"><br></div><div class="battle-history"><small>Wailord restored a little HP using its Leftovers!</small><br></div><div class="spacer battle-history"><br></div><div class="battle-history">jazzmat sent out <strong>Coconfetti</strong>!<br></div><div class="spacer battle-history"><br></div><h2 class="battle-history">Turn 35</h2><div class="spacer battle-history"><br></div><div class="battle-history">The opposing Coconfetti used <strong>U-turn</strong>!<br></div><div class="battle-history"><small>It's super effective!</small><br></div><div class="battle-history"><small>(Wailord lost <abbr title="−54/487">11.1%</abbr> of its health!)</small><br></div><div class="spacer battle-history"><br></div><div class="battle-history">Wailord used <strong>Stored Power</strong>!<br></div><div class="battle-history"><small>(The opposing Coconfetti lost 100% of its health!)</small><br></div><div class="spacer battle-history"><br></div><div class="battle-history">The opposing Coconfetti fainted!<br></div><div class="spacer battle-history"><br></div><div class="battle-history"><strong>abismal</strong> won the battle!<br></div><div class="chat chatmessage-jazzmat"><strong style="color:#bf458a"><small>☆</small><span class="username" data-name="jazzmat">jazzmat</span>:</strong> <em>alright my phone's about to die but thanks for the battles</em></div><div class="chat"><small>☆jazzmat left</small></div></div><div class="inner-preempt message-log"></div></div></div>
</div>
<script>
let daily = Math.floor(Date.now()/1000/60/60/24);document.write('<script src="https://dragonheaven.herokuapp.com/js/replay-embed.js?version'+daily+'"></'+'script>');
</script>
