<!DOCTYPE html>
<meta charset="utf-8" />
<!-- version 1 -->
<title>[Gen 8] Evolution Project replay: inkbug1 vs. H2OPulse</title>
<style>
html,body {font-family:Verdana, sans-serif;font-size:10pt;margin:0;padding:0;}body{padding:12px 0;} .battle-log {font-family:Verdana, sans-serif;font-size:10pt;} .battle-log-inline {border:1px solid #AAAAAA;background:#EEF2F5;color:black;max-width:640px;margin:0 auto 80px;padding-bottom:5px;} .battle-log .inner {padding:4px 8px 0px 8px;} .battle-log .inner-preempt {padding:0 8px 4px 8px;} .battle-log .inner-after {margin-top:0.5em;} .battle-log h2 {margin:0.5em -8px;padding:4px 8px;border:1px solid #AAAAAA;background:#E0E7EA;border-left:0;border-right:0;font-family:Verdana, sans-serif;font-size:13pt;} .battle-log .chat {vertical-align:middle;padding:3px 0 3px 0;font-size:8pt;} .battle-log .chat strong {color:#40576A;} .battle-log .chat em {padding:1px 4px 1px 3px;color:#000000;font-style:normal;} .chat.mine {background:rgba(0,0,0,0.05);margin-left:-8px;margin-right:-8px;padding-left:8px;padding-right:8px;} .spoiler {color:#BBBBBB;background:#BBBBBB;padding:0px 3px;} .spoiler:hover, .spoiler:active, .spoiler-shown {color:#000000;background:#E2E2E2;padding:0px 3px;} .spoiler a {color:#BBBBBB;} .spoiler:hover a, .spoiler:active a, .spoiler-shown a {color:#2288CC;} .chat code, .chat .spoiler:hover code, .chat .spoiler:active code, .chat .spoiler-shown code {border:1px solid #C0C0C0;background:#EEEEEE;color:black;padding:0 2px;} .chat .spoiler code {border:1px solid #CCCCCC;background:#CCCCCC;color:#CCCCCC;} .battle-log .rated {padding:3px 4px;} .battle-log .rated strong {color:white;background:#89A;padding:1px 4px;border-radius:4px;} .spacer {margin-top:0.5em;} .message-announce {background:#6688AA;color:white;padding:1px 4px 2px;} .message-announce a, .broadcast-green a, .broadcast-blue a, .broadcast-red a {color:#DDEEFF;} .broadcast-green {background-color:#559955;color:white;padding:2px 4px;} .broadcast-blue {background-color:#6688AA;color:white;padding:2px 4px;} .infobox {border:1px solid #6688AA;padding:2px 4px;} .infobox-limited {max-height:200px;overflow:auto;overflow-x:hidden;} .broadcast-red {background-color:#AA5544;color:white;padding:2px 4px;} .message-learn-canlearn {font-weight:bold;color:#228822;text-decoration:underline;} .message-learn-cannotlearn {font-weight:bold;color:#CC2222;text-decoration:underline;} .message-effect-weak {font-weight:bold;color:#CC2222;} .message-effect-resist {font-weight:bold;color:#6688AA;} .message-effect-immune {font-weight:bold;color:#666666;} .message-learn-list {margin-top:0;margin-bottom:0;} .message-throttle-notice, .message-error {color:#992222;} .message-overflow, .chat small.message-overflow {font-size:0pt;} .message-overflow::before {font-size:9pt;content:'...';} .subtle {color:#3A4A66;}
</style>
<div class="wrapper replay-wrapper" style="max-width:1180px;margin:0 auto">
<input type="hidden" name="replayid" value="dragonheaven-gen8evolutionproject-309" />
<div class="battle"></div><div class="battle-log"></div><div class="replay-controls"></div><div class="replay-controls-2"></div>
<h1 style="font-weight:normal;text-align:center"><strong>[Gen 8] Evolution Project</strong><br /><a href="http://pokemonshowdown.com/users/inkbug1" class="subtle" target="_blank">inkbug1</a> vs. <a href="http://pokemonshowdown.com/users/h2opulse" class="subtle" target="_blank">H2OPulse</a></h1>
<script type="text/plain" class="battle-log-data">|j|☆inkbug1

|j|☆H2OPulse
|t:|1641010571
|player|p1|inkbug1|burgh|
|player|p2|H2OPulse|aetherfoundation|
|teamsize|p1|6
|teamsize|p2|6
|gametype|singles
|gen|8
|tier|[Gen 8] Evolution Project
|clearpoke
|poke|p1|Rotom|
|poke|p1|Persian-Alola, F|
|poke|p1|Alchemissus, F|
|poke|p1|Gallade, M|
|poke|p1|Scrafty, M|
|poke|p1|Dolorak, F|
|poke|p2|Mienshao-Variant, M|
|poke|p2|Rubulwark, M|
|poke|p2|Balleringue, F|
|poke|p2|Persian-Alola, M|
|poke|p2|Carnivenom, F|
|poke|p2|Vaporeon, F|
|rule|HP Percentage Mod: HP is shown in percentages
|rule|Endless Battle Clause: Forcing endless battles is banned
|rule|OHKO Clause: OHKO moves are banned
|rule|Evasion Moves Clause: Evasion moves are banned
|rule|Species Clause: Limit one of each Pokémon
|rule|Dynamax Clause: You cannot dynamax
|rule|Sleep Clause Mod: Limit one foe put to sleep
|rule|Z-Move Clause: Type-based Z-Moves are banned
|teampreview
|c|☆H2OPulse|Good luck and have fun OOO:
|c|☆inkbug1|u too !
|
|t:|1641010586
|start
|switch|p1a: Cyd|Rotom|303\/303
|switch|p2a: Drosera|Carnivenom, F|100\/100
|-start|p2a: Drosera|typechange|Grass\/Poison|[silent]
|raw|<ul class="utilichart"><li class="result"><span class="col pokemonnamecol" style="white-space: nowrap">Carnivenom<\/span> <span class="col typecol"><img src="https:\/\/play.pokemonshowdown.com\/sprites\/types\/Grass.png" alt="Grass" height="14" width="32"><img src="https:\/\/play.pokemonshowdown.com\/sprites\/types\/Poison.png" alt="Poison" height="14" width="32"><\/span> <span style="float: left ; min-height: 26px"><span class="col abilitycol">Levitate<\/span><span class="col abilitycol"><\/span><\/span><\/li><li style="clear: both"><\/li><\/ul>
|raw|<ul class="utilichart"><li class="result"><span style="float: left ; min-height: 26px"><span class="col statcol"><em>HP<\/em><br>94<\/span> <span class="col statcol"><em>Atk<\/em><br>105<\/span> <span class="col statcol"><em>Def<\/em><br>82<\/span> <span class="col statcol"><em>SpA<\/em><br>100<\/span> <span class="col statcol"><em>SpD<\/em><br>102<\/span> <span class="col statcol"><em>Spe<\/em><br>51<\/span> <\/span><\/li><li style="clear: both"><\/li><\/ul>
|-hint|Carnivenom was created by inkbug!
|turn|1
|c|☆inkbug1|mhm ok
|
|t:|1641010595
|move|p1a: Cyd|Will-O-Wisp|p2a: Drosera
|-status|p2a: Drosera|brn
|move|p2a: Drosera|Power Whip|p1a: Cyd
|-damage|p1a: Cyd|201\/303
|
|-heal|p1a: Cyd|219\/303|[from] item: Leftovers
|-damage|p2a: Drosera|94\/100 brn|[from] brn
|upkeep
|turn|2
|
|t:|1641010606
|switch|p2a: Nip|Persian-Alola, M|100\/100
|move|p1a: Cyd|Volt Switch|p2a: Nip
|-damage|p2a: Nip|61\/100
|c|☆H2OPulse|Oh man you know what would be neat to have
|c|☆inkbug1|well i have one switch here but its the same thing i did last time--
|
|t:|1641010637
|switch|p1a: Murch|Scrafty, M|334\/334
|
|upkeep
|turn|3
|c|☆H2OPulse|An Electric Surge user to counteract the various ShedRest users O:
|
|t:|1641010650
|move|p2a: Nip|Parting Shot|p1a: Murch
|-unboost|p1a: Murch|atk|1
|-unboost|p1a: Murch|spa|1
|
|t:|1641010653
|switch|p2a: Drosera|Carnivenom, F|94\/100 brn|[from]move: Parting Shot
|-start|p2a: Drosera|typechange|Grass\/Poison|[silent]
|move|p1a: Murch|Dragon Tail|p2a: Drosera
|-damage|p2a: Drosera|85\/100 brn
|drag|p2a: Nip|Persian-Alola, M|61\/100
|
|upkeep
|turn|4
|c|☆inkbug1|oh for sure yea 
|c|☆H2OPulse|Ah
|c|☆inkbug1|kjhska thats not what i 
|c|☆inkbug1|okay
|
|t:|1641010664
|move|p2a: Nip|Parting Shot|p1a: Murch
|-unboost|p1a: Murch|atk|1
|-unboost|p1a: Murch|spa|1
|
|t:|1641010678
|switch|p2a: Drosera|Carnivenom, F|85\/100 brn|[from]move: Parting Shot
|-start|p2a: Drosera|typechange|Grass\/Poison|[silent]
|move|p1a: Murch|Dragon Tail|p2a: Drosera
|-damage|p2a: Drosera|79\/100 brn
|drag|p2a: Nip|Persian-Alola, M|61\/100
|
|upkeep
|turn|5
|c|☆inkbug1|stop clicking dragon tail stupid 
|c|☆H2OPulse|This is going amazingly
|j| Badgyarde
|
|t:|1641010697
|switch|p1a: Hornet|Dolorak, F|374\/374
|-start|p1a: Hornet|typechange|Bug\/Poison|[silent]
|raw|<ul class="utilichart"><li class="result"><span class="col pokemonnamecol" style="white-space: nowrap">Dolorak<\/span> <span class="col typecol"><img src="https:\/\/play.pokemonshowdown.com\/sprites\/types\/Bug.png" alt="Bug" height="14" width="32"><img src="https:\/\/play.pokemonshowdown.com\/sprites\/types\/Poison.png" alt="Poison" height="14" width="32"><\/span> <span style="float: left ; min-height: 26px"><span class="col abilitycol">Swarm \/ Insomnia \/ Prankster<\/span><span class="col abilitycol"><\/span><\/span><\/li><li style="clear: both"><\/li><\/ul>
|raw|<ul class="utilichart"><li class="result"><span style="float: left ; min-height: 26px"><span class="col statcol"><em>HP<\/em><br>85<\/span> <span class="col statcol"><em>Atk<\/em><br>110<\/span> <span class="col statcol"><em>Def<\/em><br>80<\/span> <span class="col statcol"><em>SpA<\/em><br>70<\/span> <span class="col statcol"><em>SpD<\/em><br>80<\/span> <span class="col statcol"><em>Spe<\/em><br>90<\/span> <\/span><\/li><li style="clear: both"><\/li><\/ul>
|-hint|Dolorak was created by BlueRay!
|move|p2a: Nip|Parting Shot|p1a: Hornet
|-unboost|p1a: Hornet|atk|1
|-unboost|p1a: Hornet|spa|1
|
|t:|1641010704
|switch|p2a: Carnation|Balleringue, F|100\/100|[from]move: Parting Shot
|-start|p2a: Carnation|typechange|Bug\/Steel|[silent]
|raw|<ul class="utilichart"><li class="result"><span class="col pokemonnamecol" style="white-space: nowrap">Balleringue<\/span> <span class="col typecol"><img src="https:\/\/play.pokemonshowdown.com\/sprites\/types\/Bug.png" alt="Bug" height="14" width="32"><img src="https:\/\/play.pokemonshowdown.com\/sprites\/types\/Steel.png" alt="Steel" height="14" width="32"><\/span> <span style="float: left ; min-height: 26px"><span class="col abilitycol">Anticipation \/ Triage \/ Overcoat<\/span><span class="col abilitycol"><\/span><\/span><\/li><li style="clear: both"><\/li><\/ul>
|raw|<ul class="utilichart"><li class="result"><span style="float: left ; min-height: 26px"><span class="col statcol"><em>HP<\/em><br>80<\/span> <span class="col statcol"><em>Atk<\/em><br>109<\/span> <span class="col statcol"><em>Def<\/em><br>105<\/span> <span class="col statcol"><em>SpA<\/em><br>69<\/span> <span class="col statcol"><em>SpD<\/em><br>105<\/span> <span class="col statcol"><em>Spe<\/em><br>29<\/span> <\/span><\/li><li style="clear: both"><\/li><\/ul>
|-hint|Balleringue was created by Magmajudis!
|
|upkeep
|turn|6
|
|t:|1641010710
|move|p1a: Hornet|Lunge|p2a: Carnation
|-resisted|p2a: Carnation
|-damage|p2a: Carnation|91\/100
|-unboost|p2a: Carnation|atk|1
|move|p2a: Carnation|Gyro Ball|p1a: Hornet
|-damage|p1a: Hornet|128\/374
|-damage|p2a: Carnation|82\/100|[from] item: Life Orb
|
|upkeep
|turn|7
|
|t:|1641010720
|move|p1a: Hornet|Curse|p1a: Hornet
|-unboost|p1a: Hornet|spe|1
|-boost|p1a: Hornet|atk|1
|-boost|p1a: Hornet|def|1
|move|p2a: Carnation|Gyro Ball|p1a: Hornet
|-damage|p1a: Hornet|15\/374
|-damage|p2a: Carnation|72\/100|[from] item: Life Orb
|
|upkeep
|turn|8
|
|t:|1641010736
|switch|p1a: Cyd|Rotom|219\/303
|move|p2a: Carnation|Leech Life|p1a: Cyd
|-resisted|p1a: Cyd
|-damage|p1a: Cyd|138\/303
|-heal|p2a: Carnation|83\/100|[from] drain|[of] p1a: Cyd
|-damage|p2a: Carnation|73\/100|[from] item: Life Orb
|
|-heal|p1a: Cyd|156\/303|[from] item: Leftovers
|upkeep
|turn|9
|
|t:|1641010746
|move|p1a: Cyd|Volt Switch|p2a: Carnation
|-damage|p2a: Carnation|52\/100
|
|t:|1641010753
|switch|p1a: Murch|Scrafty, M|334\/334
|move|p2a: Carnation|Gyro Ball|p1a: Murch
|-damage|p1a: Murch|274\/334
|-damage|p2a: Carnation|43\/100|[from] item: Life Orb
|
|upkeep
|turn|10
|
|t:|1641010762
|move|p2a: Carnation|Leech Life|p1a: Murch
|-damage|p1a: Murch|196\/334
|-heal|p2a: Carnation|53\/100|[from] drain|[of] p1a: Murch
|-damage|p2a: Carnation|43\/100|[from] item: Life Orb
|move|p1a: Murch|Bulk Up|p1a: Murch
|-boost|p1a: Murch|atk|1
|-boost|p1a: Murch|def|1
|
|upkeep
|turn|11
|
|t:|1641010773
|move|p2a: Carnation|Leech Life|p1a: Murch
|-damage|p1a: Murch|145\/334
|-heal|p2a: Carnation|50\/100|[from] drain|[of] p1a: Murch
|-damage|p2a: Carnation|41\/100|[from] item: Life Orb
|move|p1a: Murch|Drain Punch|p2a: Carnation
|-damage|p2a: Carnation|10\/100
|-heal|p1a: Murch|201\/334|[from] drain|[of] p2a: Carnation
|
|upkeep
|turn|12
|c|☆H2OPulse|I cannot figure out how to deal with this
|
|t:|1641010783
|switch|p2a: Drosera|Carnivenom, F|79\/100 brn
|-start|p2a: Drosera|typechange|Grass\/Poison|[silent]
|move|p1a: Murch|Drain Punch|p2a: Drosera
|-resisted|p2a: Drosera
|-damage|p2a: Drosera|62\/100 brn
|-heal|p1a: Murch|234\/334|[from] drain|[of] p2a: Drosera
|
|-heal|p2a: Drosera|68\/100 brn|[from] item: Black Sludge
|-damage|p2a: Drosera|62\/100 brn|[from] brn
|upkeep
|turn|13
|
|t:|1641010822
|move|p2a: Drosera|Leech Seed|p1a: Murch
|-start|p1a: Murch|move: Leech Seed
|move|p1a: Murch|Dragon Tail|p2a: Drosera
|-damage|p2a: Drosera|41\/100 brn
|drag|p2a: Monkshood|Mienshao-Variant, M|100\/100
|-start|p2a: Monkshood|typechange|Fighting\/Ghost|[silent]
|raw|<ul class="utilichart"><li class="result"><span class="col pokemonnamecol" style="white-space: nowrap">Mienshao-Variant<\/span> <span class="col typecol"><img src="https:\/\/play.pokemonshowdown.com\/sprites\/types\/Fighting.png" alt="Fighting" height="14" width="32"><img src="https:\/\/play.pokemonshowdown.com\/sprites\/types\/Ghost.png" alt="Ghost" height="14" width="32"><\/span> <span style="float: left ; min-height: 26px"><span class="col abilitycol">Inner Focus \/ Prankster \/ Berserk<\/span><span class="col abilitycol"><\/span><\/span><\/li><li style="clear: both"><\/li><\/ul>
|raw|<ul class="utilichart"><li class="result"><span style="float: left ; min-height: 26px"><span class="col statcol"><em>HP<\/em><br>65<\/span> <span class="col statcol"><em>Atk<\/em><br>125<\/span> <span class="col statcol"><em>Def<\/em><br>60<\/span> <span class="col statcol"><em>SpA<\/em><br>105<\/span> <span class="col statcol"><em>SpD<\/em><br>60<\/span> <span class="col statcol"><em>Spe<\/em><br>95<\/span> <\/span><\/li><li style="clear: both"><\/li><\/ul>
|-hint|Mienshao-Variant was created by Hematite!
|
|-damage|p1a: Murch|193\/334|[from] Leech Seed|[of] p2a: Monkshood
|upkeep
|turn|14
|c|☆inkbug1|ooh ok 
|
|t:|1641010841
|switch|p1a: Mona|Alchemissus, F|273\/273
|-start|p1a: Mona|typechange|Ghost\/Poison|[silent]
|raw|<ul class="utilichart"><li class="result"><span class="col pokemonnamecol" style="white-space: nowrap">Alchemissus<\/span> <span class="col typecol"><img src="https:\/\/play.pokemonshowdown.com\/sprites\/types\/Ghost.png" alt="Ghost" height="14" width="32"><img src="https:\/\/play.pokemonshowdown.com\/sprites\/types\/Poison.png" alt="Poison" height="14" width="32"><\/span> <span style="float: left ; min-height: 26px"><span class="col abilitycol">Levitate \/ Corrosion \/ Gluttony<\/span><span class="col abilitycol"><\/span><\/span><\/li><li style="clear: both"><\/li><\/ul>
|raw|<ul class="utilichart"><li class="result"><span style="float: left ; min-height: 26px"><span class="col statcol"><em>HP<\/em><br>66<\/span> <span class="col statcol"><em>Atk<\/em><br>66<\/span> <span class="col statcol"><em>Def<\/em><br>66<\/span> <span class="col statcol"><em>SpA<\/em><br>114<\/span> <span class="col statcol"><em>SpD<\/em><br>113<\/span> <span class="col statcol"><em>Spe<\/em><br>107<\/span> <\/span><\/li><li style="clear: both"><\/li><\/ul>
|-hint|Alchemissus was created by KeroseneZanchu!
|move|p2a: Monkshood|Close Combat|p1a: Mona
|-immune|p1a: Mona
|
|upkeep
|turn|15
|c|☆H2OPulse|Hmmmmmmmm I don't
|c|☆H2OPulse|trust this
|c|☆H2OPulse|but
|
|t:|1641010858
|move|p1a: Mona|Toxic|p2a: Monkshood
|-status|p2a: Monkshood|tox
|move|p2a: Monkshood|Shadow Ball|p1a: Mona
|-supereffective|p1a: Mona
|-damage|p1a: Mona|37\/273
|
|-heal|p1a: Mona|54\/273|[from] item: Black Sludge
|-damage|p2a: Monkshood|95\/100 tox|[from] psn
|upkeep
|turn|16
|c|☆H2OPulse|Neat
|c|☆inkbug1|AH IM STUPID
|c|☆inkbug1|read too hard 
|c|☆H2OPulse|Fair,,
|
|t:|1641010893
|move|p2a: Monkshood|Me First|p1a: Mona
|move|p2a: Monkshood|Venoshock|p1a: Mona|[from]move: Me First
|-resisted|p1a: Mona
|-damage|p1a: Mona|31\/273
|move|p1a: Mona|Venoshock|p2a: Monkshood
|-resisted|p2a: Monkshood
|-damage|p2a: Monkshood|31\/100 tox
|
|-heal|p1a: Mona|48\/273|[from] item: Black Sludge
|-damage|p2a: Monkshood|19\/100 tox|[from] psn
|upkeep
|turn|17
|c|☆H2OPulse|Oof smart
|c|☆H2OPulse|Was really hoping for a Hex there
|c|☆inkbug1|yea
|
|t:|1641010926
|switch|p2a: Carnation|Balleringue, F|10\/100
|-start|p2a: Carnation|typechange|Bug\/Steel|[silent]
|move|p1a: Mona|Venoshock|p2a: Carnation
|-immune|p2a: Carnation
|
|-heal|p1a: Mona|65\/273|[from] item: Black Sludge
|upkeep
|turn|18
|c|☆inkbug1|mmmm
|c|☆H2OPulse|This was actually an awful move on my part
|c|☆inkbug1|mmmmmmm
|
|t:|1641010990
|switch|p2a: Nip|Persian-Alola, M|61\/100
|move|p1a: Mona|Hex|p2a: Nip
|-resisted|p2a: Nip
|-damage|p2a: Nip|32\/100
|
|-heal|p1a: Mona|82\/273|[from] item: Black Sludge
|upkeep
|turn|19
|c|☆inkbug1|oh great thanks
|c|☆inkbug1|leech life was barely a range to kill at 24% it maxed at like 24.9
|c|☆H2OPulse|OH huh!!
|c|☆H2OPulse|Not a risk I would have liked to take I think but good to know
|c|☆inkbug1|i wonder if itd b worth investing a couple spare points into hp or defense to make tht number a little more favorable
|c|☆inkbug1|right fair
|c|☆H2OPulse|Anyway I am getting utterly destroyed here
|
|t:|1641011092
|switch|p1a: Octo Samurai|Gallade, M|277\/277
|move|p2a: Nip|Dark Pulse|p1a: Octo Samurai
|-damage|p1a: Octo Samurai|190\/277
|-ability|p1a: Octo Samurai|Justified|boost
|-boost|p1a: Octo Samurai|atk|1
|
|upkeep
|turn|20
|
|t:|1641011098
|move|p2a: Nip|Parting Shot|p1a: Octo Samurai
|-unboost|p1a: Octo Samurai|atk|1
|-unboost|p1a: Octo Samurai|spa|1
|
|t:|1641011114
|switch|p2a: Carnation|Balleringue, F|10\/100|[from]move: Parting Shot
|-start|p2a: Carnation|typechange|Bug\/Steel|[silent]
|move|p1a: Octo Samurai|Close Combat|p2a: Carnation
|-damage|p2a: Carnation|0 fnt
|-unboost|p1a: Octo Samurai|def|1
|-unboost|p1a: Octo Samurai|spd|1
|faint|p2a: Carnation
|
|upkeep
|
|t:|1641011131
|switch|p2a: Monkshood|Mienshao-Variant, M|19\/100 tox
|-start|p2a: Monkshood|typechange|Fighting\/Ghost|[silent]
|turn|21
|
|t:|1641011152
|switch|p2a: Cattail|Vaporeon, F|100\/100
|switch|p1a: Cinnabar|Persian-Alola, F|334\/334
|
|upkeep
|turn|22
|c|☆inkbug1|oh cool hi
|c|☆H2OPulse|Hi
|
|t:|1641011162
|move|p1a: Cinnabar|Switcheroo|p2a: Cattail
|-activate|p1a: Cinnabar|move: Trick|[of] p2a: Cattail
|-item|p2a: Cattail|Choice Scarf|[from] move: Switcheroo
|-item|p1a: Cinnabar|Leftovers|[from] move: Switcheroo
|move|p2a: Cattail|Heal Bell|p2a: Cattail
|-activate|p2a: Cattail|move: Heal Bell
|-curestatus|p2: Drosera|brn|[msg]
|-curestatus|p2: Monkshood|tox|[msg]
|
|upkeep
|turn|23
|c|☆H2OPulse|MEAN
|c|☆inkbug1|asdfasdfasd
|
|t:|1641011195
|switch|p2a: Rampion|Rubulwark, M|100\/100
|-start|p2a: Rampion|typechange|Dragon\/Rock|[silent]
|raw|<ul class="utilichart"><li class="result"><span class="col pokemonnamecol" style="white-space: nowrap">Rubulwark<\/span> <span class="col typecol"><img src="https:\/\/play.pokemonshowdown.com\/sprites\/types\/Dragon.png" alt="Dragon" height="14" width="32"><img src="https:\/\/play.pokemonshowdown.com\/sprites\/types\/Rock.png" alt="Rock" height="14" width="32"><\/span> <span style="float: left ; min-height: 26px"><span class="col abilitycol">Weak Armor \/ Sheer Force \/ Mold Breaker<\/span><span class="col abilitycol"><\/span><\/span><\/li><li style="clear: both"><\/li><\/ul>
|raw|<ul class="utilichart"><li class="result"><span style="float: left ; min-height: 26px"><span class="col statcol"><em>HP<\/em><br>87<\/span> <span class="col statcol"><em>Atk<\/em><br>160<\/span> <span class="col statcol"><em>Def<\/em><br>90<\/span> <span class="col statcol"><em>SpA<\/em><br>60<\/span> <span class="col statcol"><em>SpD<\/em><br>90<\/span> <span class="col statcol"><em>Spe<\/em><br>38<\/span> <\/span><\/li><li style="clear: both"><\/li><\/ul>
|-hint|Rubulwark was created by Hematite!
|move|p1a: Cinnabar|Parting Shot|p2a: Rampion
|-unboost|p2a: Rampion|atk|1
|-unboost|p2a: Rampion|spa|1
|c|☆inkbug1|hmmm
|
|t:|1641011238
|switch|p1a: Hornet|Dolorak, F|15\/374
|-start|p1a: Hornet|typechange|Bug\/Poison|[silent]
|
|upkeep
|turn|24
|
|t:|1641011249
|move|p1a: Hornet|Toxic Spikes|p2a: Rampion
|-sidestart|p2: H2OPulse|move: Toxic Spikes
|move|p2a: Rampion|Dragon Hammer|p1a: Hornet
|-damage|p1a: Hornet|0 fnt
|faint|p1a: Hornet
|
|upkeep
|
|t:|1641011261
|switch|p1a: Murch|Scrafty, M|193\/334
|turn|25
|c|☆H2OPulse|oof and I lost my hazard control and my Poison-type is non-grounded
|c|☆H2OPulse|this is fine
|
|t:|1641011276
|move|p2a: Rampion|Dragon Hammer|p1a: Murch
|-damage|p1a: Murch|115\/334
|move|p1a: Murch|Drain Punch|p2a: Rampion
|-supereffective|p2a: Rampion
|-damage|p2a: Rampion|48\/100
|-heal|p1a: Murch|197\/334|[from] drain|[of] p2a: Rampion
|-damage|p1a: Murch|142\/334|[from] item: Rocky Helmet|[of] p2a: Rampion
|-ability|p2a: Rampion|Weak Armor|boost
|-unboost|p2a: Rampion|def|1
|-boost|p2a: Rampion|spe|2
|
|upkeep
|turn|26
|
|t:|1641011288
|move|p2a: Rampion|Dragon Hammer|p1a: Murch
|-damage|p1a: Murch|57\/334
|move|p1a: Murch|Drain Punch|p2a: Rampion
|-supereffective|p2a: Rampion
|-damage|p2a: Rampion|0 fnt
|-heal|p1a: Murch|133\/334|[from] drain|[of] p2a: Rampion
|-damage|p1a: Murch|78\/334|[from] item: Rocky Helmet|[of] p2a: Rampion
|faint|p2a: Rampion
|
|upkeep
|c|☆inkbug1|man tht hurts a lot-
|
|t:|1641011309
|switch|p2a: Monkshood|Mienshao-Variant, M|19\/100
|-status|p2a: Monkshood|psn
|-start|p2a: Monkshood|typechange|Fighting\/Ghost|[silent]
|turn|27
|c|☆inkbug1|hmmmmmmm
|c|☆inkbug1|i have 
|c|☆H2OPulse|I'm in so much danger right now
|c|☆inkbug1|a very binary set of switches here 
|
|t:|1641011360
|switch|p2a: Cattail|Vaporeon, F|100\/100
|-status|p2a: Cattail|psn
|move|p1a: Murch|Rest|p1a: Murch
|-status|p1a: Murch|slp|[from] move: Rest
|-heal|p1a: Murch|334\/334 slp|[silent]
|
|-damage|p2a: Cattail|88\/100 psn|[from] psn
|upkeep
|turn|28
|c|☆inkbug1|oh i see 
|c|☆H2OPulse|nO
|c|☆H2OPulse|okay
|
|t:|1641011373
|move|p2a: Cattail|Wish|p2a: Cattail
|cant|p1a: Murch|slp
|
|-damage|p2a: Cattail|76\/100 psn|[from] psn
|upkeep
|turn|29
|
|t:|1641011420
|switch|p2a: Monkshood|Mienshao-Variant, M|19\/100 psn
|-start|p2a: Monkshood|typechange|Fighting\/Ghost|[silent]
|cant|p1a: Murch|slp
|
|-heal|p2a: Monkshood|100\/100 psn|[from] move: Wish|[wisher] Cattail
|-damage|p2a: Monkshood|88\/100 psn|[from] psn
|upkeep
|turn|30
|
|t:|1641011427
|move|p2a: Monkshood|Close Combat|p1a: Murch
|-supereffective|p1a: Murch
|-damage|p1a: Murch|122\/334 slp
|-unboost|p2a: Monkshood|def|1
|-unboost|p2a: Monkshood|spd|1
|-curestatus|p1a: Murch|slp|[msg]
|move|p1a: Murch|Bulk Up|p1a: Murch
|-boost|p1a: Murch|atk|1
|-boost|p1a: Murch|def|1
|
|-damage|p2a: Monkshood|76\/100 psn|[from] psn
|upkeep
|turn|31
|c|☆inkbug1|mmmmmmmmmmmmmmmmmmm was that enough 
|c|☆inkbug1|tries to count
|c|☆inkbug1|i dont think so 
|
|t:|1641011462
|switch|p1a: Mona|Alchemissus, F|82\/273
|-start|p1a: Mona|typechange|Ghost\/Poison|[silent]
|move|p2a: Monkshood|Close Combat|p1a: Mona
|-immune|p1a: Mona
|
|-heal|p1a: Mona|99\/273|[from] item: Black Sludge
|-damage|p2a: Monkshood|64\/100 psn|[from] psn
|upkeep
|turn|32
|c|☆H2OPulse|I do not have a lot of options here
|c|☆H2OPulse|I'm __pretty__ sure I just lose outright
|
|t:|1641011516
|move|p1a: Mona|Venoshock|p2a: Monkshood
|-resisted|p2a: Monkshood
|-damage|p2a: Monkshood|0 fnt
|faint|p2a: Monkshood
|
|-heal|p1a: Mona|116\/273|[from] item: Black Sludge
|upkeep
|
|t:|1641011533
|switch|p2a: Nip|Persian-Alola, M|32\/100
|-status|p2a: Nip|psn
|turn|33
|c|☆inkbug1|yoouuuu are faster than me 
|c|☆inkbug1|i want to stay out but i dont want to b stupid
|
|t:|1641011561
|switch|p1a: Octo Samurai|Gallade, M|190\/277
|move|p2a: Nip|Parting Shot|p1a: Octo Samurai
|-unboost|p1a: Octo Samurai|atk|1
|-unboost|p1a: Octo Samurai|spa|1
|
|t:|1641011578
|switch|p2a: Cattail|Vaporeon, F|76\/100 psn|[from]move: Parting Shot
|
|-damage|p2a: Cattail|64\/100 psn|[from] psn
|upkeep
|turn|34
|
|t:|1641011585
|move|p1a: Octo Samurai|Swords Dance|p1a: Octo Samurai
|-boost|p1a: Octo Samurai|atk|2
|move|p2a: Cattail|Wish|p2a: Cattail
|
|-damage|p2a: Cattail|51\/100 psn|[from] psn
|upkeep
|turn|35
|
|t:|1641011599
|switch|p2a: Drosera|Carnivenom, F|41\/100
|-start|p2a: Drosera|typechange|Grass\/Poison|[silent]
|move|p1a: Octo Samurai|Swords Dance|p1a: Octo Samurai
|-boost|p1a: Octo Samurai|atk|2
|
|-heal|p2a: Drosera|99\/100|[from] move: Wish|[wisher] Cattail
|-heal|p2a: Drosera|100\/100|[from] item: Black Sludge
|upkeep
|turn|36
|c|☆H2OPulse|and now I get swept
|
|t:|1641011611
|move|p1a: Octo Samurai|Psycho Cut|p2a: Drosera
|-supereffective|p2a: Drosera
|-damage|p2a: Drosera|0 fnt
|faint|p2a: Drosera
|
|upkeep
|
|t:|1641011613
|switch|p2a: Nip|Persian-Alola, M|32\/100 psn
|turn|37
|
|t:|1641011617
|move|p2a: Nip|Dark Pulse|p1a: Octo Samurai
|-damage|p1a: Octo Samurai|103\/277
|-ability|p1a: Octo Samurai|Justified|boost
|-boost|p1a: Octo Samurai|atk|1
|move|p1a: Octo Samurai|Close Combat|p2a: Nip
|-supereffective|p2a: Nip
|-damage|p2a: Nip|0 fnt
|-unboost|p1a: Octo Samurai|def|1
|-unboost|p1a: Octo Samurai|spd|1
|faint|p2a: Nip
|
|upkeep
|
|t:|1641011620
|switch|p2a: Cattail|Vaporeon, F|51\/100 psn
|turn|38
|c|☆H2OPulse|ahe m
|c|☆H2OPulse|Good game :'D
|c|☆H2OPulse|Holy heck
|c|☆H2OPulse|This was convincing
|c|☆inkbug1|does..
|
|t:|1641011636
|move|p1a: Octo Samurai|Psycho Cut|p2a: Cattail
|-damage|p2a: Cattail|0 fnt
|faint|p2a: Cattail
|
|win|inkbug1
|c|☆inkbug1|no ok 
|c|☆inkbug1|gg oh my god it did some of the things i wanted 
|c|☆inkbug1|i think 
|c|☆inkbug1|i should probably slot out mystical fire on alchemissus given that i have not clicked it once yet</script>
</div>
<div class="battle-log battle-log-inline"><div class="inner"><div class="battle-options"><div style="padding-top: 3px; padding-right: 3px; text-align: right"><button class="icon button" name="openBattleOptions" title="Options">Battle Options</button></div></div><div class="inner message-log"><div class="chat"><small>☆inkbug1 and ☆H2OPulse joined</small></div><div class=""><small>Format:</small> <br><strong>[Gen 8] Evolution Project</strong></div><div class=""><small><em>HP Percentage Mod:</em> HP is shown in percentages</small></div><div class=""><small><em>Endless Battle Clause:</em> Forcing endless battles is banned</small></div><div class=""><small><em>OHKO Clause:</em> OHKO moves are banned</small></div><div class=""><small><em>Evasion Moves Clause:</em> Evasion moves are banned</small></div><div class=""><small><em>Species Clause:</em> Limit one of each Pokémon</small></div><div class=""><small><em>Dynamax Clause:</em> You cannot dynamax</small></div><div class=""><small><em>Sleep Clause Mod:</em> Limit one foe put to sleep</small></div><div class=""><small><em>Z-Move Clause:</em> Type-based Z-Moves are banned</small></div><div class="chat battle-history"><strong>inkbug1's team:</strong> <em style="color:#445566;display:block;">Rotom / Persian-Alola / Alchemissus / Gallade / Scrafty / Dolorak</em></div><div class="chat battle-history"><strong>H2OPulse's team:</strong> <em style="color:#445566;display:block;">Mienshao-Variant / Rubulwark / Balleringue / Persian-Alola / Carnivenom / Vaporeon</em></div><div class="chat chatmessage-h2opulse"><strong style="color:#6e8c2b"><small>☆</small><span class="username" data-name="H2OPulse">H2OPulse</span>:</strong> <em>Good luck and have fun OOO:</em></div><div class="chat chatmessage-inkbug1 mine"><strong style="color:#e46e0f"><small>☆</small><span class="username" data-name="inkbug1">inkbug1</span>:</strong> <em>u too !</em></div><div class="spacer battle-history"><br></div><div class="battle-history">Battle started between inkbug1 and H2OPulse!<br></div><div class="spacer battle-history"><br></div><div class="battle-history">Go! Cyd (<strong>Rotom</strong>)!<br></div><div class="spacer battle-history"><br></div><div class="battle-history">H2OPulse sent out Drosera (<strong>Carnivenom</strong>)!<br></div><div class="chat"><ul class="utilichart"><li class="result"><span class="col pokemonnamecol" style="white-space: nowrap">Carnivenom</span> <span class="col typecol"><img src="https://play.pokemonshowdown.com/sprites/types/Grass.png" alt="Grass" height="14" width="32"><img src="https://play.pokemonshowdown.com/sprites/types/Poison.png" alt="Poison" height="14" width="32"></span> <span style="float: left ; min-height: 26px"><span class="col abilitycol">Levitate</span><span class="col abilitycol"></span></span></li><li style="clear: both"></li></ul></div><div class="chat"><ul class="utilichart"><li class="result"><span style="float: left ; min-height: 26px"><span class="col statcol"><em>HP</em><br>94</span> <span class="col statcol"><em>Atk</em><br>105</span> <span class="col statcol"><em>Def</em><br>82</span> <span class="col statcol"><em>SpA</em><br>100</span> <span class="col statcol"><em>SpD</em><br>102</span> <span class="col statcol"><em>Spe</em><br>51</span> </span></li><li style="clear: both"></li></ul></div><div class="battle-history"><small>(Carnivenom was created by inkbug!)</small><br></div><div class="spacer battle-history"><br></div><h2 class="battle-history">Turn 1</h2><div class="chat chatmessage-inkbug1 mine"><strong style="color:#e46e0f"><small>☆</small><span class="username" data-name="inkbug1">inkbug1</span>:</strong> <em>mhm ok</em></div><div class="spacer battle-history"><br></div><div class="battle-history">Cyd used <strong>Will-O-Wisp</strong>!<br></div><div class="battle-history"><small>The opposing Drosera was burned!</small><br></div><div class="spacer battle-history"><br></div><div class="battle-history">The opposing Drosera used <strong>Power Whip</strong>!<br></div><div class="battle-history"><small>(Cyd lost <abbr title="−102/303">33.7%</abbr> of its health!)</small><br></div><div class="spacer battle-history"><br></div><div class="battle-history"><small>Cyd restored a little HP using its Leftovers!</small><br></div><div class="battle-history"><small>The opposing Drosera was hurt by its burn!</small><br></div><div class="spacer battle-history"><br></div><h2 class="battle-history">Turn 2</h2><div class="spacer battle-history"><br></div><div class="battle-history">H2OPulse withdrew Drosera!<br></div><div class="battle-history">H2OPulse sent out Nip (<strong>Persian-Alola</strong>)!<br></div><div class="spacer battle-history"><br></div><div class="battle-history">Cyd used <strong>Volt Switch</strong>!<br></div><div class="battle-history"><small>(The opposing Nip lost 39% of its health!)</small><br></div><div class="chat chatmessage-h2opulse"><strong style="color:#6e8c2b"><small>☆</small><span class="username" data-name="H2OPulse">H2OPulse</span>:</strong> <em>Oh man you know what would be neat to have</em></div><div class="chat chatmessage-inkbug1 mine"><strong style="color:#e46e0f"><small>☆</small><span class="username" data-name="inkbug1">inkbug1</span>:</strong> <em>well i have one switch here but its the same thing i did last time--</em></div><div class="spacer battle-history"><br></div><div class="battle-history">Cyd went back to inkbug1!<br></div><div class="battle-history">Go! Murch (<strong>Scrafty</strong>)!<br></div><div class="spacer battle-history"><br></div><h2 class="battle-history">Turn 3</h2><div class="chat chatmessage-h2opulse"><strong style="color:#6e8c2b"><small>☆</small><span class="username" data-name="H2OPulse">H2OPulse</span>:</strong> <em>An Electric Surge user to counteract the various ShedRest users O:</em></div><div class="spacer battle-history"><br></div><div class="battle-history">The opposing Nip used <strong>Parting Shot</strong>!<br></div><div class="battle-history"><small>Murch's Attack fell!</small><br></div><div class="battle-history"><small>Murch's Sp. Atk fell!</small><br></div><div class="spacer battle-history"><br></div><div class="battle-history">H2OPulse withdrew Nip!<br></div><div class="battle-history">H2OPulse sent out Drosera (<strong>Carnivenom</strong>)!<br></div><div class="spacer battle-history"><br></div><div class="battle-history">Murch used <strong>Dragon Tail</strong>!<br></div><div class="battle-history"><small>(The opposing Drosera lost 9% of its health!)</small><br></div><div class="spacer battle-history"><br></div><div class="battle-history">Nip (<strong>Persian-Alola</strong>) was dragged out!<br></div><div class="spacer battle-history"><br></div><h2 class="battle-history">Turn 4</h2><div class="chat chatmessage-inkbug1 mine"><strong style="color:#e46e0f"><small>☆</small><span class="username" data-name="inkbug1">inkbug1</span>:</strong> <em>oh for sure yea </em></div><div class="chat chatmessage-h2opulse"><strong style="color:#6e8c2b"><small>☆</small><span class="username" data-name="H2OPulse">H2OPulse</span>:</strong> <em>Ah</em></div><div class="chat chatmessage-inkbug1 mine"><strong style="color:#e46e0f"><small>☆</small><span class="username" data-name="inkbug1">inkbug1</span>:</strong> <em>kjhska thats not what i </em></div><div class="chat chatmessage-inkbug1 mine"><strong style="color:#e46e0f"><small>☆</small><span class="username" data-name="inkbug1">inkbug1</span>:</strong> <em>okay</em></div><div class="spacer battle-history"><br></div><div class="battle-history">The opposing Nip used <strong>Parting Shot</strong>!<br></div><div class="battle-history"><small>Murch's Attack fell!</small><br></div><div class="battle-history"><small>Murch's Sp. Atk fell!</small><br></div><div class="spacer battle-history"><br></div><div class="battle-history">H2OPulse withdrew Nip!<br></div><div class="battle-history">H2OPulse sent out Drosera (<strong>Carnivenom</strong>)!<br></div><div class="spacer battle-history"><br></div><div class="battle-history">Murch used <strong>Dragon Tail</strong>!<br></div><div class="battle-history"><small>(The opposing Drosera lost 6% of its health!)</small><br></div><div class="spacer battle-history"><br></div><div class="battle-history">Nip (<strong>Persian-Alola</strong>) was dragged out!<br></div><div class="spacer battle-history"><br></div><h2 class="battle-history">Turn 5</h2><div class="chat chatmessage-inkbug1 mine"><strong style="color:#e46e0f"><small>☆</small><span class="username" data-name="inkbug1">inkbug1</span>:</strong> <em>stop clicking dragon tail stupid </em></div><div class="chat chatmessage-h2opulse"><strong style="color:#6e8c2b"><small>☆</small><span class="username" data-name="H2OPulse">H2OPulse</span>:</strong> <em>This is going amazingly</em></div><div class="chat"><small> Badgyarde joined</small></div><div class="spacer battle-history"><br></div><div class="battle-history">Murch, come back!<br></div><div class="battle-history">Go! Hornet (<strong>Dolorak</strong>)!<br></div><div class="chat"><ul class="utilichart"><li class="result"><span class="col pokemonnamecol" style="white-space: nowrap">Dolorak</span> <span class="col typecol"><img src="https://play.pokemonshowdown.com/sprites/types/Bug.png" alt="Bug" height="14" width="32"><img src="https://play.pokemonshowdown.com/sprites/types/Poison.png" alt="Poison" height="14" width="32"></span> <span style="float: left ; min-height: 26px"><span class="col abilitycol">Swarm / Insomnia / Prankster</span><span class="col abilitycol"></span></span></li><li style="clear: both"></li></ul></div><div class="chat"><ul class="utilichart"><li class="result"><span style="float: left ; min-height: 26px"><span class="col statcol"><em>HP</em><br>85</span> <span class="col statcol"><em>Atk</em><br>110</span> <span class="col statcol"><em>Def</em><br>80</span> <span class="col statcol"><em>SpA</em><br>70</span> <span class="col statcol"><em>SpD</em><br>80</span> <span class="col statcol"><em>Spe</em><br>90</span> </span></li><li style="clear: both"></li></ul></div><div class="battle-history"><small>(Dolorak was created by BlueRay!)</small><br></div><div class="spacer battle-history"><br></div><div class="battle-history">The opposing Nip used <strong>Parting Shot</strong>!<br></div><div class="battle-history"><small>Hornet's Attack fell!</small><br></div><div class="battle-history"><small>Hornet's Sp. Atk fell!</small><br></div><div class="spacer battle-history"><br></div><div class="battle-history">H2OPulse withdrew Nip!<br></div><div class="battle-history">H2OPulse sent out Carnation (<strong>Balleringue</strong>)!<br></div><div class="chat"><ul class="utilichart"><li class="result"><span class="col pokemonnamecol" style="white-space: nowrap">Balleringue</span> <span class="col typecol"><img src="https://play.pokemonshowdown.com/sprites/types/Bug.png" alt="Bug" height="14" width="32"><img src="https://play.pokemonshowdown.com/sprites/types/Steel.png" alt="Steel" height="14" width="32"></span> <span style="float: left ; min-height: 26px"><span class="col abilitycol">Anticipation / Triage / Overcoat</span><span class="col abilitycol"></span></span></li><li style="clear: both"></li></ul></div><div class="chat"><ul class="utilichart"><li class="result"><span style="float: left ; min-height: 26px"><span class="col statcol"><em>HP</em><br>80</span> <span class="col statcol"><em>Atk</em><br>109</span> <span class="col statcol"><em>Def</em><br>105</span> <span class="col statcol"><em>SpA</em><br>69</span> <span class="col statcol"><em>SpD</em><br>105</span> <span class="col statcol"><em>Spe</em><br>29</span> </span></li><li style="clear: both"></li></ul></div><div class="battle-history"><small>(Balleringue was created by Magmajudis!)</small><br></div><div class="spacer battle-history"><br></div><h2 class="battle-history">Turn 6</h2><div class="spacer battle-history"><br></div><div class="battle-history">Hornet used <strong>Lunge</strong>!<br></div><div class="battle-history"><small>It's not very effective...</small><br></div><div class="battle-history"><small>(The opposing Carnation lost 9% of its health!)</small><br></div><div class="battle-history"><small>The opposing Carnation's Attack fell!</small><br></div><div class="spacer battle-history"><br></div><div class="battle-history">The opposing Carnation used <strong>Gyro Ball</strong>!<br></div><div class="battle-history"><small>(Hornet lost <abbr title="−246/374">65.8%</abbr> of its health!)</small><br></div><div class="battle-history"><small>The opposing Carnation lost some of its HP!</small><br></div><div class="spacer battle-history"><br></div><h2 class="battle-history">Turn 7</h2><div class="spacer battle-history"><br></div><div class="battle-history">Hornet used <strong>Curse</strong>!<br></div><div class="battle-history"><small>Hornet's Speed fell!</small><br></div><div class="battle-history"><small>Hornet's Attack rose!</small><br></div><div class="battle-history"><small>Hornet's Defense rose!</small><br></div><div class="spacer battle-history"><br></div><div class="battle-history">The opposing Carnation used <strong>Gyro Ball</strong>!<br></div><div class="battle-history"><small>(Hornet lost <abbr title="−113/374">30.2%</abbr> of its health!)</small><br></div><div class="battle-history"><small>The opposing Carnation lost some of its HP!</small><br></div><div class="spacer battle-history"><br></div><h2 class="battle-history">Turn 8</h2><div class="spacer battle-history"><br></div><div class="battle-history">Hornet, come back!<br></div><div class="battle-history">Go! Cyd (<strong>Rotom</strong>)!<br></div><div class="spacer battle-history"><br></div><div class="battle-history">The opposing Carnation used <strong>Leech Life</strong>!<br></div><div class="battle-history"><small>It's not very effective...</small><br></div><div class="battle-history"><small>(Cyd lost <abbr title="−81/303">26.7%</abbr> of its health!)</small><br></div><div class="battle-history"><small>Cyd had its energy drained!</small><br></div><div class="battle-history"><small>The opposing Carnation lost some of its HP!</small><br></div><div class="spacer battle-history"><br></div><div class="battle-history"><small>Cyd restored a little HP using its Leftovers!</small><br></div><div class="spacer battle-history"><br></div><h2 class="battle-history">Turn 9</h2><div class="spacer battle-history"><br></div><div class="battle-history">Cyd used <strong>Volt Switch</strong>!<br></div><div class="battle-history"><small>(The opposing Carnation lost 21% of its health!)</small><br></div><div class="spacer battle-history"><br></div><div class="battle-history">Cyd went back to inkbug1!<br></div><div class="battle-history">Go! Murch (<strong>Scrafty</strong>)!<br></div><div class="spacer battle-history"><br></div><div class="battle-history">The opposing Carnation used <strong>Gyro Ball</strong>!<br></div><div class="battle-history"><small>(Murch lost <abbr title="−60/334">18.0%</abbr> of its health!)</small><br></div><div class="battle-history"><small>The opposing Carnation lost some of its HP!</small><br></div><div class="spacer battle-history"><br></div><h2 class="battle-history">Turn 10</h2><div class="spacer battle-history"><br></div><div class="battle-history">The opposing Carnation used <strong>Leech Life</strong>!<br></div><div class="battle-history"><small>(Murch lost <abbr title="−78/334">23.4%</abbr> of its health!)</small><br></div><div class="battle-history"><small>Murch had its energy drained!</small><br></div><div class="battle-history"><small>The opposing Carnation lost some of its HP!</small><br></div><div class="spacer battle-history"><br></div><div class="battle-history">Murch used <strong>Bulk Up</strong>!<br></div><div class="battle-history"><small>Murch's Attack rose!</small><br></div><div class="battle-history"><small>Murch's Defense rose!</small><br></div><div class="spacer battle-history"><br></div><h2 class="battle-history">Turn 11</h2><div class="spacer battle-history"><br></div><div class="battle-history">The opposing Carnation used <strong>Leech Life</strong>!<br></div><div class="battle-history"><small>(Murch lost <abbr title="−51/334">15.3%</abbr> of its health!)</small><br></div><div class="battle-history"><small>Murch had its energy drained!</small><br></div><div class="battle-history"><small>The opposing Carnation lost some of its HP!</small><br></div><div class="spacer battle-history"><br></div><div class="battle-history">Murch used <strong>Drain Punch</strong>!<br></div><div class="battle-history"><small>(The opposing Carnation lost 31% of its health!)</small><br></div><div class="battle-history"><small>The opposing Carnation had its energy drained!</small><br></div><div class="spacer battle-history"><br></div><h2 class="battle-history">Turn 12</h2><div class="chat chatmessage-h2opulse"><strong style="color:#6e8c2b"><small>☆</small><span class="username" data-name="H2OPulse">H2OPulse</span>:</strong> <em>I cannot figure out how to deal with this</em></div><div class="spacer battle-history"><br></div><div class="battle-history">H2OPulse withdrew Carnation!<br></div><div class="battle-history">H2OPulse sent out Drosera (<strong>Carnivenom</strong>)!<br></div><div class="spacer battle-history"><br></div><div class="battle-history">Murch used <strong>Drain Punch</strong>!<br></div><div class="battle-history"><small>It's not very effective...</small><br></div><div class="battle-history"><small>(The opposing Drosera lost 17% of its health!)</small><br></div><div class="battle-history"><small>The opposing Drosera had its energy drained!</small><br></div><div class="spacer battle-history"><br></div><div class="battle-history"><small>The opposing Drosera restored a little HP using its Black Sludge!</small><br></div><div class="battle-history"><small>The opposing Drosera was hurt by its burn!</small><br></div><div class="spacer battle-history"><br></div><h2 class="battle-history">Turn 13</h2><div class="spacer battle-history"><br></div><div class="battle-history">The opposing Drosera used <strong>Leech Seed</strong>!<br></div><div class="battle-history"><small>Murch was seeded!</small><br></div><div class="spacer battle-history"><br></div><div class="battle-history">Murch used <strong>Dragon Tail</strong>!<br></div><div class="battle-history"><small>(The opposing Drosera lost 21% of its health!)</small><br></div><div class="spacer battle-history"><br></div><div class="battle-history">Monkshood (<strong>Mienshao-Variant</strong>) was dragged out!<br></div><div class="chat"><ul class="utilichart"><li class="result"><span class="col pokemonnamecol" style="white-space: nowrap">Mienshao-Variant</span> <span class="col typecol"><img src="https://play.pokemonshowdown.com/sprites/types/Fighting.png" alt="Fighting" height="14" width="32"><img src="https://play.pokemonshowdown.com/sprites/types/Ghost.png" alt="Ghost" height="14" width="32"></span> <span style="float: left ; min-height: 26px"><span class="col abilitycol">Inner Focus / Prankster / Berserk</span><span class="col abilitycol"></span></span></li><li style="clear: both"></li></ul></div><div class="chat"><ul class="utilichart"><li class="result"><span style="float: left ; min-height: 26px"><span class="col statcol"><em>HP</em><br>65</span> <span class="col statcol"><em>Atk</em><br>125</span> <span class="col statcol"><em>Def</em><br>60</span> <span class="col statcol"><em>SpA</em><br>105</span> <span class="col statcol"><em>SpD</em><br>60</span> <span class="col statcol"><em>Spe</em><br>95</span> </span></li><li style="clear: both"></li></ul></div><div class="battle-history"><small>(Mienshao-Variant was created by Hematite!)</small><br></div><div class="spacer battle-history"><br></div><div class="battle-history"><small>Murch's health is sapped by Leech Seed!</small><br></div><div class="spacer battle-history"><br></div><h2 class="battle-history">Turn 14</h2><div class="chat chatmessage-inkbug1 mine"><strong style="color:#e46e0f"><small>☆</small><span class="username" data-name="inkbug1">inkbug1</span>:</strong> <em>ooh ok </em></div><div class="spacer battle-history"><br></div><div class="battle-history">Murch, come back!<br></div><div class="battle-history">Go! Mona (<strong>Alchemissus</strong>)!<br></div><div class="chat"><ul class="utilichart"><li class="result"><span class="col pokemonnamecol" style="white-space: nowrap">Alchemissus</span> <span class="col typecol"><img src="https://play.pokemonshowdown.com/sprites/types/Ghost.png" alt="Ghost" height="14" width="32"><img src="https://play.pokemonshowdown.com/sprites/types/Poison.png" alt="Poison" height="14" width="32"></span> <span style="float: left ; min-height: 26px"><span class="col abilitycol">Levitate / Corrosion / Gluttony</span><span class="col abilitycol"></span></span></li><li style="clear: both"></li></ul></div><div class="chat"><ul class="utilichart"><li class="result"><span style="float: left ; min-height: 26px"><span class="col statcol"><em>HP</em><br>66</span> <span class="col statcol"><em>Atk</em><br>66</span> <span class="col statcol"><em>Def</em><br>66</span> <span class="col statcol"><em>SpA</em><br>114</span> <span class="col statcol"><em>SpD</em><br>113</span> <span class="col statcol"><em>Spe</em><br>107</span> </span></li><li style="clear: both"></li></ul></div><div class="battle-history"><small>(Alchemissus was created by KeroseneZanchu!)</small><br></div><div class="spacer battle-history"><br></div><div class="battle-history">The opposing Monkshood used <strong>Close Combat</strong>!<br></div><div class="battle-history"><small>It doesn't affect Mona...</small><br></div><div class="spacer battle-history"><br></div><h2 class="battle-history">Turn 15</h2><div class="chat chatmessage-h2opulse"><strong style="color:#6e8c2b"><small>☆</small><span class="username" data-name="H2OPulse">H2OPulse</span>:</strong> <em>Hmmmmmmmm I don't</em></div><div class="chat chatmessage-h2opulse"><strong style="color:#6e8c2b"><small>☆</small><span class="username" data-name="H2OPulse">H2OPulse</span>:</strong> <em>trust this</em></div><div class="chat chatmessage-h2opulse"><strong style="color:#6e8c2b"><small>☆</small><span class="username" data-name="H2OPulse">H2OPulse</span>:</strong> <em>but</em></div><div class="spacer battle-history"><br></div><div class="battle-history">Mona used <strong>Toxic</strong>!<br></div><div class="battle-history"><small>The opposing Monkshood was badly poisoned!</small><br></div><div class="spacer battle-history"><br></div><div class="battle-history">The opposing Monkshood used <strong>Shadow Ball</strong>!<br></div><div class="battle-history"><small>It's super effective!</small><br></div><div class="battle-history"><small>(Mona lost <abbr title="−236/273">86.4%</abbr> of its health!)</small><br></div><div class="spacer battle-history"><br></div><div class="battle-history"><small>Mona restored a little HP using its Black Sludge!</small><br></div><div class="battle-history"><small>The opposing Monkshood was hurt by poison!</small><br></div><div class="spacer battle-history"><br></div><h2 class="battle-history">Turn 16</h2><div class="chat chatmessage-h2opulse"><strong style="color:#6e8c2b"><small>☆</small><span class="username" data-name="H2OPulse">H2OPulse</span>:</strong> <em>Neat</em></div><div class="chat chatmessage-inkbug1 mine"><strong style="color:#e46e0f"><small>☆</small><span class="username" data-name="inkbug1">inkbug1</span>:</strong> <em>AH IM STUPID</em></div><div class="chat chatmessage-inkbug1 mine"><strong style="color:#e46e0f"><small>☆</small><span class="username" data-name="inkbug1">inkbug1</span>:</strong> <em>read too hard </em></div><div class="chat chatmessage-h2opulse"><strong style="color:#6e8c2b"><small>☆</small><span class="username" data-name="H2OPulse">H2OPulse</span>:</strong> <em>Fair,,</em></div><div class="spacer battle-history"><br></div><div class="battle-history">The opposing Monkshood used <strong>Me First</strong>!<br></div><div class="spacer battle-history"><br></div><div class="battle-history">The opposing Monkshood used <strong>Venoshock</strong>!<br></div><div class="battle-history"><small>It's not very effective...</small><br></div><div class="battle-history"><small>(Mona lost <abbr title="−23/273">8.4%</abbr> of its health!)</small><br></div><div class="spacer battle-history"><br></div><div class="battle-history">Mona used <strong>Venoshock</strong>!<br></div><div class="battle-history"><small>It's not very effective...</small><br></div><div class="battle-history"><small>(The opposing Monkshood lost 64% of its health!)</small><br></div><div class="spacer battle-history"><br></div><div class="battle-history"><small>Mona restored a little HP using its Black Sludge!</small><br></div><div class="battle-history"><small>The opposing Monkshood was hurt by poison!</small><br></div><div class="spacer battle-history"><br></div><h2 class="battle-history">Turn 17</h2><div class="chat chatmessage-h2opulse"><strong style="color:#6e8c2b"><small>☆</small><span class="username" data-name="H2OPulse">H2OPulse</span>:</strong> <em>Oof smart</em></div><div class="chat chatmessage-h2opulse"><strong style="color:#6e8c2b"><small>☆</small><span class="username" data-name="H2OPulse">H2OPulse</span>:</strong> <em>Was really hoping for a Hex there</em></div><div class="chat chatmessage-inkbug1 mine"><strong style="color:#e46e0f"><small>☆</small><span class="username" data-name="inkbug1">inkbug1</span>:</strong> <em>yea</em></div><div class="spacer battle-history"><br></div><div class="battle-history">H2OPulse withdrew Monkshood!<br></div><div class="battle-history">H2OPulse sent out Carnation (<strong>Balleringue</strong>)!<br></div><div class="spacer battle-history"><br></div><div class="battle-history">Mona used <strong>Venoshock</strong>!<br></div><div class="battle-history"><small>It doesn't affect the opposing Carnation...</small><br></div><div class="spacer battle-history"><br></div><div class="battle-history"><small>Mona restored a little HP using its Black Sludge!</small><br></div><div class="spacer battle-history"><br></div><h2 class="battle-history">Turn 18</h2><div class="chat chatmessage-inkbug1 mine"><strong style="color:#e46e0f"><small>☆</small><span class="username" data-name="inkbug1">inkbug1</span>:</strong> <em>mmmm</em></div><div class="chat chatmessage-h2opulse"><strong style="color:#6e8c2b"><small>☆</small><span class="username" data-name="H2OPulse">H2OPulse</span>:</strong> <em>This was actually an awful move on my part</em></div><div class="chat chatmessage-inkbug1 mine"><strong style="color:#e46e0f"><small>☆</small><span class="username" data-name="inkbug1">inkbug1</span>:</strong> <em>mmmmmmm</em></div><div class="spacer battle-history"><br></div><div class="battle-history">H2OPulse withdrew Carnation!<br></div><div class="battle-history">H2OPulse sent out Nip (<strong>Persian-Alola</strong>)!<br></div><div class="spacer battle-history"><br></div><div class="battle-history">Mona used <strong>Hex</strong>!<br></div><div class="battle-history"><small>It's not very effective...</small><br></div><div class="battle-history"><small>(The opposing Nip lost 29% of its health!)</small><br></div><div class="spacer battle-history"><br></div><div class="battle-history"><small>Mona restored a little HP using its Black Sludge!</small><br></div><div class="spacer battle-history"><br></div><h2 class="battle-history">Turn 19</h2><div class="chat chatmessage-inkbug1 mine"><strong style="color:#e46e0f"><small>☆</small><span class="username" data-name="inkbug1">inkbug1</span>:</strong> <em>oh great thanks</em></div><div class="chat chatmessage-inkbug1 mine"><strong style="color:#e46e0f"><small>☆</small><span class="username" data-name="inkbug1">inkbug1</span>:</strong> <em>leech life was barely a range to kill at 24% it maxed at like 24.9</em></div><div class="chat chatmessage-h2opulse"><strong style="color:#6e8c2b"><small>☆</small><span class="username" data-name="H2OPulse">H2OPulse</span>:</strong> <em>OH huh!!</em></div><div class="chat chatmessage-h2opulse"><strong style="color:#6e8c2b"><small>☆</small><span class="username" data-name="H2OPulse">H2OPulse</span>:</strong> <em>Not a risk I would have liked to take I think but good to know</em></div><div class="chat chatmessage-inkbug1 mine"><strong style="color:#e46e0f"><small>☆</small><span class="username" data-name="inkbug1">inkbug1</span>:</strong> <em>i wonder if itd b worth investing a couple spare points into hp or defense to make tht number a little more favorable</em></div><div class="chat chatmessage-inkbug1 mine"><strong style="color:#e46e0f"><small>☆</small><span class="username" data-name="inkbug1">inkbug1</span>:</strong> <em>right fair</em></div><div class="chat chatmessage-h2opulse"><strong style="color:#6e8c2b"><small>☆</small><span class="username" data-name="H2OPulse">H2OPulse</span>:</strong> <em>Anyway I am getting utterly destroyed here</em></div><div class="spacer battle-history"><br></div><div class="battle-history">Mona, come back!<br></div><div class="battle-history">Go! Octo Samurai (<strong>Gallade</strong>)!<br></div><div class="spacer battle-history"><br></div><div class="battle-history">The opposing Nip used <strong>Dark Pulse</strong>!<br></div><div class="battle-history"><small>(Octo Samurai lost <abbr title="−87/277">31.4%</abbr> of its health!)</small><br></div><div class="battle-history">[Octo Samurai's Justified]<br></div><div class="battle-history"><small>Octo Samurai's Attack rose!</small><br></div><div class="spacer battle-history"><br></div><h2 class="battle-history">Turn 20</h2><div class="spacer battle-history"><br></div><div class="battle-history">The opposing Nip used <strong>Parting Shot</strong>!<br></div><div class="battle-history"><small>Octo Samurai's Attack fell!</small><br></div><div class="battle-history"><small>Octo Samurai's Sp. Atk fell!</small><br></div><div class="spacer battle-history"><br></div><div class="battle-history">H2OPulse withdrew Nip!<br></div><div class="battle-history">H2OPulse sent out Carnation (<strong>Balleringue</strong>)!<br></div><div class="spacer battle-history"><br></div><div class="battle-history">Octo Samurai used <strong>Close Combat</strong>!<br></div><div class="battle-history"><small>(The opposing Carnation lost 10% of its health!)</small><br></div><div class="battle-history"><small>Octo Samurai's Defense fell!</small><br></div><div class="battle-history"><small>Octo Samurai's Sp. Def fell!</small><br></div><div class="spacer battle-history"><br></div><div class="battle-history">The opposing Carnation fainted!<br></div><div class="spacer battle-history"><br></div><div class="battle-history">H2OPulse sent out Monkshood (<strong>Mienshao-Variant</strong>)!<br></div><div class="spacer battle-history"><br></div><h2 class="battle-history">Turn 21</h2><div class="spacer battle-history"><br></div><div class="battle-history">H2OPulse withdrew Monkshood!<br></div><div class="battle-history">H2OPulse sent out Cattail (<strong>Vaporeon</strong>)!<br></div><div class="spacer battle-history"><br></div><div class="battle-history">Octo Samurai, come back!<br></div><div class="battle-history">Go! Cinnabar (<strong>Persian-Alola</strong>)!<br></div><div class="spacer battle-history"><br></div><h2 class="battle-history">Turn 22</h2><div class="chat chatmessage-inkbug1 mine"><strong style="color:#e46e0f"><small>☆</small><span class="username" data-name="inkbug1">inkbug1</span>:</strong> <em>oh cool hi</em></div><div class="chat chatmessage-h2opulse"><strong style="color:#6e8c2b"><small>☆</small><span class="username" data-name="H2OPulse">H2OPulse</span>:</strong> <em>Hi</em></div><div class="spacer battle-history"><br></div><div class="battle-history">Cinnabar used <strong>Switcheroo</strong>!<br></div><div class="battle-history"><small>Cinnabar switched items with its target!</small><br></div><div class="battle-history"><small>The opposing Cattail obtained one Choice Scarf.</small><br></div><div class="battle-history"><small>Cinnabar obtained one Leftovers.</small><br></div><div class="spacer battle-history"><br></div><div class="battle-history">The opposing Cattail used <strong>Heal Bell</strong>!<br></div><div class="battle-history"><small>A bell chimed!</small><br></div><div class="battle-history"><small>The opposing Drosera's burn was healed!</small><br></div><div class="battle-history"><small>The opposing Monkshood was cured of its poisoning!</small><br></div><div class="spacer battle-history"><br></div><h2 class="battle-history">Turn 23</h2><div class="chat chatmessage-h2opulse"><strong style="color:#6e8c2b"><small>☆</small><span class="username" data-name="H2OPulse">H2OPulse</span>:</strong> <em>MEAN</em></div><div class="chat chatmessage-inkbug1 mine"><strong style="color:#e46e0f"><small>☆</small><span class="username" data-name="inkbug1">inkbug1</span>:</strong> <em>asdfasdfasd</em></div><div class="spacer battle-history"><br></div><div class="battle-history">H2OPulse withdrew Cattail!<br></div><div class="battle-history">H2OPulse sent out Rampion (<strong>Rubulwark</strong>)!<br></div><div class="chat"><ul class="utilichart"><li class="result"><span class="col pokemonnamecol" style="white-space: nowrap">Rubulwark</span> <span class="col typecol"><img src="https://play.pokemonshowdown.com/sprites/types/Dragon.png" alt="Dragon" height="14" width="32"><img src="https://play.pokemonshowdown.com/sprites/types/Rock.png" alt="Rock" height="14" width="32"></span> <span style="float: left ; min-height: 26px"><span class="col abilitycol">Weak Armor / Sheer Force / Mold Breaker</span><span class="col abilitycol"></span></span></li><li style="clear: both"></li></ul></div><div class="chat"><ul class="utilichart"><li class="result"><span style="float: left ; min-height: 26px"><span class="col statcol"><em>HP</em><br>87</span> <span class="col statcol"><em>Atk</em><br>160</span> <span class="col statcol"><em>Def</em><br>90</span> <span class="col statcol"><em>SpA</em><br>60</span> <span class="col statcol"><em>SpD</em><br>90</span> <span class="col statcol"><em>Spe</em><br>38</span> </span></li><li style="clear: both"></li></ul></div><div class="battle-history"><small>(Rubulwark was created by Hematite!)</small><br></div><div class="spacer battle-history"><br></div><div class="battle-history">Cinnabar used <strong>Parting Shot</strong>!<br></div><div class="battle-history"><small>The opposing Rampion's Attack fell!</small><br></div><div class="battle-history"><small>The opposing Rampion's Sp. Atk fell!</small><br></div><div class="chat chatmessage-inkbug1 mine"><strong style="color:#e46e0f"><small>☆</small><span class="username" data-name="inkbug1">inkbug1</span>:</strong> <em>hmmm</em></div><div class="spacer battle-history"><br></div><div class="battle-history">Cinnabar, come back!<br></div><div class="battle-history">Go! Hornet (<strong>Dolorak</strong>)!<br></div><div class="spacer battle-history"><br></div><h2 class="battle-history">Turn 24</h2><div class="spacer battle-history"><br></div><div class="battle-history">Hornet used <strong>Toxic Spikes</strong>!<br></div><div class="battle-history"><small>Poison spikes were scattered on the ground all around the opposing team!</small><br></div><div class="spacer battle-history"><br></div><div class="battle-history">The opposing Rampion used <strong>Dragon Hammer</strong>!<br></div><div class="battle-history"><small>(Hornet lost <abbr title="−15/374">4.0%</abbr> of its health!)</small><br></div><div class="spacer battle-history"><br></div><div class="battle-history">Hornet fainted!<br></div><div class="spacer battle-history"><br></div><div class="battle-history">Go! Murch (<strong>Scrafty</strong>)!<br></div><div class="spacer battle-history"><br></div><h2 class="battle-history">Turn 25</h2><div class="chat chatmessage-h2opulse"><strong style="color:#6e8c2b"><small>☆</small><span class="username" data-name="H2OPulse">H2OPulse</span>:</strong> <em>oof and I lost my hazard control and my Poison-type is non-grounded</em></div><div class="chat chatmessage-h2opulse"><strong style="color:#6e8c2b"><small>☆</small><span class="username" data-name="H2OPulse">H2OPulse</span>:</strong> <em>this is fine</em></div><div class="spacer battle-history"><br></div><div class="battle-history">The opposing Rampion used <strong>Dragon Hammer</strong>!<br></div><div class="battle-history"><small>(Murch lost <abbr title="−78/334">23.4%</abbr> of its health!)</small><br></div><div class="spacer battle-history"><br></div><div class="battle-history">Murch used <strong>Drain Punch</strong>!<br></div><div class="battle-history"><small>It's super effective!</small><br></div><div class="battle-history"><small>(The opposing Rampion lost 52% of its health!)</small><br></div><div class="battle-history"><small>The opposing Rampion had its energy drained!</small><br></div><div class="battle-history"><small>Murch was hurt by the Rocky Helmet!</small><br></div><div class="battle-history">[The opposing Rampion's Weak Armor]<br></div><div class="battle-history"><small>The opposing Rampion's Defense fell!</small><br></div><div class="battle-history"><small>The opposing Rampion's Speed rose sharply!</small><br></div><div class="spacer battle-history"><br></div><h2 class="battle-history">Turn 26</h2><div class="spacer battle-history"><br></div><div class="battle-history">The opposing Rampion used <strong>Dragon Hammer</strong>!<br></div><div class="battle-history"><small>(Murch lost <abbr title="−85/334">25.4%</abbr> of its health!)</small><br></div><div class="spacer battle-history"><br></div><div class="battle-history">Murch used <strong>Drain Punch</strong>!<br></div><div class="battle-history"><small>It's super effective!</small><br></div><div class="battle-history"><small>(The opposing Rampion lost 48% of its health!)</small><br></div><div class="battle-history"><small>The opposing Rampion had its energy drained!</small><br></div><div class="battle-history"><small>Murch was hurt by the Rocky Helmet!</small><br></div><div class="spacer battle-history"><br></div><div class="battle-history">The opposing Rampion fainted!<br></div><div class="chat chatmessage-inkbug1 mine"><strong style="color:#e46e0f"><small>☆</small><span class="username" data-name="inkbug1">inkbug1</span>:</strong> <em>man tht hurts a lot-</em></div><div class="spacer battle-history"><br></div><div class="battle-history">H2OPulse sent out Monkshood (<strong>Mienshao-Variant</strong>)!<br></div><div class="battle-history"><small>The opposing Monkshood was poisoned!</small><br></div><div class="spacer battle-history"><br></div><h2 class="battle-history">Turn 27</h2><div class="chat chatmessage-inkbug1 mine"><strong style="color:#e46e0f"><small>☆</small><span class="username" data-name="inkbug1">inkbug1</span>:</strong> <em>hmmmmmmm</em></div><div class="chat chatmessage-inkbug1 mine"><strong style="color:#e46e0f"><small>☆</small><span class="username" data-name="inkbug1">inkbug1</span>:</strong> <em>i have </em></div><div class="chat chatmessage-h2opulse"><strong style="color:#6e8c2b"><small>☆</small><span class="username" data-name="H2OPulse">H2OPulse</span>:</strong> <em>I'm in so much danger right now</em></div><div class="chat chatmessage-inkbug1 mine"><strong style="color:#e46e0f"><small>☆</small><span class="username" data-name="inkbug1">inkbug1</span>:</strong> <em>a very binary set of switches here </em></div><div class="spacer battle-history"><br></div><div class="battle-history">H2OPulse withdrew Monkshood!<br></div><div class="battle-history">H2OPulse sent out Cattail (<strong>Vaporeon</strong>)!<br></div><div class="battle-history"><small>The opposing Cattail was poisoned!</small><br></div><div class="spacer battle-history"><br></div><div class="battle-history">Murch used <strong>Rest</strong>!<br></div><div class="battle-history"><small>Murch slept and became healthy!</small><br></div><div class="spacer battle-history"><br></div><div class="battle-history"><small>The opposing Cattail was hurt by poison!</small><br></div><div class="spacer battle-history"><br></div><h2 class="battle-history">Turn 28</h2><div class="chat chatmessage-inkbug1 mine"><strong style="color:#e46e0f"><small>☆</small><span class="username" data-name="inkbug1">inkbug1</span>:</strong> <em>oh i see </em></div><div class="chat chatmessage-h2opulse"><strong style="color:#6e8c2b"><small>☆</small><span class="username" data-name="H2OPulse">H2OPulse</span>:</strong> <em>nO</em></div><div class="chat chatmessage-h2opulse"><strong style="color:#6e8c2b"><small>☆</small><span class="username" data-name="H2OPulse">H2OPulse</span>:</strong> <em>okay</em></div><div class="spacer battle-history"><br></div><div class="battle-history">The opposing Cattail used <strong>Wish</strong>!<br></div><div class="spacer battle-history"><br></div><div class="battle-history">Murch is fast asleep.<br></div><div class="spacer battle-history"><br></div><div class="battle-history"><small>The opposing Cattail was hurt by poison!</small><br></div><div class="spacer battle-history"><br></div><h2 class="battle-history">Turn 29</h2><div class="spacer battle-history"><br></div><div class="battle-history">H2OPulse withdrew Cattail!<br></div><div class="battle-history">H2OPulse sent out Monkshood (<strong>Mienshao-Variant</strong>)!<br></div><div class="spacer battle-history"><br></div><div class="battle-history">Murch is fast asleep.<br></div><div class="spacer battle-history"><br></div><div class="battle-history"><small>Cattail's wish came true!</small><br></div><div class="battle-history"><small>The opposing Monkshood was hurt by poison!</small><br></div><div class="spacer battle-history"><br></div><h2 class="battle-history">Turn 30</h2><div class="spacer battle-history"><br></div><div class="battle-history">The opposing Monkshood used <strong>Close Combat</strong>!<br></div><div class="battle-history"><small>It's super effective!</small><br></div><div class="battle-history"><small>(Murch lost <abbr title="−212/334">63.5%</abbr> of its health!)</small><br></div><div class="battle-history"><small>The opposing Monkshood's Defense fell!</small><br></div><div class="battle-history"><small>The opposing Monkshood's Sp. Def fell!</small><br></div><div class="battle-history"><small>Murch woke up!</small><br></div><div class="spacer battle-history"><br></div><div class="battle-history">Murch used <strong>Bulk Up</strong>!<br></div><div class="battle-history"><small>Murch's Attack rose!</small><br></div><div class="battle-history"><small>Murch's Defense rose!</small><br></div><div class="spacer battle-history"><br></div><div class="battle-history"><small>The opposing Monkshood was hurt by poison!</small><br></div><div class="spacer battle-history"><br></div><h2 class="battle-history">Turn 31</h2><div class="chat chatmessage-inkbug1 mine"><strong style="color:#e46e0f"><small>☆</small><span class="username" data-name="inkbug1">inkbug1</span>:</strong> <em>mmmmmmmmmmmmmmmmmmm was that enough </em></div><div class="chat chatmessage-inkbug1 mine"><strong style="color:#e46e0f"><small>☆</small><span class="username" data-name="inkbug1">inkbug1</span>:</strong> <em>tries to count</em></div><div class="chat chatmessage-inkbug1 mine"><strong style="color:#e46e0f"><small>☆</small><span class="username" data-name="inkbug1">inkbug1</span>:</strong> <em>i dont think so </em></div><div class="spacer battle-history"><br></div><div class="battle-history">Murch, come back!<br></div><div class="battle-history">Go! Mona (<strong>Alchemissus</strong>)!<br></div><div class="spacer battle-history"><br></div><div class="battle-history">The opposing Monkshood used <strong>Close Combat</strong>!<br></div><div class="battle-history"><small>It doesn't affect Mona...</small><br></div><div class="spacer battle-history"><br></div><div class="battle-history"><small>Mona restored a little HP using its Black Sludge!</small><br></div><div class="battle-history"><small>The opposing Monkshood was hurt by poison!</small><br></div><div class="spacer battle-history"><br></div><h2 class="battle-history">Turn 32</h2><div class="chat chatmessage-h2opulse"><strong style="color:#6e8c2b"><small>☆</small><span class="username" data-name="H2OPulse">H2OPulse</span>:</strong> <em>I do not have a lot of options here</em></div><div class="chat chatmessage-h2opulse"><strong style="color:#6e8c2b"><small>☆</small><span class="username" data-name="H2OPulse">H2OPulse</span>:</strong> <em>I'm <i>pretty</i> sure I just lose outright</em></div><div class="spacer battle-history"><br></div><div class="battle-history">Mona used <strong>Venoshock</strong>!<br></div><div class="battle-history"><small>It's not very effective...</small><br></div><div class="battle-history"><small>(The opposing Monkshood lost 64% of its health!)</small><br></div><div class="spacer battle-history"><br></div><div class="battle-history">The opposing Monkshood fainted!<br></div><div class="spacer battle-history"><br></div><div class="battle-history"><small>Mona restored a little HP using its Black Sludge!</small><br></div><div class="spacer battle-history"><br></div><div class="battle-history">H2OPulse sent out Nip (<strong>Persian-Alola</strong>)!<br></div><div class="battle-history"><small>The opposing Nip was poisoned!</small><br></div><div class="spacer battle-history"><br></div><h2 class="battle-history">Turn 33</h2><div class="chat chatmessage-inkbug1 mine"><strong style="color:#e46e0f"><small>☆</small><span class="username" data-name="inkbug1">inkbug1</span>:</strong> <em>yoouuuu are faster than me </em></div><div class="chat chatmessage-inkbug1 mine"><strong style="color:#e46e0f"><small>☆</small><span class="username" data-name="inkbug1">inkbug1</span>:</strong> <em>i want to stay out but i dont want to b stupid</em></div><div class="spacer battle-history"><br></div><div class="battle-history">Mona, come back!<br></div><div class="battle-history">Go! Octo Samurai (<strong>Gallade</strong>)!<br></div><div class="spacer battle-history"><br></div><div class="battle-history">The opposing Nip used <strong>Parting Shot</strong>!<br></div><div class="battle-history"><small>Octo Samurai's Attack fell!</small><br></div><div class="battle-history"><small>Octo Samurai's Sp. Atk fell!</small><br></div><div class="spacer battle-history"><br></div><div class="battle-history">H2OPulse withdrew Nip!<br></div><div class="battle-history">H2OPulse sent out Cattail (<strong>Vaporeon</strong>)!<br></div><div class="spacer battle-history"><br></div><div class="battle-history"><small>The opposing Cattail was hurt by poison!</small><br></div><div class="spacer battle-history"><br></div><h2 class="battle-history">Turn 34</h2><div class="spacer battle-history"><br></div><div class="battle-history">Octo Samurai used <strong>Swords Dance</strong>!<br></div><div class="battle-history"><small>Octo Samurai's Attack rose sharply!</small><br></div><div class="spacer battle-history"><br></div><div class="battle-history">The opposing Cattail used <strong>Wish</strong>!<br></div><div class="spacer battle-history"><br></div><div class="battle-history"><small>The opposing Cattail was hurt by poison!</small><br></div><div class="spacer battle-history"><br></div><h2 class="battle-history">Turn 35</h2><div class="spacer battle-history"><br></div><div class="battle-history">H2OPulse withdrew Cattail!<br></div><div class="battle-history">H2OPulse sent out Drosera (<strong>Carnivenom</strong>)!<br></div><div class="spacer battle-history"><br></div><div class="battle-history">Octo Samurai used <strong>Swords Dance</strong>!<br></div><div class="battle-history"><small>Octo Samurai's Attack rose sharply!</small><br></div><div class="spacer battle-history"><br></div><div class="battle-history"><small>Cattail's wish came true!</small><br></div><div class="battle-history"><small>The opposing Drosera restored a little HP using its Black Sludge!</small><br></div><div class="spacer battle-history"><br></div><h2 class="battle-history">Turn 36</h2><div class="chat chatmessage-h2opulse"><strong style="color:#6e8c2b"><small>☆</small><span class="username" data-name="H2OPulse">H2OPulse</span>:</strong> <em>and now I get swept</em></div><div class="spacer battle-history"><br></div><div class="battle-history">Octo Samurai used <strong>Psycho Cut</strong>!<br></div><div class="battle-history"><small>It's super effective!</small><br></div><div class="battle-history"><small>(The opposing Drosera lost 100% of its health!)</small><br></div><div class="spacer battle-history"><br></div><div class="battle-history">The opposing Drosera fainted!<br></div><div class="spacer battle-history"><br></div><div class="battle-history">H2OPulse sent out Nip (<strong>Persian-Alola</strong>)!<br></div><div class="spacer battle-history"><br></div><h2 class="battle-history">Turn 37</h2><div class="spacer battle-history"><br></div><div class="battle-history">The opposing Nip used <strong>Dark Pulse</strong>!<br></div><div class="battle-history"><small>(Octo Samurai lost <abbr title="−87/277">31.4%</abbr> of its health!)</small><br></div><div class="battle-history">[Octo Samurai's Justified]<br></div><div class="battle-history"><small>Octo Samurai's Attack rose!</small><br></div><div class="spacer battle-history"><br></div><div class="battle-history">Octo Samurai used <strong>Close Combat</strong>!<br></div><div class="battle-history"><small>It's super effective!</small><br></div><div class="battle-history"><small>(The opposing Nip lost 32% of its health!)</small><br></div><div class="battle-history"><small>Octo Samurai's Defense fell!</small><br></div><div class="battle-history"><small>Octo Samurai's Sp. Def fell!</small><br></div><div class="spacer battle-history"><br></div><div class="battle-history">The opposing Nip fainted!<br></div><div class="spacer battle-history"><br></div><div class="battle-history">H2OPulse sent out Cattail (<strong>Vaporeon</strong>)!<br></div><div class="spacer battle-history"><br></div><h2 class="battle-history">Turn 38</h2><div class="chat chatmessage-h2opulse"><strong style="color:#6e8c2b"><small>☆</small><span class="username" data-name="H2OPulse">H2OPulse</span>:</strong> <em>ahe m</em></div><div class="chat chatmessage-h2opulse"><strong style="color:#6e8c2b"><small>☆</small><span class="username" data-name="H2OPulse">H2OPulse</span>:</strong> <em>Good game :'D</em></div><div class="chat chatmessage-h2opulse"><strong style="color:#6e8c2b"><small>☆</small><span class="username" data-name="H2OPulse">H2OPulse</span>:</strong> <em>Holy heck</em></div><div class="chat chatmessage-h2opulse"><strong style="color:#6e8c2b"><small>☆</small><span class="username" data-name="H2OPulse">H2OPulse</span>:</strong> <em>This was convincing</em></div><div class="chat chatmessage-inkbug1 mine"><strong style="color:#e46e0f"><small>☆</small><span class="username" data-name="inkbug1">inkbug1</span>:</strong> <em>does..</em></div><div class="spacer battle-history"><br></div><div class="battle-history">Octo Samurai used <strong>Psycho Cut</strong>!<br></div><div class="battle-history"><small>(The opposing Cattail lost 51% of its health!)</small><br></div><div class="spacer battle-history"><br></div><div class="battle-history">The opposing Cattail fainted!<br></div><div class="spacer battle-history"><br></div><div class="battle-history"><strong>inkbug1</strong> won the battle!<br></div><div class="chat chatmessage-inkbug1 mine"><strong style="color:#e46e0f"><small>☆</small><span class="username" data-name="inkbug1">inkbug1</span>:</strong> <em>no ok </em></div><div class="chat chatmessage-inkbug1 mine"><strong style="color:#e46e0f"><small>☆</small><span class="username" data-name="inkbug1">inkbug1</span>:</strong> <em>gg oh my god it did some of the things i wanted </em></div><div class="chat chatmessage-inkbug1 mine"><strong style="color:#e46e0f"><small>☆</small><span class="username" data-name="inkbug1">inkbug1</span>:</strong> <em>i think </em></div><div class="chat chatmessage-inkbug1 mine"><strong style="color:#e46e0f"><small>☆</small><span class="username" data-name="inkbug1">inkbug1</span>:</strong> <em>i should probably slot out mystical fire on alchemissus given that i have not clicked it once yet</em></div></div><div class="inner-preempt message-log"></div></div></div>
</div>
<script>
let daily = Math.floor(Date.now()/1000/60/60/24);document.write('<script src="https://dragonheaven.herokuapp.com/js/replay-embed.js?version'+daily+'"></'+'script>');
</script>
