<!DOCTYPE html>
<meta charset="utf-8" />
<!-- version 1 -->
<title>[Gen 8] Evolution Project replay: inkbug1 vs. H2OPulse</title>
<style>
html,body {font-family:Verdana, sans-serif;font-size:10pt;margin:0;padding:0;}body{padding:12px 0;} .battle-log {font-family:Verdana, sans-serif;font-size:10pt;} .battle-log-inline {border:1px solid #AAAAAA;background:#EEF2F5;color:black;max-width:640px;margin:0 auto 80px;padding-bottom:5px;} .battle-log .inner {padding:4px 8px 0px 8px;} .battle-log .inner-preempt {padding:0 8px 4px 8px;} .battle-log .inner-after {margin-top:0.5em;} .battle-log h2 {margin:0.5em -8px;padding:4px 8px;border:1px solid #AAAAAA;background:#E0E7EA;border-left:0;border-right:0;font-family:Verdana, sans-serif;font-size:13pt;} .battle-log .chat {vertical-align:middle;padding:3px 0 3px 0;font-size:8pt;} .battle-log .chat strong {color:#40576A;} .battle-log .chat em {padding:1px 4px 1px 3px;color:#000000;font-style:normal;} .chat.mine {background:rgba(0,0,0,0.05);margin-left:-8px;margin-right:-8px;padding-left:8px;padding-right:8px;} .spoiler {color:#BBBBBB;background:#BBBBBB;padding:0px 3px;} .spoiler:hover, .spoiler:active, .spoiler-shown {color:#000000;background:#E2E2E2;padding:0px 3px;} .spoiler a {color:#BBBBBB;} .spoiler:hover a, .spoiler:active a, .spoiler-shown a {color:#2288CC;} .chat code, .chat .spoiler:hover code, .chat .spoiler:active code, .chat .spoiler-shown code {border:1px solid #C0C0C0;background:#EEEEEE;color:black;padding:0 2px;} .chat .spoiler code {border:1px solid #CCCCCC;background:#CCCCCC;color:#CCCCCC;} .battle-log .rated {padding:3px 4px;} .battle-log .rated strong {color:white;background:#89A;padding:1px 4px;border-radius:4px;} .spacer {margin-top:0.5em;} .message-announce {background:#6688AA;color:white;padding:1px 4px 2px;} .message-announce a, .broadcast-green a, .broadcast-blue a, .broadcast-red a {color:#DDEEFF;} .broadcast-green {background-color:#559955;color:white;padding:2px 4px;} .broadcast-blue {background-color:#6688AA;color:white;padding:2px 4px;} .infobox {border:1px solid #6688AA;padding:2px 4px;} .infobox-limited {max-height:200px;overflow:auto;overflow-x:hidden;} .broadcast-red {background-color:#AA5544;color:white;padding:2px 4px;} .message-learn-canlearn {font-weight:bold;color:#228822;text-decoration:underline;} .message-learn-cannotlearn {font-weight:bold;color:#CC2222;text-decoration:underline;} .message-effect-weak {font-weight:bold;color:#CC2222;} .message-effect-resist {font-weight:bold;color:#6688AA;} .message-effect-immune {font-weight:bold;color:#666666;} .message-learn-list {margin-top:0;margin-bottom:0;} .message-throttle-notice, .message-error {color:#992222;} .message-overflow, .chat small.message-overflow {font-size:0pt;} .message-overflow::before {font-size:9pt;content:'...';} .subtle {color:#3A4A66;}
</style>
<div class="wrapper replay-wrapper" style="max-width:1180px;margin:0 auto">
<input type="hidden" name="replayid" value="dragonheaven-gen8evolutionproject-306" />
<div class="battle"></div><div class="battle-log"></div><div class="replay-controls"></div><div class="replay-controls-2"></div>
<h1 style="font-weight:normal;text-align:center"><strong>[Gen 8] Evolution Project</strong><br /><a href="http://pokemonshowdown.com/users/inkbug1" class="subtle" target="_blank">inkbug1</a> vs. <a href="http://pokemonshowdown.com/users/h2opulse" class="subtle" target="_blank">H2OPulse</a></h1>
<script type="text/plain" class="battle-log-data">|j|☆inkbug1

|j|☆H2OPulse
|t:|1641009715
|player|p1|inkbug1|burgh|
|player|p2|H2OPulse|aetherfoundation|
|teamsize|p1|6
|teamsize|p2|6
|gametype|singles
|gen|8
|tier|[Gen 8] Evolution Project
|clearpoke
|poke|p1|Rotom|
|poke|p1|Persian-Alola, F|
|poke|p1|Alchemissus, F|
|poke|p1|Gallade, M|
|poke|p1|Scrafty, M|
|poke|p1|Dolorak, F|
|poke|p2|Mienshao-Variant, M|
|poke|p2|Rubulwark, M|
|poke|p2|Balleringue, F|
|poke|p2|Persian-Alola, M|
|poke|p2|Carnivenom, F|
|poke|p2|Vaporeon, F|
|rule|HP Percentage Mod: HP is shown in percentages
|rule|Endless Battle Clause: Forcing endless battles is banned
|rule|OHKO Clause: OHKO moves are banned
|rule|Evasion Moves Clause: Evasion moves are banned
|rule|Species Clause: Limit one of each Pokémon
|rule|Dynamax Clause: You cannot dynamax
|rule|Sleep Clause Mod: Limit one foe put to sleep
|rule|Z-Move Clause: Type-based Z-Moves are banned
|teampreview
|c|☆H2OPulse|Aaa good luck and have fun!! O:
|
|t:|1641009733
|start
|switch|p1a: Cyd|Rotom|303\/303
|switch|p2a: Carnation|Balleringue, F|100\/100
|-start|p2a: Carnation|typechange|Bug\/Steel|[silent]
|raw|<ul class="utilichart"><li class="result"><span class="col pokemonnamecol" style="white-space: nowrap">Balleringue<\/span> <span class="col typecol"><img src="https:\/\/play.pokemonshowdown.com\/sprites\/types\/Bug.png" alt="Bug" height="14" width="32"><img src="https:\/\/play.pokemonshowdown.com\/sprites\/types\/Steel.png" alt="Steel" height="14" width="32"><\/span> <span style="float: left ; min-height: 26px"><span class="col abilitycol">Anticipation \/ Triage \/ Overcoat<\/span><span class="col abilitycol"><\/span><\/span><\/li><li style="clear: both"><\/li><\/ul>
|raw|<ul class="utilichart"><li class="result"><span style="float: left ; min-height: 26px"><span class="col statcol"><em>HP<\/em><br>80<\/span> <span class="col statcol"><em>Atk<\/em><br>109<\/span> <span class="col statcol"><em>Def<\/em><br>105<\/span> <span class="col statcol"><em>SpA<\/em><br>69<\/span> <span class="col statcol"><em>SpD<\/em><br>105<\/span> <span class="col statcol"><em>Spe<\/em><br>29<\/span> <\/span><\/li><li style="clear: both"><\/li><\/ul>
|-hint|Balleringue was created by Magmajudis!
|turn|1
|c|☆H2OPulse|I am realizing I have literally no idea what base Rotom does
|c|☆H2OPulse|I'm intrigued
|c|☆inkbug1|not a lot 
|
|t:|1641009749
|move|p2a: Carnation|Leech Life|p1a: Cyd
|-resisted|p1a: Cyd
|-damage|p1a: Cyd|186\/303
|-damage|p2a: Carnation|91\/100|[from] item: Life Orb
|move|p1a: Cyd|Will-O-Wisp|p2a: Carnation
|-status|p2a: Carnation|brn
|
|-heal|p1a: Cyd|204\/303|[from] item: Leftovers
|-damage|p2a: Carnation|85\/100 brn|[from] brn
|upkeep
|turn|2
|
|t:|1641009763
|switch|p2a: Nip|Persian-Alola, M|100\/100
|move|p1a: Cyd|Volt Switch|p2a: Nip
|-damage|p2a: Nip|58\/100
|
|t:|1641009770
|switch|p1a: Murch|Scrafty, M|334\/334
|
|upkeep
|turn|3
|
|t:|1641009776
|move|p2a: Nip|Parting Shot|p1a: Murch
|-unboost|p1a: Murch|atk|1
|-unboost|p1a: Murch|spa|1
|
|t:|1641009803
|switch|p2a: Drosera|Carnivenom, F|100\/100|[from]move: Parting Shot
|-start|p2a: Drosera|typechange|Grass\/Poison|[silent]
|raw|<ul class="utilichart"><li class="result"><span class="col pokemonnamecol" style="white-space: nowrap">Carnivenom<\/span> <span class="col typecol"><img src="https:\/\/play.pokemonshowdown.com\/sprites\/types\/Grass.png" alt="Grass" height="14" width="32"><img src="https:\/\/play.pokemonshowdown.com\/sprites\/types\/Poison.png" alt="Poison" height="14" width="32"><\/span> <span style="float: left ; min-height: 26px"><span class="col abilitycol">Levitate<\/span><span class="col abilitycol"><\/span><\/span><\/li><li style="clear: both"><\/li><\/ul>
|raw|<ul class="utilichart"><li class="result"><span style="float: left ; min-height: 26px"><span class="col statcol"><em>HP<\/em><br>94<\/span> <span class="col statcol"><em>Atk<\/em><br>105<\/span> <span class="col statcol"><em>Def<\/em><br>82<\/span> <span class="col statcol"><em>SpA<\/em><br>100<\/span> <span class="col statcol"><em>SpD<\/em><br>102<\/span> <span class="col statcol"><em>Spe<\/em><br>51<\/span> <\/span><\/li><li style="clear: both"><\/li><\/ul>
|-hint|Carnivenom was created by inkbug!
|move|p1a: Murch|Drain Punch|p2a: Drosera
|-resisted|p2a: Drosera
|-damage|p2a: Drosera|92\/100
|
|-heal|p2a: Drosera|98\/100|[from] item: Black Sludge
|upkeep
|turn|4
|c|☆inkbug1|i forgot that thing existed
|
|t:|1641009828
|move|p1a: Murch|Bulk Up|p1a: Murch
|-boost|p1a: Murch|atk|1
|-boost|p1a: Murch|def|1
|move|p2a: Drosera|Sleep Powder|p1a: Murch
|-status|p1a: Murch|slp|[from] move: Sleep Powder
|
|-activate|p1a: Murch|ability: Shed Skin
|-curestatus|p1a: Murch|slp|[msg]
|-heal|p2a: Drosera|100\/100|[from] item: Black Sludge
|upkeep
|turn|5
|c|☆H2OPulse|Yeah I
|c|☆H2OPulse|should have expected that
|
|t:|1641009857
|move|p2a: Drosera|Sleep Powder|p1a: Murch
|-status|p1a: Murch|slp|[from] move: Sleep Powder
|cant|p1a: Murch|slp
|
|-activate|p1a: Murch|ability: Shed Skin
|-curestatus|p1a: Murch|slp|[msg]
|upkeep
|turn|6
|c|☆H2OPulse|Do we Speed tie
|c|☆inkbug1|kjdhfgkdjhfgk
|c|☆inkbug1|uhh 
|c|☆H2OPulse|OH Dragon Tail
|c|☆inkbug1|ui dont think so no
|
|t:|1641009882
|move|p2a: Drosera|Power Whip|p1a: Murch
|-damage|p1a: Murch|273\/334
|move|p1a: Murch|Dragon Tail|p2a: Drosera
|-crit|p2a: Drosera
|-damage|p2a: Drosera|82\/100
|drag|p2a: Monkshood|Mienshao-Variant, M|100\/100
|-start|p2a: Monkshood|typechange|Fighting\/Ghost|[silent]
|raw|<ul class="utilichart"><li class="result"><span class="col pokemonnamecol" style="white-space: nowrap">Mienshao-Variant<\/span> <span class="col typecol"><img src="https:\/\/play.pokemonshowdown.com\/sprites\/types\/Fighting.png" alt="Fighting" height="14" width="32"><img src="https:\/\/play.pokemonshowdown.com\/sprites\/types\/Ghost.png" alt="Ghost" height="14" width="32"><\/span> <span style="float: left ; min-height: 26px"><span class="col abilitycol">Inner Focus \/ Prankster \/ Berserk<\/span><span class="col abilitycol"><\/span><\/span><\/li><li style="clear: both"><\/li><\/ul>
|raw|<ul class="utilichart"><li class="result"><span style="float: left ; min-height: 26px"><span class="col statcol"><em>HP<\/em><br>65<\/span> <span class="col statcol"><em>Atk<\/em><br>125<\/span> <span class="col statcol"><em>Def<\/em><br>60<\/span> <span class="col statcol"><em>SpA<\/em><br>105<\/span> <span class="col statcol"><em>SpD<\/em><br>60<\/span> <span class="col statcol"><em>Spe<\/em><br>95<\/span> <\/span><\/li><li style="clear: both"><\/li><\/ul>
|-hint|Mienshao-Variant was created by Hematite!
|
|upkeep
|turn|7
|c|☆inkbug1|fuck uhhh
|
|t:|1641009910
|move|p2a: Monkshood|Reflect|p2a: Monkshood
|-sidestart|p2: H2OPulse|Reflect
|move|p1a: Murch|Bulk Up|p1a: Murch
|-boost|p1a: Murch|atk|1
|-boost|p1a: Murch|def|1
|
|upkeep
|turn|8
|
|t:|1641009917
|move|p2a: Monkshood|Close Combat|p1a: Murch
|-supereffective|p1a: Murch
|-damage|p1a: Murch|163\/334
|-unboost|p2a: Monkshood|def|1
|-unboost|p2a: Monkshood|spd|1
|move|p1a: Murch|Bulk Up|p1a: Murch
|-boost|p1a: Murch|atk|1
|-boost|p1a: Murch|def|1
|
|upkeep
|turn|9
|c|☆inkbug1|have i mentioned tht evolute scrafty is like
|c|☆inkbug1|not okay
|c|☆H2OPulse|@.@
|
|t:|1641009941
|move|p2a: Monkshood|Close Combat|p1a: Murch
|-supereffective|p1a: Murch
|-damage|p1a: Murch|83\/334
|-unboost|p2a: Monkshood|def|1
|-unboost|p2a: Monkshood|spd|1
|move|p1a: Murch|Rest|p1a: Murch
|-status|p1a: Murch|slp|[from] move: Rest
|-heal|p1a: Murch|334\/334 slp|[silent]
|
|upkeep
|turn|10
|
|t:|1641009950
|move|p2a: Monkshood|Me First|p1a: Murch
|-hint|Since gen 7, Dark is immune to Prankster moves.
|-immune|p1a: Murch
|cant|p1a: Murch|slp
|
|upkeep
|turn|11
|c|☆H2OPulse|I forgot you were immune
|c|☆H2OPulse|That was really dumb
|c|☆inkbug1|hgfjhfgjhf
|c|☆inkbug1|would that have worked
|c|☆H2OPulse|It was going to be so genius I was going to phase you
|c|☆inkbug1|i see 
|c|☆H2OPulse|Unfortunately I am not smar
|c|☆H2OPulse|t
|c|☆inkbug1|so it still recognizes what u clicked if ur asleep 
|c|☆H2OPulse|Yeah
|c|☆inkbug1|neat ! 
|c|☆H2OPulse|anyway. what do I do here
|
|t:|1641010015
|switch|p2a: Nip|Persian-Alola, M|58\/100
|cant|p1a: Murch|slp
|
|upkeep
|turn|12
|
|t:|1641010024
|move|p2a: Nip|Nasty Plot|p2a: Nip
|-boost|p2a: Nip|spa|2
|-curestatus|p1a: Murch|slp|[msg]
|move|p1a: Murch|Drain Punch|p2a: Nip
|-supereffective|p2a: Nip
|-damage|p2a: Nip|13\/100
|-enditem|p2a: Nip|Weakness Policy
|-boost|p2a: Nip|atk|2|[from] item: Weakness Policy
|-boost|p2a: Nip|spa|2|[from] item: Weakness Policy
|
|upkeep
|turn|13
|c|☆inkbug1|wopps
|c|☆H2OPulse|regret everything probably
|c|☆inkbug1|which of us is regretting everyhting
|c|☆H2OPulse|me
|c|☆H2OPulse|my only special attacker's coverage is Dark\/Rock
|c|☆inkbug1|ok 
|c|☆inkbug1|faur
|
|t:|1641010059
|move|p2a: Nip|Dark Pulse|p1a: Murch
|-resisted|p1a: Murch
|-damage|p1a: Murch|303\/334
|move|p1a: Murch|Drain Punch|p2a: Nip
|-supereffective|p2a: Nip
|-damage|p2a: Nip|0 fnt
|-heal|p1a: Murch|321\/334|[from] drain|[of] p2a: Nip
|faint|p2a: Nip
|
|upkeep
|c|☆H2OPulse|KSDHFJ
|c|☆inkbug1|jhfjkfg oh my god
|c|☆inkbug1|hold on whats my set on this
|c|☆H2OPulse|I need setup control
|c|☆inkbug1|hes max spdef 
|c|☆inkbug1|wait i can view the stats on the
|c|☆H2OPulse|man what on Earth do I do here
|c|☆H2OPulse|I __think__ I just lose @.@
|
|t:|1641010122
|switch|p2a: Drosera|Carnivenom, F|82\/100
|-start|p2a: Drosera|typechange|Grass\/Poison|[silent]
|turn|14
|
|t:|1641010146
|move|p2a: Drosera|Coil|p2a: Drosera
|-boost|p2a: Drosera|atk|1
|-boost|p2a: Drosera|def|1
|-boost|p2a: Drosera|accuracy|1
|move|p1a: Murch|Dragon Tail|p2a: Drosera
|-damage|p2a: Drosera|73\/100
|drag|p2a: Cattail|Vaporeon, F|100\/100
|
|-sideend|p2: H2OPulse|Reflect
|upkeep
|turn|15
|
|t:|1641010158
|move|p2a: Cattail|Heal Bell|p2a: Cattail
|-activate|p2a: Cattail|move: Heal Bell
|-curestatus|p2: Carnation|brn|[msg]
|move|p1a: Murch|Drain Punch|p2a: Cattail
|-damage|p2a: Cattail|51\/100
|-heal|p1a: Murch|334\/334|[from] drain|[of] p2a: Cattail
|
|-heal|p2a: Cattail|57\/100|[from] item: Leftovers
|upkeep
|turn|16
|
|t:|1641010172
|switch|p2a: Drosera|Carnivenom, F|73\/100
|-start|p2a: Drosera|typechange|Grass\/Poison|[silent]
|move|p1a: Murch|Bulk Up|p1a: Murch
|-boost|p1a: Murch|atk|1
|-boost|p1a: Murch|def|1
|
|-heal|p2a: Drosera|80\/100|[from] item: Black Sludge
|upkeep
|turn|17
|
|t:|1641010179
|move|p2a: Drosera|Power Whip|p1a: Murch
|-damage|p1a: Murch|303\/334
|move|p1a: Murch|Dragon Tail|p2a: Drosera
|-damage|p2a: Drosera|48\/100
|drag|p2a: Monkshood|Mienshao-Variant, M|100\/100
|-start|p2a: Monkshood|typechange|Fighting\/Ghost|[silent]
|
|upkeep
|turn|18
|
|t:|1641010188
|move|p2a: Monkshood|Reflect|p2a: Monkshood
|-sidestart|p2: H2OPulse|Reflect
|move|p1a: Murch|Dragon Tail|p2a: Monkshood
|-damage|p2a: Monkshood|72\/100
|drag|p2a: Cattail|Vaporeon, F|57\/100
|
|-heal|p2a: Cattail|63\/100|[from] item: Leftovers
|upkeep
|turn|19
|
|t:|1641010208
|move|p2a: Cattail|Flip Turn|p1a: Murch
|-damage|p1a: Murch|291\/334
|
|t:|1641010211
|switch|p2a: Carnation|Balleringue, F|85\/100|[from]move: Flip Turn
|-start|p2a: Carnation|typechange|Bug\/Steel|[silent]
|move|p1a: Murch|Bulk Up|p1a: Murch
|-boost|p1a: Murch|atk|1
|-boost|p1a: Murch|def|1
|
|upkeep
|turn|20
|
|t:|1641010221
|move|p2a: Carnation|Leech Life|p1a: Murch
|-damage|p1a: Murch|259\/334
|-heal|p2a: Carnation|89\/100|[from] drain|[of] p1a: Murch
|-damage|p2a: Carnation|79\/100|[from] item: Life Orb
|move|p1a: Murch|Drain Punch|p2a: Carnation
|-damage|p2a: Carnation|46\/100
|-heal|p1a: Murch|319\/334|[from] drain|[of] p2a: Carnation
|
|upkeep
|turn|21
|
|t:|1641010232
|move|p2a: Carnation|Leech Life|p1a: Murch
|-damage|p1a: Murch|288\/334
|-heal|p2a: Carnation|51\/100|[from] drain|[of] p1a: Murch
|-damage|p2a: Carnation|41\/100|[from] item: Life Orb
|move|p1a: Murch|Drain Punch|p2a: Carnation
|-damage|p2a: Carnation|9\/100
|-heal|p1a: Murch|334\/334|[from] drain|[of] p2a: Carnation
|
|upkeep
|turn|22
|c|☆inkbug1|buries face in hands 
|c|☆inkbug1|ok thsi was not how i was expecting that to go
|c|☆H2OPulse|I'm losing my mind
|
|t:|1641010257
|move|p2a: Carnation|Leech Life|p1a: Murch
|-damage|p1a: Murch|303\/334
|-heal|p2a: Carnation|13\/100|[from] drain|[of] p1a: Murch
|-damage|p2a: Carnation|3\/100|[from] item: Life Orb
|move|p1a: Murch|Drain Punch|p2a: Carnation
|-damage|p2a: Carnation|0 fnt
|-heal|p1a: Murch|308\/334|[from] drain|[of] p2a: Carnation
|faint|p2a: Carnation
|
|upkeep
|
|t:|1641010261
|switch|p2a: Rampion|Rubulwark, M|100\/100
|-start|p2a: Rampion|typechange|Dragon\/Rock|[silent]
|raw|<ul class="utilichart"><li class="result"><span class="col pokemonnamecol" style="white-space: nowrap">Rubulwark<\/span> <span class="col typecol"><img src="https:\/\/play.pokemonshowdown.com\/sprites\/types\/Dragon.png" alt="Dragon" height="14" width="32"><img src="https:\/\/play.pokemonshowdown.com\/sprites\/types\/Rock.png" alt="Rock" height="14" width="32"><\/span> <span style="float: left ; min-height: 26px"><span class="col abilitycol">Weak Armor \/ Sheer Force \/ Mold Breaker<\/span><span class="col abilitycol"><\/span><\/span><\/li><li style="clear: both"><\/li><\/ul>
|raw|<ul class="utilichart"><li class="result"><span style="float: left ; min-height: 26px"><span class="col statcol"><em>HP<\/em><br>87<\/span> <span class="col statcol"><em>Atk<\/em><br>160<\/span> <span class="col statcol"><em>Def<\/em><br>90<\/span> <span class="col statcol"><em>SpA<\/em><br>60<\/span> <span class="col statcol"><em>SpD<\/em><br>90<\/span> <span class="col statcol"><em>Spe<\/em><br>38<\/span> <\/span><\/li><li style="clear: both"><\/li><\/ul>
|-hint|Rubulwark was created by Hematite!
|turn|23
|
|t:|1641010272
|move|p2a: Rampion|Dragon Hammer|p1a: Murch
|-damage|p1a: Murch|271\/334
|move|p1a: Murch|Drain Punch|p2a: Rampion
|-supereffective|p2a: Rampion
|-damage|p2a: Rampion|22\/100
|-heal|p1a: Murch|334\/334|[from] drain|[of] p2a: Rampion
|-damage|p1a: Murch|279\/334|[from] item: Rocky Helmet|[of] p2a: Rampion
|-ability|p2a: Rampion|Weak Armor|boost
|-unboost|p2a: Rampion|def|1
|-boost|p2a: Rampion|spe|2
|
|upkeep
|turn|24
|
|t:|1641010284
|move|p2a: Rampion|Dragon Hammer|p1a: Murch
|-damage|p1a: Murch|246\/334
|move|p1a: Murch|Drain Punch|p2a: Rampion
|-supereffective|p2a: Rampion
|-damage|p2a: Rampion|0 fnt
|-heal|p1a: Murch|281\/334|[from] drain|[of] p2a: Rampion
|-damage|p1a: Murch|226\/334|[from] item: Rocky Helmet|[of] p2a: Rampion
|faint|p2a: Rampion
|
|upkeep
|
|t:|1641010290
|switch|p2a: Monkshood|Mienshao-Variant, M|72\/100
|-start|p2a: Monkshood|typechange|Fighting\/Ghost|[silent]
|turn|25
|
|t:|1641010295
|move|p2a: Monkshood|Close Combat|p1a: Murch
|-supereffective|p1a: Murch
|-damage|p1a: Murch|172\/334
|-unboost|p2a: Monkshood|def|1
|-unboost|p2a: Monkshood|spd|1
|move|p1a: Murch|Dragon Tail|p2a: Monkshood|[miss]
|-miss|p1a: Murch|p2a: Monkshood
|
|-sideend|p2: H2OPulse|Reflect
|upkeep
|turn|26
|c|☆inkbug1|i m 
|
|t:|1641010314
|move|p2a: Monkshood|Close Combat|p1a: Murch
|-supereffective|p1a: Murch
|-damage|p1a: Murch|116\/334
|-unboost|p2a: Monkshood|def|1
|-unboost|p2a: Monkshood|spd|1
|move|p1a: Murch|Dragon Tail|p2a: Monkshood
|-damage|p2a: Monkshood|0 fnt
|faint|p2a: Monkshood
|
|upkeep
|
|t:|1641010325
|switch|p2a: Drosera|Carnivenom, F|48\/100
|-start|p2a: Drosera|typechange|Grass\/Poison|[silent]
|turn|27
|
|t:|1641010332
|move|p1a: Murch|Rest|p1a: Murch
|-status|p1a: Murch|slp|[from] move: Rest
|-heal|p1a: Murch|334\/334 slp|[silent]
|move|p2a: Drosera|Power Whip|p1a: Murch
|-damage|p1a: Murch|306\/334 slp
|
|-activate|p1a: Murch|ability: Shed Skin
|-curestatus|p1a: Murch|slp|[msg]
|-heal|p2a: Drosera|54\/100|[from] item: Black Sludge
|upkeep
|turn|28
|c|☆H2OPulse|This is hilarious
|c|☆inkbug1|i was scared of getting sleep powdered before a rest but the speed tie saved me 
|c|☆H2OPulse|I think you're naturally faster Dragon Tail just has decreased priority
|c|☆inkbug1|i think drosera is the best mu i have a hard time damaging it w\/ coil 
|c|☆inkbug1|oh right 
|c|☆inkbug1|im not smart i forgot that already 
|
|t:|1641010414
|move|p2a: Drosera|Coil|p2a: Drosera
|-boost|p2a: Drosera|atk|1
|-boost|p2a: Drosera|def|1
|-boost|p2a: Drosera|accuracy|1
|move|p1a: Murch|Dragon Tail|p2a: Drosera
|-damage|p2a: Drosera|28\/100
|drag|p2a: Cattail|Vaporeon, F|63\/100
|
|-heal|p2a: Cattail|69\/100|[from] item: Leftovers
|upkeep
|turn|29
|c|☆H2OPulse|What if I just
|
|t:|1641010423
|move|p2a: Cattail|Wish|p2a: Cattail
|move|p1a: Murch|Drain Punch|p2a: Cattail
|-damage|p2a: Cattail|0 fnt
|-heal|p1a: Murch|334\/334|[from] drain|[of] p2a: Cattail
|faint|p2a: Cattail
|
|upkeep
|
|t:|1641010427
|switch|p2a: Drosera|Carnivenom, F|28\/100
|-start|p2a: Drosera|typechange|Grass\/Poison|[silent]
|turn|30
|c|☆inkbug1|yeah see this is your best bet i think 
|c|☆H2OPulse|yeah I need this to be my literal last Pokémon to avoid phasing
|c|☆H2OPulse|I clearly do not win this but
|
|t:|1641010455
|move|p1a: Murch|Drain Punch|p2a: Drosera
|-resisted|p2a: Drosera
|-damage|p2a: Drosera|0 fnt
|faint|p2a: Drosera
|
|win|inkbug1
|c|☆H2OPulse|yeah okay
|c|☆inkbug1|or that kills
|c|☆inkbug1|okay 
|c|☆H2OPulse|Good game :'D
|c|☆inkbug1|lord ?? ? 
|c|☆inkbug1|ok 
|c|☆inkbug1|gg</script>
</div>
<div class="battle-log battle-log-inline"><div class="inner"><div class="battle-options"><div style="padding-top: 3px; padding-right: 3px; text-align: right"><button class="icon button" name="openBattleOptions" title="Options">Battle Options</button></div></div><div class="inner message-log"><div class="chat"><small>☆inkbug1 and ☆H2OPulse joined</small></div><div class=""><small>Format:</small> <br><strong>[Gen 8] Evolution Project</strong></div><div class=""><small><em>HP Percentage Mod:</em> HP is shown in percentages</small></div><div class=""><small><em>Endless Battle Clause:</em> Forcing endless battles is banned</small></div><div class=""><small><em>OHKO Clause:</em> OHKO moves are banned</small></div><div class=""><small><em>Evasion Moves Clause:</em> Evasion moves are banned</small></div><div class=""><small><em>Species Clause:</em> Limit one of each Pokémon</small></div><div class=""><small><em>Dynamax Clause:</em> You cannot dynamax</small></div><div class=""><small><em>Sleep Clause Mod:</em> Limit one foe put to sleep</small></div><div class=""><small><em>Z-Move Clause:</em> Type-based Z-Moves are banned</small></div><div class="chat battle-history"><strong>inkbug1's team:</strong> <em style="color:#445566;display:block;">Rotom / Persian-Alola / Alchemissus / Gallade / Scrafty / Dolorak</em></div><div class="chat battle-history"><strong>H2OPulse's team:</strong> <em style="color:#445566;display:block;">Mienshao-Variant / Rubulwark / Balleringue / Persian-Alola / Carnivenom / Vaporeon</em></div><div class="chat chatmessage-h2opulse"><strong style="color:#6e8c2b"><small>☆</small><span class="username" data-name="H2OPulse">H2OPulse</span>:</strong> <em>Aaa good luck and have fun!! O:</em></div><div class="spacer battle-history"><br></div><div class="battle-history">Battle started between inkbug1 and H2OPulse!<br></div><div class="spacer battle-history"><br></div><div class="battle-history">Go! Cyd (<strong>Rotom</strong>)!<br></div><div class="spacer battle-history"><br></div><div class="battle-history">H2OPulse sent out Carnation (<strong>Balleringue</strong>)!<br></div><div class="chat"><ul class="utilichart"><li class="result"><span class="col pokemonnamecol" style="white-space: nowrap">Balleringue</span> <span class="col typecol"><img src="https://play.pokemonshowdown.com/sprites/types/Bug.png" alt="Bug" height="14" width="32"><img src="https://play.pokemonshowdown.com/sprites/types/Steel.png" alt="Steel" height="14" width="32"></span> <span style="float: left ; min-height: 26px"><span class="col abilitycol">Anticipation / Triage / Overcoat</span><span class="col abilitycol"></span></span></li><li style="clear: both"></li></ul></div><div class="chat"><ul class="utilichart"><li class="result"><span style="float: left ; min-height: 26px"><span class="col statcol"><em>HP</em><br>80</span> <span class="col statcol"><em>Atk</em><br>109</span> <span class="col statcol"><em>Def</em><br>105</span> <span class="col statcol"><em>SpA</em><br>69</span> <span class="col statcol"><em>SpD</em><br>105</span> <span class="col statcol"><em>Spe</em><br>29</span> </span></li><li style="clear: both"></li></ul></div><div class="battle-history"><small>(Balleringue was created by Magmajudis!)</small><br></div><div class="spacer battle-history"><br></div><h2 class="battle-history">Turn 1</h2><div class="chat chatmessage-h2opulse"><strong style="color:#6e8c2b"><small>☆</small><span class="username" data-name="H2OPulse">H2OPulse</span>:</strong> <em>I am realizing I have literally no idea what base Rotom does</em></div><div class="chat chatmessage-h2opulse"><strong style="color:#6e8c2b"><small>☆</small><span class="username" data-name="H2OPulse">H2OPulse</span>:</strong> <em>I'm intrigued</em></div><div class="chat chatmessage-inkbug1 mine"><strong style="color:#e46e0f"><small>☆</small><span class="username" data-name="inkbug1">inkbug1</span>:</strong> <em>not a lot </em></div><div class="spacer battle-history"><br></div><div class="battle-history">The opposing Carnation used <strong>Leech Life</strong>!<br></div><div class="battle-history"><small>It's not very effective...</small><br></div><div class="battle-history"><small>(Cyd lost <abbr title="−117/303">38.6%</abbr> of its health!)</small><br></div><div class="battle-history"><small>The opposing Carnation lost some of its HP!</small><br></div><div class="spacer battle-history"><br></div><div class="battle-history">Cyd used <strong>Will-O-Wisp</strong>!<br></div><div class="battle-history"><small>The opposing Carnation was burned!</small><br></div><div class="spacer battle-history"><br></div><div class="battle-history"><small>Cyd restored a little HP using its Leftovers!</small><br></div><div class="battle-history"><small>The opposing Carnation was hurt by its burn!</small><br></div><div class="spacer battle-history"><br></div><h2 class="battle-history">Turn 2</h2><div class="spacer battle-history"><br></div><div class="battle-history">H2OPulse withdrew Carnation!<br></div><div class="battle-history">H2OPulse sent out Nip (<strong>Persian-Alola</strong>)!<br></div><div class="spacer battle-history"><br></div><div class="battle-history">Cyd used <strong>Volt Switch</strong>!<br></div><div class="battle-history"><small>(The opposing Nip lost 42% of its health!)</small><br></div><div class="spacer battle-history"><br></div><div class="battle-history">Cyd went back to inkbug1!<br></div><div class="battle-history">Go! Murch (<strong>Scrafty</strong>)!<br></div><div class="spacer battle-history"><br></div><h2 class="battle-history">Turn 3</h2><div class="spacer battle-history"><br></div><div class="battle-history">The opposing Nip used <strong>Parting Shot</strong>!<br></div><div class="battle-history"><small>Murch's Attack fell!</small><br></div><div class="battle-history"><small>Murch's Sp. Atk fell!</small><br></div><div class="spacer battle-history"><br></div><div class="battle-history">H2OPulse withdrew Nip!<br></div><div class="battle-history">H2OPulse sent out Drosera (<strong>Carnivenom</strong>)!<br></div><div class="chat"><ul class="utilichart"><li class="result"><span class="col pokemonnamecol" style="white-space: nowrap">Carnivenom</span> <span class="col typecol"><img src="https://play.pokemonshowdown.com/sprites/types/Grass.png" alt="Grass" height="14" width="32"><img src="https://play.pokemonshowdown.com/sprites/types/Poison.png" alt="Poison" height="14" width="32"></span> <span style="float: left ; min-height: 26px"><span class="col abilitycol">Levitate</span><span class="col abilitycol"></span></span></li><li style="clear: both"></li></ul></div><div class="chat"><ul class="utilichart"><li class="result"><span style="float: left ; min-height: 26px"><span class="col statcol"><em>HP</em><br>94</span> <span class="col statcol"><em>Atk</em><br>105</span> <span class="col statcol"><em>Def</em><br>82</span> <span class="col statcol"><em>SpA</em><br>100</span> <span class="col statcol"><em>SpD</em><br>102</span> <span class="col statcol"><em>Spe</em><br>51</span> </span></li><li style="clear: both"></li></ul></div><div class="battle-history"><small>(Carnivenom was created by inkbug!)</small><br></div><div class="spacer battle-history"><br></div><div class="battle-history">Murch used <strong>Drain Punch</strong>!<br></div><div class="battle-history"><small>It's not very effective...</small><br></div><div class="battle-history"><small>(The opposing Drosera lost 8% of its health!)</small><br></div><div class="spacer battle-history"><br></div><div class="battle-history"><small>The opposing Drosera restored a little HP using its Black Sludge!</small><br></div><div class="spacer battle-history"><br></div><h2 class="battle-history">Turn 4</h2><div class="chat chatmessage-inkbug1 mine"><strong style="color:#e46e0f"><small>☆</small><span class="username" data-name="inkbug1">inkbug1</span>:</strong> <em>i forgot that thing existed</em></div><div class="spacer battle-history"><br></div><div class="battle-history">Murch used <strong>Bulk Up</strong>!<br></div><div class="battle-history"><small>Murch's Attack rose!</small><br></div><div class="battle-history"><small>Murch's Defense rose!</small><br></div><div class="spacer battle-history"><br></div><div class="battle-history">The opposing Drosera used <strong>Sleep Powder</strong>!<br></div><div class="battle-history"><small>Murch fell asleep!</small><br></div><div class="spacer battle-history"><br></div><div class="battle-history">[Murch's Shed Skin]<br></div><div class="battle-history"><small>Murch woke up!</small><br></div><div class="battle-history"><small>The opposing Drosera restored a little HP using its Black Sludge!</small><br></div><div class="spacer battle-history"><br></div><h2 class="battle-history">Turn 5</h2><div class="chat chatmessage-h2opulse"><strong style="color:#6e8c2b"><small>☆</small><span class="username" data-name="H2OPulse">H2OPulse</span>:</strong> <em>Yeah I</em></div><div class="chat chatmessage-h2opulse"><strong style="color:#6e8c2b"><small>☆</small><span class="username" data-name="H2OPulse">H2OPulse</span>:</strong> <em>should have expected that</em></div><div class="spacer battle-history"><br></div><div class="battle-history">The opposing Drosera used <strong>Sleep Powder</strong>!<br></div><div class="battle-history"><small>Murch fell asleep!</small><br></div><div class="spacer battle-history"><br></div><div class="battle-history">Murch is fast asleep.<br></div><div class="spacer battle-history"><br></div><div class="battle-history">[Murch's Shed Skin]<br></div><div class="battle-history"><small>Murch woke up!</small><br></div><div class="spacer battle-history"><br></div><h2 class="battle-history">Turn 6</h2><div class="chat chatmessage-h2opulse"><strong style="color:#6e8c2b"><small>☆</small><span class="username" data-name="H2OPulse">H2OPulse</span>:</strong> <em>Do we Speed tie</em></div><div class="chat chatmessage-inkbug1 mine"><strong style="color:#e46e0f"><small>☆</small><span class="username" data-name="inkbug1">inkbug1</span>:</strong> <em>kjdhfgkdjhfgk</em></div><div class="chat chatmessage-inkbug1 mine"><strong style="color:#e46e0f"><small>☆</small><span class="username" data-name="inkbug1">inkbug1</span>:</strong> <em>uhh </em></div><div class="chat chatmessage-h2opulse"><strong style="color:#6e8c2b"><small>☆</small><span class="username" data-name="H2OPulse">H2OPulse</span>:</strong> <em>OH Dragon Tail</em></div><div class="chat chatmessage-inkbug1 mine"><strong style="color:#e46e0f"><small>☆</small><span class="username" data-name="inkbug1">inkbug1</span>:</strong> <em>ui dont think so no</em></div><div class="spacer battle-history"><br></div><div class="battle-history">The opposing Drosera used <strong>Power Whip</strong>!<br></div><div class="battle-history"><small>(Murch lost <abbr title="−61/334">18.3%</abbr> of its health!)</small><br></div><div class="spacer battle-history"><br></div><div class="battle-history">Murch used <strong>Dragon Tail</strong>!<br></div><div class="battle-history"><small>A critical hit!</small><br></div><div class="battle-history"><small>(The opposing Drosera lost 18% of its health!)</small><br></div><div class="spacer battle-history"><br></div><div class="battle-history">Monkshood (<strong>Mienshao-Variant</strong>) was dragged out!<br></div><div class="chat"><ul class="utilichart"><li class="result"><span class="col pokemonnamecol" style="white-space: nowrap">Mienshao-Variant</span> <span class="col typecol"><img src="https://play.pokemonshowdown.com/sprites/types/Fighting.png" alt="Fighting" height="14" width="32"><img src="https://play.pokemonshowdown.com/sprites/types/Ghost.png" alt="Ghost" height="14" width="32"></span> <span style="float: left ; min-height: 26px"><span class="col abilitycol">Inner Focus / Prankster / Berserk</span><span class="col abilitycol"></span></span></li><li style="clear: both"></li></ul></div><div class="chat"><ul class="utilichart"><li class="result"><span style="float: left ; min-height: 26px"><span class="col statcol"><em>HP</em><br>65</span> <span class="col statcol"><em>Atk</em><br>125</span> <span class="col statcol"><em>Def</em><br>60</span> <span class="col statcol"><em>SpA</em><br>105</span> <span class="col statcol"><em>SpD</em><br>60</span> <span class="col statcol"><em>Spe</em><br>95</span> </span></li><li style="clear: both"></li></ul></div><div class="battle-history"><small>(Mienshao-Variant was created by Hematite!)</small><br></div><div class="spacer battle-history"><br></div><h2 class="battle-history">Turn 7</h2><div class="chat chatmessage-inkbug1 mine"><strong style="color:#e46e0f"><small>☆</small><span class="username" data-name="inkbug1">inkbug1</span>:</strong> <em>fuck uhhh</em></div><div class="spacer battle-history"><br></div><div class="battle-history">The opposing Monkshood used <strong>Reflect</strong>!<br></div><div class="battle-history"><small>Reflect made the opposing team stronger against physical moves!</small><br></div><div class="spacer battle-history"><br></div><div class="battle-history">Murch used <strong>Bulk Up</strong>!<br></div><div class="battle-history"><small>Murch's Attack rose!</small><br></div><div class="battle-history"><small>Murch's Defense rose!</small><br></div><div class="spacer battle-history"><br></div><h2 class="battle-history">Turn 8</h2><div class="spacer battle-history"><br></div><div class="battle-history">The opposing Monkshood used <strong>Close Combat</strong>!<br></div><div class="battle-history"><small>It's super effective!</small><br></div><div class="battle-history"><small>(Murch lost <abbr title="−110/334">32.9%</abbr> of its health!)</small><br></div><div class="battle-history"><small>The opposing Monkshood's Defense fell!</small><br></div><div class="battle-history"><small>The opposing Monkshood's Sp. Def fell!</small><br></div><div class="spacer battle-history"><br></div><div class="battle-history">Murch used <strong>Bulk Up</strong>!<br></div><div class="battle-history"><small>Murch's Attack rose!</small><br></div><div class="battle-history"><small>Murch's Defense rose!</small><br></div><div class="spacer battle-history"><br></div><h2 class="battle-history">Turn 9</h2><div class="chat chatmessage-inkbug1 mine"><strong style="color:#e46e0f"><small>☆</small><span class="username" data-name="inkbug1">inkbug1</span>:</strong> <em>have i mentioned tht evolute scrafty is like</em></div><div class="chat chatmessage-inkbug1 mine"><strong style="color:#e46e0f"><small>☆</small><span class="username" data-name="inkbug1">inkbug1</span>:</strong> <em>not okay</em></div><div class="chat chatmessage-h2opulse"><strong style="color:#6e8c2b"><small>☆</small><span class="username" data-name="H2OPulse">H2OPulse</span>:</strong> <em>@.@</em></div><div class="spacer battle-history"><br></div><div class="battle-history">The opposing Monkshood used <strong>Close Combat</strong>!<br></div><div class="battle-history"><small>It's super effective!</small><br></div><div class="battle-history"><small>(Murch lost <abbr title="−80/334">24.0%</abbr> of its health!)</small><br></div><div class="battle-history"><small>The opposing Monkshood's Defense fell!</small><br></div><div class="battle-history"><small>The opposing Monkshood's Sp. Def fell!</small><br></div><div class="spacer battle-history"><br></div><div class="battle-history">Murch used <strong>Rest</strong>!<br></div><div class="battle-history"><small>Murch slept and became healthy!</small><br></div><div class="spacer battle-history"><br></div><h2 class="battle-history">Turn 10</h2><div class="spacer battle-history"><br></div><div class="battle-history">The opposing Monkshood used <strong>Me First</strong>!<br></div><div class="battle-history"><small>(Since gen 7, Dark is immune to Prankster moves.)</small><br></div><div class="battle-history"><small>It doesn't affect Murch...</small><br></div><div class="spacer battle-history"><br></div><div class="battle-history">Murch is fast asleep.<br></div><div class="spacer battle-history"><br></div><h2 class="battle-history">Turn 11</h2><div class="chat chatmessage-h2opulse"><strong style="color:#6e8c2b"><small>☆</small><span class="username" data-name="H2OPulse">H2OPulse</span>:</strong> <em>I forgot you were immune</em></div><div class="chat chatmessage-h2opulse"><strong style="color:#6e8c2b"><small>☆</small><span class="username" data-name="H2OPulse">H2OPulse</span>:</strong> <em>That was really dumb</em></div><div class="chat chatmessage-inkbug1 mine"><strong style="color:#e46e0f"><small>☆</small><span class="username" data-name="inkbug1">inkbug1</span>:</strong> <em>hgfjhfgjhf</em></div><div class="chat chatmessage-inkbug1 mine"><strong style="color:#e46e0f"><small>☆</small><span class="username" data-name="inkbug1">inkbug1</span>:</strong> <em>would that have worked</em></div><div class="chat chatmessage-h2opulse"><strong style="color:#6e8c2b"><small>☆</small><span class="username" data-name="H2OPulse">H2OPulse</span>:</strong> <em>It was going to be so genius I was going to phase you</em></div><div class="chat chatmessage-inkbug1 mine"><strong style="color:#e46e0f"><small>☆</small><span class="username" data-name="inkbug1">inkbug1</span>:</strong> <em>i see </em></div><div class="chat chatmessage-h2opulse"><strong style="color:#6e8c2b"><small>☆</small><span class="username" data-name="H2OPulse">H2OPulse</span>:</strong> <em>Unfortunately I am not smar</em></div><div class="chat chatmessage-h2opulse"><strong style="color:#6e8c2b"><small>☆</small><span class="username" data-name="H2OPulse">H2OPulse</span>:</strong> <em>t</em></div><div class="chat chatmessage-inkbug1 mine"><strong style="color:#e46e0f"><small>☆</small><span class="username" data-name="inkbug1">inkbug1</span>:</strong> <em>so it still recognizes what u clicked if ur asleep </em></div><div class="chat chatmessage-h2opulse"><strong style="color:#6e8c2b"><small>☆</small><span class="username" data-name="H2OPulse">H2OPulse</span>:</strong> <em>Yeah</em></div><div class="chat chatmessage-inkbug1 mine"><strong style="color:#e46e0f"><small>☆</small><span class="username" data-name="inkbug1">inkbug1</span>:</strong> <em>neat ! </em></div><div class="chat chatmessage-h2opulse"><strong style="color:#6e8c2b"><small>☆</small><span class="username" data-name="H2OPulse">H2OPulse</span>:</strong> <em>anyway. what do I do here</em></div><div class="spacer battle-history"><br></div><div class="battle-history">H2OPulse withdrew Monkshood!<br></div><div class="battle-history">H2OPulse sent out Nip (<strong>Persian-Alola</strong>)!<br></div><div class="spacer battle-history"><br></div><div class="battle-history">Murch is fast asleep.<br></div><div class="spacer battle-history"><br></div><h2 class="battle-history">Turn 12</h2><div class="spacer battle-history"><br></div><div class="battle-history">The opposing Nip used <strong>Nasty Plot</strong>!<br></div><div class="battle-history"><small>The opposing Nip's Sp. Atk rose sharply!</small><br></div><div class="battle-history"><small>Murch woke up!</small><br></div><div class="spacer battle-history"><br></div><div class="battle-history">Murch used <strong>Drain Punch</strong>!<br></div><div class="battle-history"><small>It's super effective!</small><br></div><div class="battle-history"><small>(The opposing Nip lost 45% of its health!)</small><br></div><div class="battle-history"><small>(The opposing Nip used its Weakness Policy!)</small><br></div><div class="battle-history"><small>The Weakness Policy sharply raised the opposing Nip's Attack!</small><br></div><div class="battle-history"><small>The Weakness Policy sharply raised the opposing Nip's Sp. Atk!</small><br></div><div class="spacer battle-history"><br></div><h2 class="battle-history">Turn 13</h2><div class="chat chatmessage-inkbug1 mine"><strong style="color:#e46e0f"><small>☆</small><span class="username" data-name="inkbug1">inkbug1</span>:</strong> <em>wopps</em></div><div class="chat chatmessage-h2opulse"><strong style="color:#6e8c2b"><small>☆</small><span class="username" data-name="H2OPulse">H2OPulse</span>:</strong> <em>regret everything probably</em></div><div class="chat chatmessage-inkbug1 mine"><strong style="color:#e46e0f"><small>☆</small><span class="username" data-name="inkbug1">inkbug1</span>:</strong> <em>which of us is regretting everyhting</em></div><div class="chat chatmessage-h2opulse"><strong style="color:#6e8c2b"><small>☆</small><span class="username" data-name="H2OPulse">H2OPulse</span>:</strong> <em>me</em></div><div class="chat chatmessage-h2opulse"><strong style="color:#6e8c2b"><small>☆</small><span class="username" data-name="H2OPulse">H2OPulse</span>:</strong> <em>my only special attacker's coverage is Dark/Rock</em></div><div class="chat chatmessage-inkbug1 mine"><strong style="color:#e46e0f"><small>☆</small><span class="username" data-name="inkbug1">inkbug1</span>:</strong> <em>ok </em></div><div class="chat chatmessage-inkbug1 mine"><strong style="color:#e46e0f"><small>☆</small><span class="username" data-name="inkbug1">inkbug1</span>:</strong> <em>faur</em></div><div class="spacer battle-history"><br></div><div class="battle-history">The opposing Nip used <strong>Dark Pulse</strong>!<br></div><div class="battle-history"><small>It's not very effective...</small><br></div><div class="battle-history"><small>(Murch lost <abbr title="−31/334">9.3%</abbr> of its health!)</small><br></div><div class="spacer battle-history"><br></div><div class="battle-history">Murch used <strong>Drain Punch</strong>!<br></div><div class="battle-history"><small>It's super effective!</small><br></div><div class="battle-history"><small>(The opposing Nip lost 13% of its health!)</small><br></div><div class="battle-history"><small>The opposing Nip had its energy drained!</small><br></div><div class="spacer battle-history"><br></div><div class="battle-history">The opposing Nip fainted!<br></div><div class="chat chatmessage-h2opulse"><strong style="color:#6e8c2b"><small>☆</small><span class="username" data-name="H2OPulse">H2OPulse</span>:</strong> <em>KSDHFJ</em></div><div class="chat chatmessage-inkbug1 mine"><strong style="color:#e46e0f"><small>☆</small><span class="username" data-name="inkbug1">inkbug1</span>:</strong> <em>jhfjkfg oh my god</em></div><div class="chat chatmessage-inkbug1 mine"><strong style="color:#e46e0f"><small>☆</small><span class="username" data-name="inkbug1">inkbug1</span>:</strong> <em>hold on whats my set on this</em></div><div class="chat chatmessage-h2opulse"><strong style="color:#6e8c2b"><small>☆</small><span class="username" data-name="H2OPulse">H2OPulse</span>:</strong> <em>I need setup control</em></div><div class="chat chatmessage-inkbug1 mine"><strong style="color:#e46e0f"><small>☆</small><span class="username" data-name="inkbug1">inkbug1</span>:</strong> <em>hes max spdef </em></div><div class="chat chatmessage-inkbug1 mine"><strong style="color:#e46e0f"><small>☆</small><span class="username" data-name="inkbug1">inkbug1</span>:</strong> <em>wait i can view the stats on the</em></div><div class="chat chatmessage-h2opulse"><strong style="color:#6e8c2b"><small>☆</small><span class="username" data-name="H2OPulse">H2OPulse</span>:</strong> <em>man what on Earth do I do here</em></div><div class="chat chatmessage-h2opulse"><strong style="color:#6e8c2b"><small>☆</small><span class="username" data-name="H2OPulse">H2OPulse</span>:</strong> <em>I <i>think</i> I just lose @.@</em></div><div class="spacer battle-history"><br></div><div class="battle-history">H2OPulse sent out Drosera (<strong>Carnivenom</strong>)!<br></div><div class="spacer battle-history"><br></div><h2 class="battle-history">Turn 14</h2><div class="spacer battle-history"><br></div><div class="battle-history">The opposing Drosera used <strong>Coil</strong>!<br></div><div class="battle-history"><small>The opposing Drosera's Attack rose!</small><br></div><div class="battle-history"><small>The opposing Drosera's Defense rose!</small><br></div><div class="battle-history"><small>The opposing Drosera's accuracy rose!</small><br></div><div class="spacer battle-history"><br></div><div class="battle-history">Murch used <strong>Dragon Tail</strong>!<br></div><div class="battle-history"><small>(The opposing Drosera lost 9% of its health!)</small><br></div><div class="spacer battle-history"><br></div><div class="battle-history">Cattail (<strong>Vaporeon</strong>) was dragged out!<br></div><div class="spacer battle-history"><br></div><div class="battle-history"><small>The opposing team's Reflect wore off!</small><br></div><div class="spacer battle-history"><br></div><h2 class="battle-history">Turn 15</h2><div class="spacer battle-history"><br></div><div class="battle-history">The opposing Cattail used <strong>Heal Bell</strong>!<br></div><div class="battle-history"><small>A bell chimed!</small><br></div><div class="battle-history"><small>The opposing Carnation's burn was healed!</small><br></div><div class="spacer battle-history"><br></div><div class="battle-history">Murch used <strong>Drain Punch</strong>!<br></div><div class="battle-history"><small>(The opposing Cattail lost 49% of its health!)</small><br></div><div class="battle-history"><small>The opposing Cattail had its energy drained!</small><br></div><div class="spacer battle-history"><br></div><div class="battle-history"><small>The opposing Cattail restored a little HP using its Leftovers!</small><br></div><div class="spacer battle-history"><br></div><h2 class="battle-history">Turn 16</h2><div class="spacer battle-history"><br></div><div class="battle-history">H2OPulse withdrew Cattail!<br></div><div class="battle-history">H2OPulse sent out Drosera (<strong>Carnivenom</strong>)!<br></div><div class="spacer battle-history"><br></div><div class="battle-history">Murch used <strong>Bulk Up</strong>!<br></div><div class="battle-history"><small>Murch's Attack rose!</small><br></div><div class="battle-history"><small>Murch's Defense rose!</small><br></div><div class="spacer battle-history"><br></div><div class="battle-history"><small>The opposing Drosera restored a little HP using its Black Sludge!</small><br></div><div class="spacer battle-history"><br></div><h2 class="battle-history">Turn 17</h2><div class="spacer battle-history"><br></div><div class="battle-history">The opposing Drosera used <strong>Power Whip</strong>!<br></div><div class="battle-history"><small>(Murch lost <abbr title="−31/334">9.3%</abbr> of its health!)</small><br></div><div class="spacer battle-history"><br></div><div class="battle-history">Murch used <strong>Dragon Tail</strong>!<br></div><div class="battle-history"><small>(The opposing Drosera lost 32% of its health!)</small><br></div><div class="spacer battle-history"><br></div><div class="battle-history">Monkshood (<strong>Mienshao-Variant</strong>) was dragged out!<br></div><div class="spacer battle-history"><br></div><h2 class="battle-history">Turn 18</h2><div class="spacer battle-history"><br></div><div class="battle-history">The opposing Monkshood used <strong>Reflect</strong>!<br></div><div class="battle-history"><small>Reflect made the opposing team stronger against physical moves!</small><br></div><div class="spacer battle-history"><br></div><div class="battle-history">Murch used <strong>Dragon Tail</strong>!<br></div><div class="battle-history"><small>(The opposing Monkshood lost 28% of its health!)</small><br></div><div class="spacer battle-history"><br></div><div class="battle-history">Cattail (<strong>Vaporeon</strong>) was dragged out!<br></div><div class="spacer battle-history"><br></div><div class="battle-history"><small>The opposing Cattail restored a little HP using its Leftovers!</small><br></div><div class="spacer battle-history"><br></div><h2 class="battle-history">Turn 19</h2><div class="spacer battle-history"><br></div><div class="battle-history">The opposing Cattail used <strong>Flip Turn</strong>!<br></div><div class="battle-history"><small>(Murch lost <abbr title="−12/334">3.6%</abbr> of its health!)</small><br></div><div class="spacer battle-history"><br></div><div class="battle-history">H2OPulse withdrew Cattail!<br></div><div class="battle-history">H2OPulse sent out Carnation (<strong>Balleringue</strong>)!<br></div><div class="spacer battle-history"><br></div><div class="battle-history">Murch used <strong>Bulk Up</strong>!<br></div><div class="battle-history"><small>Murch's Attack rose!</small><br></div><div class="battle-history"><small>Murch's Defense rose!</small><br></div><div class="spacer battle-history"><br></div><h2 class="battle-history">Turn 20</h2><div class="spacer battle-history"><br></div><div class="battle-history">The opposing Carnation used <strong>Leech Life</strong>!<br></div><div class="battle-history"><small>(Murch lost <abbr title="−32/334">9.6%</abbr> of its health!)</small><br></div><div class="battle-history"><small>Murch had its energy drained!</small><br></div><div class="battle-history"><small>The opposing Carnation lost some of its HP!</small><br></div><div class="spacer battle-history"><br></div><div class="battle-history">Murch used <strong>Drain Punch</strong>!<br></div><div class="battle-history"><small>(The opposing Carnation lost 33% of its health!)</small><br></div><div class="battle-history"><small>The opposing Carnation had its energy drained!</small><br></div><div class="spacer battle-history"><br></div><h2 class="battle-history">Turn 21</h2><div class="spacer battle-history"><br></div><div class="battle-history">The opposing Carnation used <strong>Leech Life</strong>!<br></div><div class="battle-history"><small>(Murch lost <abbr title="−31/334">9.3%</abbr> of its health!)</small><br></div><div class="battle-history"><small>Murch had its energy drained!</small><br></div><div class="battle-history"><small>The opposing Carnation lost some of its HP!</small><br></div><div class="spacer battle-history"><br></div><div class="battle-history">Murch used <strong>Drain Punch</strong>!<br></div><div class="battle-history"><small>(The opposing Carnation lost 32% of its health!)</small><br></div><div class="battle-history"><small>The opposing Carnation had its energy drained!</small><br></div><div class="spacer battle-history"><br></div><h2 class="battle-history">Turn 22</h2><div class="chat chatmessage-inkbug1 mine"><strong style="color:#e46e0f"><small>☆</small><span class="username" data-name="inkbug1">inkbug1</span>:</strong> <em>buries face in hands </em></div><div class="chat chatmessage-inkbug1 mine"><strong style="color:#e46e0f"><small>☆</small><span class="username" data-name="inkbug1">inkbug1</span>:</strong> <em>ok thsi was not how i was expecting that to go</em></div><div class="chat chatmessage-h2opulse"><strong style="color:#6e8c2b"><small>☆</small><span class="username" data-name="H2OPulse">H2OPulse</span>:</strong> <em>I'm losing my mind</em></div><div class="spacer battle-history"><br></div><div class="battle-history">The opposing Carnation used <strong>Leech Life</strong>!<br></div><div class="battle-history"><small>(Murch lost <abbr title="−31/334">9.3%</abbr> of its health!)</small><br></div><div class="battle-history"><small>Murch had its energy drained!</small><br></div><div class="battle-history"><small>The opposing Carnation lost some of its HP!</small><br></div><div class="spacer battle-history"><br></div><div class="battle-history">Murch used <strong>Drain Punch</strong>!<br></div><div class="battle-history"><small>(The opposing Carnation lost 3% of its health!)</small><br></div><div class="battle-history"><small>The opposing Carnation had its energy drained!</small><br></div><div class="spacer battle-history"><br></div><div class="battle-history">The opposing Carnation fainted!<br></div><div class="spacer battle-history"><br></div><div class="battle-history">H2OPulse sent out Rampion (<strong>Rubulwark</strong>)!<br></div><div class="chat"><ul class="utilichart"><li class="result"><span class="col pokemonnamecol" style="white-space: nowrap">Rubulwark</span> <span class="col typecol"><img src="https://play.pokemonshowdown.com/sprites/types/Dragon.png" alt="Dragon" height="14" width="32"><img src="https://play.pokemonshowdown.com/sprites/types/Rock.png" alt="Rock" height="14" width="32"></span> <span style="float: left ; min-height: 26px"><span class="col abilitycol">Weak Armor / Sheer Force / Mold Breaker</span><span class="col abilitycol"></span></span></li><li style="clear: both"></li></ul></div><div class="chat"><ul class="utilichart"><li class="result"><span style="float: left ; min-height: 26px"><span class="col statcol"><em>HP</em><br>87</span> <span class="col statcol"><em>Atk</em><br>160</span> <span class="col statcol"><em>Def</em><br>90</span> <span class="col statcol"><em>SpA</em><br>60</span> <span class="col statcol"><em>SpD</em><br>90</span> <span class="col statcol"><em>Spe</em><br>38</span> </span></li><li style="clear: both"></li></ul></div><div class="battle-history"><small>(Rubulwark was created by Hematite!)</small><br></div><div class="spacer battle-history"><br></div><h2 class="battle-history">Turn 23</h2><div class="spacer battle-history"><br></div><div class="battle-history">The opposing Rampion used <strong>Dragon Hammer</strong>!<br></div><div class="battle-history"><small>(Murch lost <abbr title="−37/334">11.1%</abbr> of its health!)</small><br></div><div class="spacer battle-history"><br></div><div class="battle-history">Murch used <strong>Drain Punch</strong>!<br></div><div class="battle-history"><small>It's super effective!</small><br></div><div class="battle-history"><small>(The opposing Rampion lost 78% of its health!)</small><br></div><div class="battle-history"><small>The opposing Rampion had its energy drained!</small><br></div><div class="battle-history"><small>Murch was hurt by the Rocky Helmet!</small><br></div><div class="battle-history">[The opposing Rampion's Weak Armor]<br></div><div class="battle-history"><small>The opposing Rampion's Defense fell!</small><br></div><div class="battle-history"><small>The opposing Rampion's Speed rose sharply!</small><br></div><div class="spacer battle-history"><br></div><h2 class="battle-history">Turn 24</h2><div class="spacer battle-history"><br></div><div class="battle-history">The opposing Rampion used <strong>Dragon Hammer</strong>!<br></div><div class="battle-history"><small>(Murch lost <abbr title="−33/334">9.9%</abbr> of its health!)</small><br></div><div class="spacer battle-history"><br></div><div class="battle-history">Murch used <strong>Drain Punch</strong>!<br></div><div class="battle-history"><small>It's super effective!</small><br></div><div class="battle-history"><small>(The opposing Rampion lost 22% of its health!)</small><br></div><div class="battle-history"><small>The opposing Rampion had its energy drained!</small><br></div><div class="battle-history"><small>Murch was hurt by the Rocky Helmet!</small><br></div><div class="spacer battle-history"><br></div><div class="battle-history">The opposing Rampion fainted!<br></div><div class="spacer battle-history"><br></div><div class="battle-history">H2OPulse sent out Monkshood (<strong>Mienshao-Variant</strong>)!<br></div><div class="spacer battle-history"><br></div><h2 class="battle-history">Turn 25</h2><div class="spacer battle-history"><br></div><div class="battle-history">The opposing Monkshood used <strong>Close Combat</strong>!<br></div><div class="battle-history"><small>It's super effective!</small><br></div><div class="battle-history"><small>(Murch lost <abbr title="−54/334">16.2%</abbr> of its health!)</small><br></div><div class="battle-history"><small>The opposing Monkshood's Defense fell!</small><br></div><div class="battle-history"><small>The opposing Monkshood's Sp. Def fell!</small><br></div><div class="spacer battle-history"><br></div><div class="battle-history">Murch used <strong>Dragon Tail</strong>!<br></div><div class="battle-history"><small>The opposing Monkshood avoided the attack!</small><br></div><div class="spacer battle-history"><br></div><div class="battle-history"><small>The opposing team's Reflect wore off!</small><br></div><div class="spacer battle-history"><br></div><h2 class="battle-history">Turn 26</h2><div class="chat chatmessage-inkbug1 mine"><strong style="color:#e46e0f"><small>☆</small><span class="username" data-name="inkbug1">inkbug1</span>:</strong> <em>i m </em></div><div class="spacer battle-history"><br></div><div class="battle-history">The opposing Monkshood used <strong>Close Combat</strong>!<br></div><div class="battle-history"><small>It's super effective!</small><br></div><div class="battle-history"><small>(Murch lost <abbr title="−56/334">16.8%</abbr> of its health!)</small><br></div><div class="battle-history"><small>The opposing Monkshood's Defense fell!</small><br></div><div class="battle-history"><small>The opposing Monkshood's Sp. Def fell!</small><br></div><div class="spacer battle-history"><br></div><div class="battle-history">Murch used <strong>Dragon Tail</strong>!<br></div><div class="battle-history"><small>(The opposing Monkshood lost 72% of its health!)</small><br></div><div class="spacer battle-history"><br></div><div class="battle-history">The opposing Monkshood fainted!<br></div><div class="spacer battle-history"><br></div><div class="battle-history">H2OPulse sent out Drosera (<strong>Carnivenom</strong>)!<br></div><div class="spacer battle-history"><br></div><h2 class="battle-history">Turn 27</h2><div class="spacer battle-history"><br></div><div class="battle-history">Murch used <strong>Rest</strong>!<br></div><div class="battle-history"><small>Murch slept and became healthy!</small><br></div><div class="spacer battle-history"><br></div><div class="battle-history">The opposing Drosera used <strong>Power Whip</strong>!<br></div><div class="battle-history"><small>(Murch lost <abbr title="−28/334">8.4%</abbr> of its health!)</small><br></div><div class="spacer battle-history"><br></div><div class="battle-history">[Murch's Shed Skin]<br></div><div class="battle-history"><small>Murch woke up!</small><br></div><div class="battle-history"><small>The opposing Drosera restored a little HP using its Black Sludge!</small><br></div><div class="spacer battle-history"><br></div><h2 class="battle-history">Turn 28</h2><div class="chat chatmessage-h2opulse"><strong style="color:#6e8c2b"><small>☆</small><span class="username" data-name="H2OPulse">H2OPulse</span>:</strong> <em>This is hilarious</em></div><div class="chat chatmessage-inkbug1 mine"><strong style="color:#e46e0f"><small>☆</small><span class="username" data-name="inkbug1">inkbug1</span>:</strong> <em>i was scared of getting sleep powdered before a rest but the speed tie saved me </em></div><div class="chat chatmessage-h2opulse"><strong style="color:#6e8c2b"><small>☆</small><span class="username" data-name="H2OPulse">H2OPulse</span>:</strong> <em>I think you're naturally faster Dragon Tail just has decreased priority</em></div><div class="chat chatmessage-inkbug1 mine"><strong style="color:#e46e0f"><small>☆</small><span class="username" data-name="inkbug1">inkbug1</span>:</strong> <em>i think drosera is the best mu i have a hard time damaging it w/ coil </em></div><div class="chat chatmessage-inkbug1 mine"><strong style="color:#e46e0f"><small>☆</small><span class="username" data-name="inkbug1">inkbug1</span>:</strong> <em>oh right </em></div><div class="chat chatmessage-inkbug1 mine"><strong style="color:#e46e0f"><small>☆</small><span class="username" data-name="inkbug1">inkbug1</span>:</strong> <em>im not smart i forgot that already </em></div><div class="spacer battle-history"><br></div><div class="battle-history">The opposing Drosera used <strong>Coil</strong>!<br></div><div class="battle-history"><small>The opposing Drosera's Attack rose!</small><br></div><div class="battle-history"><small>The opposing Drosera's Defense rose!</small><br></div><div class="battle-history"><small>The opposing Drosera's accuracy rose!</small><br></div><div class="spacer battle-history"><br></div><div class="battle-history">Murch used <strong>Dragon Tail</strong>!<br></div><div class="battle-history"><small>(The opposing Drosera lost 26% of its health!)</small><br></div><div class="spacer battle-history"><br></div><div class="battle-history">Cattail (<strong>Vaporeon</strong>) was dragged out!<br></div><div class="spacer battle-history"><br></div><div class="battle-history"><small>The opposing Cattail restored a little HP using its Leftovers!</small><br></div><div class="spacer battle-history"><br></div><h2 class="battle-history">Turn 29</h2><div class="chat chatmessage-h2opulse"><strong style="color:#6e8c2b"><small>☆</small><span class="username" data-name="H2OPulse">H2OPulse</span>:</strong> <em>What if I just</em></div><div class="spacer battle-history"><br></div><div class="battle-history">The opposing Cattail used <strong>Wish</strong>!<br></div><div class="spacer battle-history"><br></div><div class="battle-history">Murch used <strong>Drain Punch</strong>!<br></div><div class="battle-history"><small>(The opposing Cattail lost 69% of its health!)</small><br></div><div class="battle-history"><small>The opposing Cattail had its energy drained!</small><br></div><div class="spacer battle-history"><br></div><div class="battle-history">The opposing Cattail fainted!<br></div><div class="spacer battle-history"><br></div><div class="battle-history">H2OPulse sent out Drosera (<strong>Carnivenom</strong>)!<br></div><div class="spacer battle-history"><br></div><h2 class="battle-history">Turn 30</h2><div class="chat chatmessage-inkbug1 mine"><strong style="color:#e46e0f"><small>☆</small><span class="username" data-name="inkbug1">inkbug1</span>:</strong> <em>yeah see this is your best bet i think </em></div><div class="chat chatmessage-h2opulse"><strong style="color:#6e8c2b"><small>☆</small><span class="username" data-name="H2OPulse">H2OPulse</span>:</strong> <em>yeah I need this to be my literal last Pokémon to avoid phasing</em></div><div class="chat chatmessage-h2opulse"><strong style="color:#6e8c2b"><small>☆</small><span class="username" data-name="H2OPulse">H2OPulse</span>:</strong> <em>I clearly do not win this but</em></div><div class="spacer battle-history"><br></div><div class="battle-history">Murch used <strong>Drain Punch</strong>!<br></div><div class="battle-history"><small>It's not very effective...</small><br></div><div class="battle-history"><small>(The opposing Drosera lost 28% of its health!)</small><br></div><div class="spacer battle-history"><br></div><div class="battle-history">The opposing Drosera fainted!<br></div><div class="spacer battle-history"><br></div><div class="battle-history"><strong>inkbug1</strong> won the battle!<br></div><div class="chat chatmessage-h2opulse"><strong style="color:#6e8c2b"><small>☆</small><span class="username" data-name="H2OPulse">H2OPulse</span>:</strong> <em>yeah okay</em></div><div class="chat chatmessage-inkbug1 mine"><strong style="color:#e46e0f"><small>☆</small><span class="username" data-name="inkbug1">inkbug1</span>:</strong> <em>or that kills</em></div><div class="chat chatmessage-inkbug1 mine"><strong style="color:#e46e0f"><small>☆</small><span class="username" data-name="inkbug1">inkbug1</span>:</strong> <em>okay </em></div><div class="chat chatmessage-h2opulse"><strong style="color:#6e8c2b"><small>☆</small><span class="username" data-name="H2OPulse">H2OPulse</span>:</strong> <em>Good game :'D</em></div><div class="chat chatmessage-inkbug1 mine"><strong style="color:#e46e0f"><small>☆</small><span class="username" data-name="inkbug1">inkbug1</span>:</strong> <em>lord ?? ? </em></div><div class="chat chatmessage-inkbug1 mine"><strong style="color:#e46e0f"><small>☆</small><span class="username" data-name="inkbug1">inkbug1</span>:</strong> <em>ok </em></div><div class="chat chatmessage-inkbug1 mine"><strong style="color:#e46e0f"><small>☆</small><span class="username" data-name="inkbug1">inkbug1</span>:</strong> <em>gg</em></div></div><div class="inner-preempt message-log"></div></div></div>
</div>
<script>
let daily = Math.floor(Date.now()/1000/60/60/24);document.write('<script src="https://dragonheaven.herokuapp.com/js/replay-embed.js?version'+daily+'"></'+'script>');
</script>
