<!DOCTYPE html>
<meta charset="utf-8" />
<!-- version 1 -->
<title>[Gen 8] Evolution Project replay: Hematemesis vs. H2OPulse</title>
<style>
html,body {font-family:Verdana, sans-serif;font-size:10pt;margin:0;padding:0;}body{padding:12px 0;} .battle-log {font-family:Verdana, sans-serif;font-size:10pt;} .battle-log-inline {border:1px solid #AAAAAA;background:#EEF2F5;color:black;max-width:640px;margin:0 auto 80px;padding-bottom:5px;} .battle-log .inner {padding:4px 8px 0px 8px;} .battle-log .inner-preempt {padding:0 8px 4px 8px;} .battle-log .inner-after {margin-top:0.5em;} .battle-log h2 {margin:0.5em -8px;padding:4px 8px;border:1px solid #AAAAAA;background:#E0E7EA;border-left:0;border-right:0;font-family:Verdana, sans-serif;font-size:13pt;} .battle-log .chat {vertical-align:middle;padding:3px 0 3px 0;font-size:8pt;} .battle-log .chat strong {color:#40576A;} .battle-log .chat em {padding:1px 4px 1px 3px;color:#000000;font-style:normal;} .chat.mine {background:rgba(0,0,0,0.05);margin-left:-8px;margin-right:-8px;padding-left:8px;padding-right:8px;} .spoiler {color:#BBBBBB;background:#BBBBBB;padding:0px 3px;} .spoiler:hover, .spoiler:active, .spoiler-shown {color:#000000;background:#E2E2E2;padding:0px 3px;} .spoiler a {color:#BBBBBB;} .spoiler:hover a, .spoiler:active a, .spoiler-shown a {color:#2288CC;} .chat code, .chat .spoiler:hover code, .chat .spoiler:active code, .chat .spoiler-shown code {border:1px solid #C0C0C0;background:#EEEEEE;color:black;padding:0 2px;} .chat .spoiler code {border:1px solid #CCCCCC;background:#CCCCCC;color:#CCCCCC;} .battle-log .rated {padding:3px 4px;} .battle-log .rated strong {color:white;background:#89A;padding:1px 4px;border-radius:4px;} .spacer {margin-top:0.5em;} .message-announce {background:#6688AA;color:white;padding:1px 4px 2px;} .message-announce a, .broadcast-green a, .broadcast-blue a, .broadcast-red a {color:#DDEEFF;} .broadcast-green {background-color:#559955;color:white;padding:2px 4px;} .broadcast-blue {background-color:#6688AA;color:white;padding:2px 4px;} .infobox {border:1px solid #6688AA;padding:2px 4px;} .infobox-limited {max-height:200px;overflow:auto;overflow-x:hidden;} .broadcast-red {background-color:#AA5544;color:white;padding:2px 4px;} .message-learn-canlearn {font-weight:bold;color:#228822;text-decoration:underline;} .message-learn-cannotlearn {font-weight:bold;color:#CC2222;text-decoration:underline;} .message-effect-weak {font-weight:bold;color:#CC2222;} .message-effect-resist {font-weight:bold;color:#6688AA;} .message-effect-immune {font-weight:bold;color:#666666;} .message-learn-list {margin-top:0;margin-bottom:0;} .message-throttle-notice, .message-error {color:#992222;} .message-overflow, .chat small.message-overflow {font-size:0pt;} .message-overflow::before {font-size:9pt;content:'...';} .subtle {color:#3A4A66;}
</style>
<div class="wrapper replay-wrapper" style="max-width:1180px;margin:0 auto">
<input type="hidden" name="replayid" value="dragonheaven-gen8evolutionproject-288" />
<div class="battle"></div><div class="battle-log"></div><div class="replay-controls"></div><div class="replay-controls-2"></div>
<h1 style="font-weight:normal;text-align:center"><strong>[Gen 8] Evolution Project</strong><br /><a href="http://pokemonshowdown.com/users/hematemesis" class="subtle" target="_blank">Hematemesis</a> vs. <a href="http://pokemonshowdown.com/users/h2opulse" class="subtle" target="_blank">H2OPulse</a></h1>
<script type="text/plain" class="battle-log-data">|j|☆Hematemesis
|j|☆H2OPulse
|t:|1640410917
|player|p1|Hematemesis|siebold|
|player|p2|H2OPulse|aetherfoundation|
|teamsize|p1|6
|teamsize|p2|6
|gametype|singles
|gen|8
|tier|[Gen 8] Evolution Project
|clearpoke
|poke|p1|Gardevoir, M|
|poke|p1|Hoobarn, F|
|poke|p1|Carnivenom, F|
|poke|p1|Steelix, F|
|poke|p1|Umbreon, F|
|poke|p1|Mienshao, M|
|poke|p2|Mienshao-Variant, M|
|poke|p2|Rubulwark, M|
|poke|p2|Balleringue, F|
|poke|p2|Persian-Alola, M|
|poke|p2|Carnivenom, F|
|poke|p2|Vaporeon, F|
|rule|HP Percentage Mod: HP is shown in percentages
|rule|Endless Battle Clause: Forcing endless battles is banned
|rule|OHKO Clause: OHKO moves are banned
|rule|Evasion Moves Clause: Evasion moves are banned
|rule|Species Clause: Limit one of each Pokémon
|rule|Dynamax Clause: You cannot dynamax
|rule|Sleep Clause Mod: Limit one foe put to sleep
|rule|Z-Move Clause: Type-based Z-Moves are banned
|teampreview
|j|~inkbug1

|c|☆H2OPulse|Good luck and have fun!!! O:
|
|t:|1640410932
|start
|switch|p1a: Hoobarn|Hoobarn, F|100\/100
|switch|p2a: Carnation|Balleringue, F|100\/100
|-start|p1a: Hoobarn|typechange|Normal\/Flying|[silent]
|raw|<ul class="utilichart"><li class="result"><span class="col pokemonnamecol" style="white-space: nowrap">Hoobarn<\/span> <span class="col typecol"><img src="https:\/\/play.pokemonshowdown.com\/sprites\/types\/Normal.png" alt="Normal" height="14" width="32"><img src="https:\/\/play.pokemonshowdown.com\/sprites\/types\/Flying.png" alt="Flying" height="14" width="32"><\/span> <span style="float: left ; min-height: 26px"><span class="col abilitycol">Insomnia \/ Keen Eye \/ Prankster<\/span><span class="col abilitycol"><\/span><\/span><\/li><li style="clear: both"><\/li><\/ul>
|raw|<ul class="utilichart"><li class="result"><span style="float: left ; min-height: 26px"><span class="col statcol"><em>HP<\/em><br>100<\/span> <span class="col statcol"><em>Atk<\/em><br>70<\/span> <span class="col statcol"><em>Def<\/em><br>90<\/span> <span class="col statcol"><em>SpA<\/em><br>86<\/span> <span class="col statcol"><em>SpD<\/em><br>96<\/span> <span class="col statcol"><em>Spe<\/em><br>70<\/span> <\/span><\/li><li style="clear: both"><\/li><\/ul>
|-hint|Hoobarn was created by Bolivia!
|-start|p2a: Carnation|typechange|Bug\/Steel|[silent]
|raw|<ul class="utilichart"><li class="result"><span class="col pokemonnamecol" style="white-space: nowrap">Balleringue<\/span> <span class="col typecol"><img src="https:\/\/play.pokemonshowdown.com\/sprites\/types\/Bug.png" alt="Bug" height="14" width="32"><img src="https:\/\/play.pokemonshowdown.com\/sprites\/types\/Steel.png" alt="Steel" height="14" width="32"><\/span> <span style="float: left ; min-height: 26px"><span class="col abilitycol">Anticipation \/ Triage \/ Overcoat<\/span><span class="col abilitycol"><\/span><\/span><\/li><li style="clear: both"><\/li><\/ul>
|raw|<ul class="utilichart"><li class="result"><span style="float: left ; min-height: 26px"><span class="col statcol"><em>HP<\/em><br>80<\/span> <span class="col statcol"><em>Atk<\/em><br>109<\/span> <span class="col statcol"><em>Def<\/em><br>105<\/span> <span class="col statcol"><em>SpA<\/em><br>69<\/span> <span class="col statcol"><em>SpD<\/em><br>105<\/span> <span class="col statcol"><em>Spe<\/em><br>29<\/span> <\/span><\/li><li style="clear: both"><\/li><\/ul>
|-hint|Balleringue was created by Magmajudis!
|turn|1
|
|t:|1640410941
|move|p1a: Hoobarn|Feather Dance|p2a: Carnation
|-unboost|p2a: Carnation|atk|2
|move|p2a: Carnation|Gyro Ball|p1a: Hoobarn
|-damage|p1a: Hoobarn|88\/100
|
|upkeep
|turn|2
|c|☆H2OPulse|Yeah fair
|c|☆H2OPulse|Oh are you not Flame Orb? O:
|
|t:|1640410954
|move|p1a: Hoobarn|Hurricane|p2a: Carnation
|-damage|p2a: Carnation|73\/100
|move|p2a: Carnation|Stealth Rock|p1a: Hoobarn
|-sidestart|p1: Hematemesis|move: Stealth Rock
|
|upkeep
|turn|3
|c|☆Hematemesis|I changed the set I didn't like it as much
|
|t:|1640410959
|move|p2a: Carnation|Leech Life|p1a: Hoobarn
|-resisted|p1a: Hoobarn
|-damage|p1a: Hoobarn|82\/100
|-heal|p2a: Carnation|77\/100|[from] drain|[of] p1a: Hoobarn
|-heal|p2a: Carnation|77\/100|[from] item: Shell Bell|[of] p1a: Hoobarn
|move|p1a: Hoobarn|Defog|p2a: Carnation
|-unboost|p2a: Carnation|evasion|1
|-sideend|p1: Hematemesis|Stealth Rock|[from] move: Defog|[of] p1a: Hoobarn
|
|upkeep
|turn|4
|c|☆H2OPulse|Fair okay!
|j| KeroseneZanchu
|
|t:|1640410967
|switch|p1a: Mienshao|Mienshao, M|100\/100
|move|p2a: Carnation|Stealth Rock|p1a: Mienshao
|-sidestart|p1: Hematemesis|move: Stealth Rock
|
|upkeep
|turn|5
|
|t:|1640410974
|move|p1a: Mienshao|Knock Off|p2a: Carnation
|-damage|p2a: Carnation|40\/100
|-enditem|p2a: Carnation|Shell Bell|[from] move: Knock Off|[of] p1a: Mienshao
|-damage|p1a: Mienshao|91\/100|[from] item: Life Orb
|move|p2a: Carnation|Gyro Ball|p1a: Mienshao
|-damage|p1a: Mienshao|17\/100
|
|upkeep
|turn|6
|c|☆H2OPulse|__at -2__
|
|t:|1640410995
|switch|p2a: Rampion|Rubulwark, M|100\/100
|-start|p2a: Rampion|typechange|Dragon\/Rock|[silent]
|raw|<ul class="utilichart"><li class="result"><span class="col pokemonnamecol" style="white-space: nowrap">Rubulwark<\/span> <span class="col typecol"><img src="https:\/\/play.pokemonshowdown.com\/sprites\/types\/Dragon.png" alt="Dragon" height="14" width="32"><img src="https:\/\/play.pokemonshowdown.com\/sprites\/types\/Rock.png" alt="Rock" height="14" width="32"><\/span> <span style="float: left ; min-height: 26px"><span class="col abilitycol">Weak Armor \/ Sheer Force \/ Mold Breaker<\/span><span class="col abilitycol"><\/span><\/span><\/li><li style="clear: both"><\/li><\/ul>
|raw|<ul class="utilichart"><li class="result"><span style="float: left ; min-height: 26px"><span class="col statcol"><em>HP<\/em><br>87<\/span> <span class="col statcol"><em>Atk<\/em><br>160<\/span> <span class="col statcol"><em>Def<\/em><br>90<\/span> <span class="col statcol"><em>SpA<\/em><br>60<\/span> <span class="col statcol"><em>SpD<\/em><br>90<\/span> <span class="col statcol"><em>Spe<\/em><br>38<\/span> <\/span><\/li><li style="clear: both"><\/li><\/ul>
|-hint|Rubulwark was created by Hematite!
|move|p1a: Mienshao|U-turn|p2a: Rampion
|-damage|p2a: Rampion|61\/100
|-damage|p1a: Mienshao|0 fnt|[from] item: Rocky Helmet|[of] p2a: Rampion
|-ability|p2a: Rampion|Weak Armor|boost
|-unboost|p2a: Rampion|def|1
|-boost|p2a: Rampion|spe|2
|faint|p1a: Mienshao
|
|upkeep
|
|t:|1640411004
|switch|p1a: Steelix|Steelix, F|100\/100
|-damage|p1a: Steelix|97\/100|[from] Stealth Rock
|turn|7
|
|t:|1640411013
|switch|p2a: Drosera|Carnivenom, F|100\/100
|-start|p2a: Drosera|typechange|Grass\/Poison|[silent]
|raw|<ul class="utilichart"><li class="result"><span class="col pokemonnamecol" style="white-space: nowrap">Carnivenom<\/span> <span class="col typecol"><img src="https:\/\/play.pokemonshowdown.com\/sprites\/types\/Grass.png" alt="Grass" height="14" width="32"><img src="https:\/\/play.pokemonshowdown.com\/sprites\/types\/Poison.png" alt="Poison" height="14" width="32"><\/span> <span style="float: left ; min-height: 26px"><span class="col abilitycol">Levitate<\/span><span class="col abilitycol"><\/span><\/span><\/li><li style="clear: both"><\/li><\/ul>
|raw|<ul class="utilichart"><li class="result"><span style="float: left ; min-height: 26px"><span class="col statcol"><em>HP<\/em><br>94<\/span> <span class="col statcol"><em>Atk<\/em><br>105<\/span> <span class="col statcol"><em>Def<\/em><br>82<\/span> <span class="col statcol"><em>SpA<\/em><br>100<\/span> <span class="col statcol"><em>SpD<\/em><br>102<\/span> <span class="col statcol"><em>Spe<\/em><br>51<\/span> <\/span><\/li><li style="clear: both"><\/li><\/ul>
|-hint|Carnivenom was created by inkbug!
|move|p1a: Steelix|Heavy Slam|p2a: Drosera
|-damage|p2a: Drosera|47\/100
|
|-heal|p2a: Drosera|53\/100|[from] item: Black Sludge
|-heal|p1a: Steelix|100\/100|[from] item: Leftovers
|upkeep
|turn|8
|c|☆H2OPulse|O w fair
|
|t:|1640411025
|switch|p2a: Cattail|Vaporeon, F|100\/100
|move|p1a: Steelix|Heavy Slam|p2a: Cattail
|-resisted|p2a: Cattail
|-damage|p2a: Cattail|71\/100
|
|-heal|p2a: Cattail|77\/100|[from] item: Leftovers
|upkeep
|turn|9
|
|t:|1640411031
|switch|p1a: Carnivenom|Carnivenom, F|100\/100
|-damage|p1a: Carnivenom|88\/100|[from] Stealth Rock
|-start|p1a: Carnivenom|typechange|Grass\/Poison|[silent]
|raw|<ul class="utilichart"><li class="result"><span class="col pokemonnamecol" style="white-space: nowrap">Carnivenom<\/span> <span class="col typecol"><img src="https:\/\/play.pokemonshowdown.com\/sprites\/types\/Grass.png" alt="Grass" height="14" width="32"><img src="https:\/\/play.pokemonshowdown.com\/sprites\/types\/Poison.png" alt="Poison" height="14" width="32"><\/span> <span style="float: left ; min-height: 26px"><span class="col abilitycol">Levitate<\/span><span class="col abilitycol"><\/span><\/span><\/li><li style="clear: both"><\/li><\/ul>
|raw|<ul class="utilichart"><li class="result"><span style="float: left ; min-height: 26px"><span class="col statcol"><em>HP<\/em><br>94<\/span> <span class="col statcol"><em>Atk<\/em><br>105<\/span> <span class="col statcol"><em>Def<\/em><br>82<\/span> <span class="col statcol"><em>SpA<\/em><br>100<\/span> <span class="col statcol"><em>SpD<\/em><br>102<\/span> <span class="col statcol"><em>Spe<\/em><br>51<\/span> <\/span><\/li><li style="clear: both"><\/li><\/ul>
|-hint|Carnivenom was created by inkbug!
|move|p2a: Cattail|Wish|p2a: Cattail
|
|-heal|p2a: Cattail|83\/100|[from] item: Leftovers
|-heal|p1a: Carnivenom|94\/100|[from] item: Black Sludge
|upkeep
|turn|10
|
|t:|1640411037
|switch|p2a: Carnation|Balleringue, F|40\/100
|-start|p2a: Carnation|typechange|Bug\/Steel|[silent]
|move|p1a: Carnivenom|Leech Seed|p2a: Carnation|[miss]
|-miss|p1a: Carnivenom|p2a: Carnation
|
|-heal|p2a: Carnation|100\/100|[from] move: Wish|[wisher] Cattail
|-heal|p1a: Carnivenom|100\/100|[from] item: Black Sludge
|upkeep
|turn|11
|c|☆H2OPulse|Aah sorry;;
|
|t:|1640411044
|move|p2a: Carnation|Leech Life|p1a: Carnivenom
|-damage|p1a: Carnivenom|61\/100
|move|p1a: Carnivenom|Leech Seed|p2a: Carnation
|-start|p2a: Carnation|move: Leech Seed
|
|-heal|p1a: Carnivenom|68\/100|[from] item: Black Sludge
|-damage|p2a: Carnation|88\/100|[from] Leech Seed|[of] p1a: Carnivenom
|-heal|p1a: Carnivenom|79\/100|[silent]
|upkeep
|turn|12
|
|t:|1640411051
|switch|p1a: Hoobarn|Hoobarn, F|82\/100
|-start|p1a: Hoobarn|typechange|Normal\/Flying|[silent]
|switch|p2a: Monkshood|Mienshao-Variant, M|100\/100
|-start|p2a: Monkshood|typechange|Fighting\/Ghost|[silent]
|raw|<ul class="utilichart"><li class="result"><span class="col pokemonnamecol" style="white-space: nowrap">Mienshao-Variant<\/span> <span class="col typecol"><img src="https:\/\/play.pokemonshowdown.com\/sprites\/types\/Fighting.png" alt="Fighting" height="14" width="32"><img src="https:\/\/play.pokemonshowdown.com\/sprites\/types\/Ghost.png" alt="Ghost" height="14" width="32"><\/span> <span style="float: left ; min-height: 26px"><span class="col abilitycol">Inner Focus \/ Prankster \/ Berserk<\/span><span class="col abilitycol"><\/span><\/span><\/li><li style="clear: both"><\/li><\/ul>
|raw|<ul class="utilichart"><li class="result"><span style="float: left ; min-height: 26px"><span class="col statcol"><em>HP<\/em><br>65<\/span> <span class="col statcol"><em>Atk<\/em><br>125<\/span> <span class="col statcol"><em>Def<\/em><br>60<\/span> <span class="col statcol"><em>SpA<\/em><br>105<\/span> <span class="col statcol"><em>SpD<\/em><br>60<\/span> <span class="col statcol"><em>Spe<\/em><br>95<\/span> <\/span><\/li><li style="clear: both"><\/li><\/ul>
|-hint|Mienshao-Variant was created by Hematite!
|
|upkeep
|turn|13
|
|t:|1640411070
|switch|p2a: Cattail|Vaporeon, F|83\/100
|move|p1a: Hoobarn|Defog|p2a: Cattail
|-unboost|p2a: Cattail|evasion|1
|-sideend|p1: Hematemesis|Stealth Rock|[from] move: Defog|[of] p1a: Hoobarn
|
|-heal|p2a: Cattail|89\/100|[from] item: Leftovers
|upkeep
|turn|14
|
|t:|1640411078
|switch|p1a: Carnivenom|Carnivenom, F|79\/100
|-start|p1a: Carnivenom|typechange|Grass\/Poison|[silent]
|move|p2a: Cattail|Wish|p2a: Cattail
|
|-heal|p2a: Cattail|95\/100|[from] item: Leftovers
|-heal|p1a: Carnivenom|85\/100|[from] item: Black Sludge
|upkeep
|turn|15
|
|t:|1640411086
|switch|p2a: Rampion|Rubulwark, M|61\/100
|-start|p2a: Rampion|typechange|Dragon\/Rock|[silent]
|move|p1a: Carnivenom|Leech Seed|p2a: Rampion
|-start|p2a: Rampion|move: Leech Seed
|
|-heal|p2a: Rampion|100\/100|[from] move: Wish|[wisher] Cattail
|-heal|p1a: Carnivenom|91\/100|[from] item: Black Sludge
|-damage|p2a: Rampion|88\/100|[from] Leech Seed|[of] p1a: Carnivenom
|-heal|p1a: Carnivenom|100\/100|[silent]
|upkeep
|turn|16
|
|t:|1640411090
|move|p2a: Rampion|Dragon Hammer|p1a: Carnivenom
|-damage|p1a: Carnivenom|42\/100
|move|p1a: Carnivenom|Power Whip|p2a: Rampion|[miss]
|-miss|p1a: Carnivenom|p2a: Rampion
|
|-heal|p1a: Carnivenom|48\/100|[from] item: Black Sludge
|-damage|p2a: Rampion|76\/100|[from] Leech Seed|[of] p1a: Carnivenom
|-heal|p1a: Carnivenom|58\/100|[silent]
|upkeep
|turn|17
|c|☆H2OPulse|Aaaa sorry;;
|
|t:|1640411107
|move|p2a: Rampion|Earthquake|p1a: Carnivenom
|-immune|p1a: Carnivenom|[from] ability: Levitate
|move|p1a: Carnivenom|Synthesis|p1a: Carnivenom
|-heal|p1a: Carnivenom|100\/100
|
|-damage|p2a: Rampion|63\/100|[from] Leech Seed|[of] p1a: Carnivenom
|upkeep
|turn|18
|c|☆Hematemesis|Carnivenom is missing
|c|☆H2OPulse|That was not the correct read
|
|t:|1640411126
|move|p2a: Rampion|Glare|p1a: Carnivenom
|-status|p1a: Carnivenom|par
|move|p1a: Carnivenom|Poison Jab|p2a: Rampion
|-resisted|p2a: Rampion
|-damage|p2a: Rampion|45\/100
|-damage|p1a: Carnivenom|84\/100 par|[from] item: Rocky Helmet|[of] p2a: Rampion
|-ability|p2a: Rampion|Weak Armor|boost
|-unboost|p2a: Rampion|def|1
|-boost|p2a: Rampion|spe|2
|
|-heal|p1a: Carnivenom|90\/100 par|[from] item: Black Sludge
|-damage|p2a: Rampion|33\/100|[from] Leech Seed|[of] p1a: Carnivenom
|-heal|p1a: Carnivenom|99\/100 par|[silent]
|upkeep
|turn|19
|
|t:|1640411138
|move|p2a: Rampion|Dragon Hammer|p1a: Carnivenom
|-damage|p1a: Carnivenom|45\/100 par
|cant|p1a: Carnivenom|par
|
|-heal|p1a: Carnivenom|51\/100 par|[from] item: Black Sludge
|-damage|p2a: Rampion|20\/100|[from] Leech Seed|[of] p1a: Carnivenom
|-heal|p1a: Carnivenom|61\/100 par|[silent]
|upkeep
|turn|20
|
|t:|1640411156
|switch|p2a: Monkshood|Mienshao-Variant, M|100\/100
|-start|p2a: Monkshood|typechange|Fighting\/Ghost|[silent]
|switch|p1a: Steelix|Steelix, F|100\/100
|
|upkeep
|turn|21
|
|t:|1640411167
|switch|p2a: Cattail|Vaporeon, F|95\/100
|switch|p1a: Umbreon|Umbreon, F|100\/100
|
|-heal|p2a: Cattail|100\/100|[from] item: Leftovers
|upkeep
|turn|22
|j| Asb04
|
|t:|1640411176
|move|p2a: Cattail|Wish|p2a: Cattail
|move|p1a: Umbreon|Toxic|p2a: Cattail
|-status|p2a: Cattail|tox
|
|-damage|p2a: Cattail|94\/100 tox|[from] psn
|upkeep
|turn|23
|
|t:|1640411182
|switch|p1a: Gardevoir|Gardevoir, M|100\/100
|-ability|p1a: Gardevoir|Water Absorb|[from] ability: Trace|[of] p2a: Cattail
|move|p2a: Cattail|Flip Turn|p1a: Gardevoir
|-immune|p1a: Gardevoir|[from] ability: Water Absorb
|
|-heal|p2a: Cattail|100\/100 tox|[from] move: Wish|[wisher] Cattail
|-damage|p2a: Cattail|88\/100 tox|[from] psn
|upkeep
|turn|24
|c|☆H2OPulse|HAHA right
|c| KeroseneZanchu|OH
|c|~inkbug1|YEEESSS 
|c|☆H2OPulse|I forgot
|c|☆H2OPulse|God-tier okay
|
|t:|1640411198
|move|p1a: Gardevoir|Mystical Fire|p2a: Cattail
|-resisted|p2a: Cattail
|-crit|p2a: Cattail
|-damage|p2a: Cattail|72\/100 tox
|-unboost|p2a: Cattail|spa|1
|move|p2a: Cattail|Wish|p2a: Cattail
|
|-heal|p2a: Cattail|78\/100 tox|[from] item: Leftovers
|-damage|p2a: Cattail|59\/100 tox|[from] psn
|upkeep
|turn|25
|c|~inkbug1|sorry i do that to him a lot and its funny every time
|
|t:|1640411207
|move|p1a: Gardevoir|Mystical Fire|p2a: Cattail
|-resisted|p2a: Cattail
|-damage|p2a: Cattail|49\/100 tox
|-unboost|p2a: Cattail|spa|1
|move|p2a: Cattail|Heal Bell|p2a: Cattail
|-activate|p2a: Cattail|move: Heal Bell
|-curestatus|p2a: Cattail|tox|[msg]
|
|-heal|p2a: Cattail|99\/100|[from] move: Wish|[wisher] Cattail
|-heal|p2a: Cattail|100\/100|[from] item: Leftovers
|upkeep
|turn|26
|
|t:|1640411213
|switch|p1a: Carnivenom|Carnivenom, F|61\/100 par
|-start|p1a: Carnivenom|typechange|Grass\/Poison|[silent]
|move|p2a: Cattail|Wish|p2a: Cattail
|
|-heal|p1a: Carnivenom|67\/100 par|[from] item: Black Sludge
|upkeep
|turn|27
|
|t:|1640411217
|move|p2a: Cattail|Flip Turn|p1a: Carnivenom
|-resisted|p1a: Carnivenom
|-damage|p1a: Carnivenom|59\/100 par
|
|t:|1640411219
|switch|p2a: Rampion|Rubulwark, M|20\/100|[from]move: Flip Turn
|-start|p2a: Rampion|typechange|Dragon\/Rock|[silent]
|move|p1a: Carnivenom|Leech Seed|p2a: Rampion
|-start|p2a: Rampion|move: Leech Seed
|
|-heal|p2a: Rampion|94\/100|[from] move: Wish|[wisher] Cattail
|-heal|p1a: Carnivenom|65\/100 par|[from] item: Black Sludge
|-damage|p2a: Rampion|81\/100|[from] Leech Seed|[of] p1a: Carnivenom
|-heal|p1a: Carnivenom|75\/100 par|[silent]
|upkeep
|turn|28
|
|t:|1640411229
|switch|p1a: Steelix|Steelix, F|100\/100
|move|p2a: Rampion|Dragon Hammer|p1a: Steelix
|-resisted|p1a: Steelix
|-damage|p1a: Steelix|86\/100
|
|-heal|p1a: Steelix|92\/100|[from] item: Leftovers
|-damage|p2a: Rampion|69\/100|[from] Leech Seed|[of] p1a: Steelix
|-heal|p1a: Steelix|100\/100|[silent]
|upkeep
|turn|29
|
|t:|1640411238
|move|p2a: Rampion|Earthquake|p1a: Steelix
|-supereffective|p1a: Steelix
|-damage|p1a: Steelix|60\/100
|move|p1a: Steelix|Heavy Slam|p2a: Rampion
|-supereffective|p2a: Rampion
|-damage|p2a: Rampion|2\/100
|-damage|p1a: Steelix|43\/100|[from] item: Rocky Helmet|[of] p2a: Rampion
|-ability|p2a: Rampion|Weak Armor|boost
|-unboost|p2a: Rampion|def|1
|-boost|p2a: Rampion|spe|2
|
|-heal|p1a: Steelix|49\/100|[from] item: Leftovers
|-damage|p2a: Rampion|0 fnt|[from] Leech Seed|[of] p1a: Steelix
|-heal|p1a: Steelix|51\/100|[silent]
|faint|p2a: Rampion
|upkeep
|c|☆H2OPulse|Ow right fair
|
|t:|1640411250
|switch|p2a: Monkshood|Mienshao-Variant, M|100\/100
|-start|p2a: Monkshood|typechange|Fighting\/Ghost|[silent]
|turn|30
|
|t:|1640411256
|move|p2a: Monkshood|Close Combat|p1a: Steelix
|-supereffective|p1a: Steelix
|-damage|p1a: Steelix|0 fnt
|-unboost|p2a: Monkshood|def|1
|-unboost|p2a: Monkshood|spd|1
|faint|p1a: Steelix
|
|upkeep
|
|t:|1640411262
|switch|p1a: Hoobarn|Hoobarn, F|82\/100
|-start|p1a: Hoobarn|typechange|Normal\/Flying|[silent]
|turn|31
|c|☆H2OPulse|Oops that was my one Flying resist
|c|☆H2OPulse|Although
|c|☆H2OPulse|you're probably Tinted Lens aren't you
|c|~inkbug1|i think barn loses lens
|c|☆H2OPulse|so bold of me to assume I had a Flying resist :'D
|c|☆Hematemesis|I got rid of tinted lens
|c|☆H2OPulse|Oh! So it does
|c|☆Hematemesis|That was your suggestion LOL
|c|☆H2OPulse|~~I am not a smart man~~
|
|t:|1640411322
|switch|p2a: Nip|Persian-Alola, M|100\/100
|move|p1a: Hoobarn|Hurricane|p2a: Nip|[miss]
|-miss|p1a: Hoobarn|p2a: Nip
|
|upkeep
|turn|32
|c|☆H2OPulse|__I am so sorry__
|c|☆H2OPulse|yes, by my suggestion, Hoobarn lost its glasses
|
|t:|1640411352
|move|p2a: Nip|Power Gem|p1a: Hoobarn
|-supereffective|p1a: Hoobarn
|-damage|p1a: Hoobarn|50\/100
|move|p1a: Hoobarn|Hurricane|p2a: Nip
|-damage|p2a: Nip|43\/100
|
|upkeep
|turn|33
|c|☆H2OPulse|Oh you are bulky
|c|☆H2OPulse|Whoa
|
|t:|1640411365
|move|p1a: Hoobarn|Roost|p1a: Hoobarn
|-heal|p1a: Hoobarn|99\/100
|-singleturn|p1a: Hoobarn|move: Roost
|move|p2a: Nip|Parting Shot|p1a: Hoobarn
|-unboost|p1a: Hoobarn|atk|1
|-unboost|p1a: Hoobarn|spa|1
|
|t:|1640411377
|switch|p2a: Drosera|Carnivenom, F|53\/100|[from]move: Parting Shot
|-start|p2a: Drosera|typechange|Grass\/Poison|[silent]
|
|-heal|p2a: Drosera|60\/100|[from] item: Black Sludge
|upkeep
|turn|34
|c| KeroseneZanchu|okay
|c| KeroseneZanchu|finally
|c|☆Hematemesis|Hi Kero
|c| KeroseneZanchu|updated my team and caught up on all of the matches
|c|☆H2OPulse|I don't thhhink I have anything for this
|c|☆H2OPulse|which is actually insanely cool because I think I was underrating Hoobarn a lot O: I am hyped that it's kind of a threat holy heck
|
|t:|1640411438
|move|p1a: Hoobarn|Feather Dance|p2a: Drosera
|-unboost|p2a: Drosera|atk|2
|move|p2a: Drosera|Sleep Powder|p1a: Hoobarn
|-status|p1a: Hoobarn|slp|[from] move: Sleep Powder
|
|-heal|p2a: Drosera|66\/100|[from] item: Black Sludge
|upkeep
|turn|35
|
|t:|1640411459
|switch|p1a: Gardevoir|Gardevoir, M|100\/100
|-ability|p1a: Gardevoir|Levitate|[from] ability: Trace|[of] p2a: Drosera
|switch|p2a: Nip|Persian-Alola, M|43\/100
|
|upkeep
|turn|36
|
|t:|1640411467
|switch|p2a: Cattail|Vaporeon, F|100\/100
|switch|p1a: Umbreon|Umbreon, F|100\/100
|
|upkeep
|turn|37
|
|t:|1640411477
|switch|p1a: Carnivenom|Carnivenom, F|75\/100 par
|-start|p1a: Carnivenom|typechange|Grass\/Poison|[silent]
|move|p2a: Cattail|Wish|p2a: Cattail
|
|-heal|p1a: Carnivenom|82\/100 par|[from] item: Black Sludge
|upkeep
|turn|38
|
|t:|1640411481
|switch|p2a: Nip|Persian-Alola, M|43\/100
|move|p1a: Carnivenom|Poison Jab|p2a: Nip
|-damage|p2a: Nip|13\/100
|
|-heal|p2a: Nip|99\/100|[from] move: Wish|[wisher] Cattail
|-heal|p1a: Carnivenom|88\/100 par|[from] item: Black Sludge
|upkeep
|turn|39
|
|t:|1640411491
|move|p2a: Nip|Nasty Plot|p2a: Nip
|-boost|p2a: Nip|spa|2
|move|p1a: Carnivenom|Power Whip|p2a: Nip|[miss]
|-miss|p1a: Carnivenom|p2a: Nip
|
|-heal|p1a: Carnivenom|94\/100 par|[from] item: Black Sludge
|upkeep
|turn|40
|c|☆H2OPulse|PLEASE
|c|☆H2OPulse|please hit one inaccurate move I'm so sorry
|
|t:|1640411510
|move|p2a: Nip|Nasty Plot|p2a: Nip
|-boost|p2a: Nip|spa|2
|move|p1a: Carnivenom|Power Whip|p2a: Nip
|-damage|p2a: Nip|54\/100
|
|-heal|p1a: Carnivenom|99\/100 par|[from] item: Black Sludge
|upkeep
|turn|41
|
|t:|1640411522
|move|p2a: Nip|Dark Pulse|p1a: Carnivenom
|-damage|p1a: Carnivenom|42\/100 par
|move|p1a: Carnivenom|Power Whip|p2a: Nip
|-damage|p2a: Nip|11\/100
|
|-heal|p1a: Carnivenom|49\/100 par|[from] item: Black Sludge
|upkeep
|turn|42
|
|t:|1640411529
|switch|p1a: Umbreon|Umbreon, F|100\/100
|move|p2a: Nip|Dark Pulse|p1a: Umbreon
|-resisted|p1a: Umbreon
|-damage|p1a: Umbreon|80\/100
|
|-heal|p1a: Umbreon|86\/100|[from] item: Leftovers
|upkeep
|turn|43
|
|t:|1640411534
|move|p2a: Nip|Power Gem|p1a: Umbreon
|-damage|p1a: Umbreon|56\/100
|move|p1a: Umbreon|Foul Play|p2a: Nip
|-resisted|p2a: Nip
|-damage|p2a: Nip|4\/100
|
|-heal|p1a: Umbreon|62\/100|[from] item: Leftovers
|upkeep
|turn|44
|
|t:|1640411548
|move|p2a: Nip|Parting Shot|p1a: Umbreon
|-unboost|p1a: Umbreon|atk|1
|-unboost|p1a: Umbreon|spa|1
|
|t:|1640411550
|switch|p2a: Cattail|Vaporeon, F|100\/100|[from]move: Parting Shot
|move|p1a: Umbreon|Wish|p1a: Umbreon
|
|-heal|p1a: Umbreon|68\/100|[from] item: Leftovers
|upkeep
|turn|45
|
|t:|1640411557
|switch|p1a: Carnivenom|Carnivenom, F|49\/100 par
|-start|p1a: Carnivenom|typechange|Grass\/Poison|[silent]
|move|p2a: Cattail|Wish|p2a: Cattail
|
|-heal|p1a: Carnivenom|99\/100 par|[from] move: Wish|[wisher] Umbreon
|-heal|p1a: Carnivenom|100\/100 par|[from] item: Black Sludge
|upkeep
|turn|46
|
|t:|1640411572
|move|p2a: Cattail|Flip Turn|p1a: Carnivenom
|-resisted|p1a: Carnivenom
|-damage|p1a: Carnivenom|94\/100 par
|
|t:|1640411577
|switch|p2a: Drosera|Carnivenom, F|66\/100|[from]move: Flip Turn
|-start|p2a: Drosera|typechange|Grass\/Poison|[silent]
|move|p1a: Carnivenom|Power Whip|p2a: Drosera
|-resisted|p2a: Drosera
|-damage|p2a: Drosera|55\/100
|
|-heal|p2a: Drosera|100\/100|[from] move: Wish|[wisher] Cattail
|-heal|p1a: Carnivenom|99\/100 par|[from] item: Black Sludge
|upkeep
|turn|47
|j| megaspoopy000
|
|t:|1640411582
|switch|p1a: Hoobarn|Hoobarn, F|99\/100 slp
|-start|p1a: Hoobarn|typechange|Normal\/Flying|[silent]
|move|p2a: Drosera|Coil|p2a: Drosera
|-boost|p2a: Drosera|atk|1
|-boost|p2a: Drosera|def|1
|-boost|p2a: Drosera|accuracy|1
|
|upkeep
|turn|48
|c|☆H2OPulse|~~we are both making so much progress right now~~
|
|t:|1640411590
|cant|p1a: Hoobarn|slp
|move|p2a: Drosera|Coil|p2a: Drosera
|-boost|p2a: Drosera|atk|1
|-boost|p2a: Drosera|def|1
|-boost|p2a: Drosera|accuracy|1
|
|upkeep
|turn|49
|
|t:|1640411594
|cant|p1a: Hoobarn|slp
|move|p2a: Drosera|Poison Jab|p1a: Hoobarn
|-damage|p1a: Hoobarn|56\/100 slp
|
|upkeep
|turn|50
|
|t:|1640411597
|-curestatus|p1a: Hoobarn|slp|[msg]
|move|p1a: Hoobarn|Feather Dance|p2a: Drosera
|-unboost|p2a: Drosera|atk|2
|move|p2a: Drosera|Power Whip|p1a: Hoobarn
|-resisted|p1a: Hoobarn
|-damage|p1a: Hoobarn|42\/100
|
|upkeep
|turn|51
|
|t:|1640411603
|move|p1a: Hoobarn|Feather Dance|p2a: Drosera
|-unboost|p2a: Drosera|atk|2
|move|p2a: Drosera|Sleep Powder|p1a: Hoobarn
|-status|p1a: Hoobarn|slp|[from] move: Sleep Powder
|
|upkeep
|turn|52
|l| megaspoopy000
|
|t:|1640411608
|switch|p2a: Nip|Persian-Alola, M|4\/100
|cant|p1a: Hoobarn|slp
|
|upkeep
|turn|53
|
|t:|1640411612
|cant|p1a: Hoobarn|slp
|move|p2a: Nip|Power Gem|p1a: Hoobarn
|-supereffective|p1a: Hoobarn
|-damage|p1a: Hoobarn|8\/100 slp
|
|upkeep
|turn|54
|
|t:|1640411617
|-curestatus|p1a: Hoobarn|slp|[msg]
|move|p1a: Hoobarn|Roost|p1a: Hoobarn
|-heal|p1a: Hoobarn|59\/100
|-singleturn|p1a: Hoobarn|move: Roost
|move|p2a: Nip|Parting Shot|p1a: Hoobarn
|-unboost|p1a: Hoobarn|atk|1
|-unboost|p1a: Hoobarn|spa|1
|
|t:|1640411625
|switch|p2a: Cattail|Vaporeon, F|100\/100|[from]move: Parting Shot
|
|upkeep
|turn|55
|
|t:|1640411640
|move|p1a: Hoobarn|Roost|p1a: Hoobarn
|-heal|p1a: Hoobarn|100\/100
|-singleturn|p1a: Hoobarn|move: Roost
|move|p2a: Cattail|Wish|p2a: Cattail
|
|upkeep
|turn|56
|c|☆H2OPulse|Really wishing I had Toxic right now kshdfjdgk
|
|t:|1640411652
|switch|p1a: Gardevoir|Gardevoir, M|100\/100
|-ability|p1a: Gardevoir|Water Absorb|[from] ability: Trace|[of] p2a: Cattail
|move|p2a: Cattail|Flip Turn|p1a: Gardevoir
|-immune|p1a: Gardevoir|[from] ability: Water Absorb
|
|upkeep
|turn|57
|c|☆H2OPulse|I fell for that twice
|
|t:|1640411663
|move|p1a: Gardevoir|Psyshock|p2a: Cattail
|-damage|p2a: Cattail|29\/100
|move|p2a: Cattail|Wish|p2a: Cattail
|
|-heal|p2a: Cattail|35\/100|[from] item: Leftovers
|upkeep
|turn|58
|
|t:|1640411671
|switch|p1a: Umbreon|Umbreon, F|68\/100
|switch|p2a: Nip|Persian-Alola, M|4\/100
|
|-heal|p2a: Nip|89\/100|[from] move: Wish|[wisher] Cattail
|-heal|p1a: Umbreon|74\/100|[from] item: Leftovers
|upkeep
|turn|59
|
|t:|1640411681
|move|p2a: Nip|Parting Shot|p1a: Umbreon
|-unboost|p1a: Umbreon|atk|1
|-unboost|p1a: Umbreon|spa|1
|
|t:|1640411683
|switch|p2a: Monkshood|Mienshao-Variant, M|100\/100|[from]move: Parting Shot
|-start|p2a: Monkshood|typechange|Fighting\/Ghost|[silent]
|move|p1a: Umbreon|Toxic|p2a: Monkshood
|-status|p2a: Monkshood|tox
|
|-heal|p1a: Umbreon|80\/100|[from] item: Leftovers
|-damage|p2a: Monkshood|95\/100 tox|[from] psn
|upkeep
|turn|60
|
|t:|1640411694
|move|p1a: Umbreon|Protect|p1a: Umbreon
|-singleturn|p1a: Umbreon|Protect
|move|p2a: Monkshood|Reflect|p2a: Monkshood
|-sidestart|p2: H2OPulse|Reflect
|
|-heal|p1a: Umbreon|87\/100|[from] item: Leftovers
|-damage|p2a: Monkshood|83\/100 tox|[from] psn
|upkeep
|turn|61
|
|t:|1640411698
|switch|p1a: Hoobarn|Hoobarn, F|100\/100
|-start|p1a: Hoobarn|typechange|Normal\/Flying|[silent]
|move|p2a: Monkshood|Close Combat|p1a: Hoobarn
|-damage|p1a: Hoobarn|68\/100
|-unboost|p2a: Monkshood|def|1
|-unboost|p2a: Monkshood|spd|1
|
|-damage|p2a: Monkshood|65\/100 tox|[from] psn
|upkeep
|turn|62
|
|t:|1640411707
|switch|p2a: Nip|Persian-Alola, M|89\/100
|move|p1a: Hoobarn|Hurricane|p2a: Nip
|-damage|p2a: Nip|34\/100
|
|upkeep
|turn|63
|
|t:|1640411714
|move|p2a: Nip|Parting Shot|p1a: Hoobarn
|-unboost|p1a: Hoobarn|atk|1
|-unboost|p1a: Hoobarn|spa|1
|
|t:|1640411733
|switch|p2a: Drosera|Carnivenom, F|100\/100|[from]move: Parting Shot
|-start|p2a: Drosera|typechange|Grass\/Poison|[silent]
|move|p1a: Hoobarn|Hurricane|p2a: Drosera
|-supereffective|p2a: Drosera
|-damage|p2a: Drosera|68\/100
|-start|p2a: Drosera|confusion
|
|-heal|p2a: Drosera|74\/100|[from] item: Black Sludge
|upkeep
|turn|64
|
|t:|1640411761
|move|p1a: Hoobarn|Feather Dance|p2a: Drosera
|-unboost|p2a: Drosera|atk|2
|-activate|p2a: Drosera|confusion
|-damage|p2a: Drosera|69\/100|[from] confusion
|
|-heal|p2a: Drosera|75\/100|[from] item: Black Sludge
|upkeep
|turn|65
|
|t:|1640411768
|switch|p1a: Gardevoir|Gardevoir, M|100\/100
|-ability|p1a: Gardevoir|Levitate|[from] ability: Trace|[of] p2a: Drosera
|-activate|p2a: Drosera|confusion
|move|p2a: Drosera|Sleep Powder|p1a: Gardevoir
|-status|p1a: Gardevoir|slp|[from] move: Sleep Powder
|
|-heal|p2a: Drosera|81\/100|[from] item: Black Sludge
|upkeep
|turn|66
|
|t:|1640411780
|cant|p1a: Gardevoir|slp
|-activate|p2a: Drosera|confusion
|move|p2a: Drosera|Poison Jab|p1a: Gardevoir
|-supereffective|p1a: Gardevoir
|-damage|p1a: Gardevoir|49\/100 slp
|
|-heal|p2a: Drosera|87\/100|[from] item: Black Sludge
|upkeep
|turn|67
|
|t:|1640411800
|cant|p1a: Gardevoir|slp
|-end|p2a: Drosera|confusion
|move|p2a: Drosera|Sleep Powder|p1a: Gardevoir|[miss]
|-miss|p2a: Drosera|p1a: Gardevoir
|
|-heal|p2a: Drosera|93\/100|[from] item: Black Sludge
|-sideend|p2: H2OPulse|Reflect
|upkeep
|turn|68
|c|☆H2OPulse|That was
|c|☆H2OPulse|a misclick
|c|☆H2OPulse|I
|c|☆H2OPulse|huh
|c|☆H2OPulse|__well the miss didn't matter so__
|
|t:|1640411821
|switch|p2a: Nip|Persian-Alola, M|34\/100
|-curestatus|p1a: Gardevoir|slp|[msg]
|move|p1a: Gardevoir|Psychic|p2a: Nip
|-immune|p2a: Nip
|
|upkeep
|turn|69
|
|t:|1640411830
|switch|p1a: Umbreon|Umbreon, F|87\/100
|move|p2a: Nip|Nasty Plot|p2a: Nip
|-boost|p2a: Nip|spa|2
|
|-heal|p1a: Umbreon|93\/100|[from] item: Leftovers
|upkeep
|turn|70
|
|t:|1640411836
|move|p2a: Nip|Power Gem|p1a: Umbreon
|-damage|p1a: Umbreon|71\/100
|move|p1a: Umbreon|Toxic|p2a: Nip
|-status|p2a: Nip|tox
|
|-heal|p1a: Umbreon|77\/100|[from] item: Leftovers
|-damage|p2a: Nip|29\/100 tox|[from] psn
|upkeep
|turn|71
|
|t:|1640411842
|move|p2a: Nip|Power Gem|p1a: Umbreon
|-damage|p1a: Umbreon|57\/100
|move|p1a: Umbreon|Wish|p1a: Umbreon
|
|-heal|p1a: Umbreon|63\/100|[from] item: Leftovers
|-damage|p2a: Nip|17\/100 tox|[from] psn
|upkeep
|turn|72
|
|t:|1640411853
|move|p2a: Nip|Parting Shot|p1a: Umbreon
|-unboost|p1a: Umbreon|atk|1
|-unboost|p1a: Umbreon|spa|1
|
|t:|1640411856
|switch|p2a: Cattail|Vaporeon, F|35\/100|[from]move: Parting Shot
|move|p1a: Umbreon|Foul Play|p2a: Cattail
|-damage|p2a: Cattail|7\/100
|
|-heal|p1a: Umbreon|100\/100|[from] move: Wish|[wisher] Umbreon
|-heal|p2a: Cattail|13\/100|[from] item: Leftovers
|upkeep
|turn|73
|c|☆H2OPulse|Oh that's
|c|☆H2OPulse|a lot more than I thought Foul Play would do to Cattail
|
|t:|1640411881
|switch|p2a: Carnation|Balleringue, F|88\/100
|-start|p2a: Carnation|typechange|Bug\/Steel|[silent]
|switch|p1a: Gardevoir|Gardevoir, M|49\/100
|-ability|p1a: Gardevoir|Triage|[from] ability: Trace|[of] p2a: Carnation
|
|upkeep
|turn|74
|c|☆H2OPulse|I am in so much danger
|
|t:|1640411888
|move|p2a: Carnation|Leech Life|p1a: Gardevoir
|-damage|p1a: Gardevoir|0 fnt
|-heal|p2a: Carnation|100\/100|[from] drain|[of] p1a: Gardevoir
|faint|p1a: Gardevoir
|
|upkeep
|c|☆Hematemesis|Why
|c|☆Hematemesis|Is it faster?
|c|☆Hematemesis|Triage
|c|☆Hematemesis|Bruh
|-message|Hematemesis forfeited.
|
|win|H2OPulse
|c|☆Hematemesis|ggs
|c|☆H2OPulse|Oh huh
|c|☆H2OPulse|I did not actually
|c|☆H2OPulse|think I would win that if we played it out I'm sorry
|c|☆Hematemesis|And you thought YOU weren't smart lmao
|c|☆Hematemesis|Yeah I thought I had it once wishes were gone, but now I have
|c|☆Hematemesis|Nothing to beat Balleringue outside of feather dances
|c|☆Hematemesis|Ggs</script>
</div>
<div class="battle-log battle-log-inline"><div class="inner"><div class="battle-options"><div style="padding-top: 3px; padding-right: 3px; text-align: right"><button class="icon button" name="openBattleOptions" title="Options">Battle Options</button></div></div><div class="inner message-log"><div class="chat"><small>☆Hematemesis and ☆H2OPulse joined</small></div><div class=""><small>Format:</small> <br><strong>[Gen 8] Evolution Project</strong></div><div class=""><small><em>HP Percentage Mod:</em> HP is shown in percentages</small></div><div class=""><small><em>Endless Battle Clause:</em> Forcing endless battles is banned</small></div><div class=""><small><em>OHKO Clause:</em> OHKO moves are banned</small></div><div class=""><small><em>Evasion Moves Clause:</em> Evasion moves are banned</small></div><div class=""><small><em>Species Clause:</em> Limit one of each Pokémon</small></div><div class=""><small><em>Dynamax Clause:</em> You cannot dynamax</small></div><div class=""><small><em>Sleep Clause Mod:</em> Limit one foe put to sleep</small></div><div class=""><small><em>Z-Move Clause:</em> Type-based Z-Moves are banned</small></div><div class="chat battle-history"><strong>Hematemesis's team:</strong> <em style="color:#445566;display:block;">Gardevoir / Hoobarn / Carnivenom / Steelix / Umbreon / Mienshao</em></div><div class="chat battle-history"><strong>H2OPulse's team:</strong> <em style="color:#445566;display:block;">Mienshao-Variant / Rubulwark / Balleringue / Persian-Alola / Carnivenom / Vaporeon</em></div><div class="chat"><small>~inkbug1 joined</small></div><div class="chat chatmessage-h2opulse"><strong style="color:#6e8c2b"><small>☆</small><span class="username" data-name="H2OPulse">H2OPulse</span>:</strong> <em>Good luck and have fun!!! O:</em></div><div class="spacer battle-history"><br></div><div class="battle-history">Battle started between Hematemesis and H2OPulse!<br></div><div class="spacer battle-history"><br></div><div class="battle-history">Go! <strong>Hoobarn</strong>!<br></div><div class="spacer battle-history"><br></div><div class="battle-history">H2OPulse sent out Carnation (<strong>Balleringue</strong>)!<br></div><div class="chat"><ul class="utilichart"><li class="result"><span class="col pokemonnamecol" style="white-space: nowrap">Hoobarn</span> <span class="col typecol"><img src="https://play.pokemonshowdown.com/sprites/types/Normal.png" alt="Normal" height="14" width="32"><img src="https://play.pokemonshowdown.com/sprites/types/Flying.png" alt="Flying" height="14" width="32"></span> <span style="float: left ; min-height: 26px"><span class="col abilitycol">Insomnia / Keen Eye / Prankster</span><span class="col abilitycol"></span></span></li><li style="clear: both"></li></ul></div><div class="chat"><ul class="utilichart"><li class="result"><span style="float: left ; min-height: 26px"><span class="col statcol"><em>HP</em><br>100</span> <span class="col statcol"><em>Atk</em><br>70</span> <span class="col statcol"><em>Def</em><br>90</span> <span class="col statcol"><em>SpA</em><br>86</span> <span class="col statcol"><em>SpD</em><br>96</span> <span class="col statcol"><em>Spe</em><br>70</span> </span></li><li style="clear: both"></li></ul></div><div class="battle-history"><small>(Hoobarn was created by Bolivia!)</small><br></div><div class="chat"><ul class="utilichart"><li class="result"><span class="col pokemonnamecol" style="white-space: nowrap">Balleringue</span> <span class="col typecol"><img src="https://play.pokemonshowdown.com/sprites/types/Bug.png" alt="Bug" height="14" width="32"><img src="https://play.pokemonshowdown.com/sprites/types/Steel.png" alt="Steel" height="14" width="32"></span> <span style="float: left ; min-height: 26px"><span class="col abilitycol">Anticipation / Triage / Overcoat</span><span class="col abilitycol"></span></span></li><li style="clear: both"></li></ul></div><div class="chat"><ul class="utilichart"><li class="result"><span style="float: left ; min-height: 26px"><span class="col statcol"><em>HP</em><br>80</span> <span class="col statcol"><em>Atk</em><br>109</span> <span class="col statcol"><em>Def</em><br>105</span> <span class="col statcol"><em>SpA</em><br>69</span> <span class="col statcol"><em>SpD</em><br>105</span> <span class="col statcol"><em>Spe</em><br>29</span> </span></li><li style="clear: both"></li></ul></div><div class="battle-history"><small>(Balleringue was created by Magmajudis!)</small><br></div><div class="spacer battle-history"><br></div><h2 class="battle-history">Turn 1</h2><div class="spacer battle-history"><br></div><div class="battle-history">Hoobarn used <strong>Feather Dance</strong>!<br></div><div class="battle-history"><small>The opposing Carnation's Attack fell harshly!</small><br></div><div class="spacer battle-history"><br></div><div class="battle-history">The opposing Carnation used <strong>Gyro Ball</strong>!<br></div><div class="battle-history"><small>(Hoobarn lost 12% of its health!)</small><br></div><div class="spacer battle-history"><br></div><h2 class="battle-history">Turn 2</h2><div class="chat chatmessage-h2opulse"><strong style="color:#6e8c2b"><small>☆</small><span class="username" data-name="H2OPulse">H2OPulse</span>:</strong> <em>Yeah fair</em></div><div class="chat chatmessage-h2opulse"><strong style="color:#6e8c2b"><small>☆</small><span class="username" data-name="H2OPulse">H2OPulse</span>:</strong> <em>Oh are you not Flame Orb? O:</em></div><div class="spacer battle-history"><br></div><div class="battle-history">Hoobarn used <strong>Hurricane</strong>!<br></div><div class="battle-history"><small>(The opposing Carnation lost 27% of its health!)</small><br></div><div class="spacer battle-history"><br></div><div class="battle-history">The opposing Carnation used <strong>Stealth Rock</strong>!<br></div><div class="battle-history"><small>Pointed stones float in the air around your team!</small><br></div><div class="spacer battle-history"><br></div><h2 class="battle-history">Turn 3</h2><div class="chat chatmessage-hematemesis"><strong style="color:#9412d5"><small>☆</small><span class="username" data-name="Hematemesis">Hematemesis</span>:</strong> <em>I changed the set I didn't like it as much</em></div><div class="spacer battle-history"><br></div><div class="battle-history">The opposing Carnation used <strong>Leech Life</strong>!<br></div><div class="battle-history"><small>It's not very effective...</small><br></div><div class="battle-history"><small>(Hoobarn lost 6% of its health!)</small><br></div><div class="battle-history"><small>Hoobarn had its energy drained!</small><br></div><div class="battle-history"><small>The opposing Carnation restored a little HP using its Shell Bell!</small><br></div><div class="spacer battle-history"><br></div><div class="battle-history">Hoobarn used <strong>Defog</strong>!<br></div><div class="battle-history"><small>The opposing Carnation's evasiveness fell!</small><br></div><div class="battle-history"><small>The pointed stones disappeared from around your team!</small><br></div><div class="spacer battle-history"><br></div><h2 class="battle-history">Turn 4</h2><div class="chat chatmessage-h2opulse"><strong style="color:#6e8c2b"><small>☆</small><span class="username" data-name="H2OPulse">H2OPulse</span>:</strong> <em>Fair okay!</em></div><div class="chat"><small> KeroseneZanchu joined</small></div><div class="spacer battle-history"><br></div><div class="battle-history">Hoobarn, come back!<br></div><div class="battle-history">Go! <strong>Mienshao</strong>!<br></div><div class="spacer battle-history"><br></div><div class="battle-history">The opposing Carnation used <strong>Stealth Rock</strong>!<br></div><div class="battle-history"><small>Pointed stones float in the air around your team!</small><br></div><div class="spacer battle-history"><br></div><h2 class="battle-history">Turn 5</h2><div class="spacer battle-history"><br></div><div class="battle-history">Mienshao used <strong>Knock Off</strong>!<br></div><div class="battle-history"><small>(The opposing Carnation lost 37% of its health!)</small><br></div><div class="battle-history"><small>Mienshao knocked off the opposing Carnation's Shell Bell!</small><br></div><div class="battle-history"><small>Mienshao lost some of its HP!</small><br></div><div class="spacer battle-history"><br></div><div class="battle-history">The opposing Carnation used <strong>Gyro Ball</strong>!<br></div><div class="battle-history"><small>(Mienshao lost 74% of its health!)</small><br></div><div class="spacer battle-history"><br></div><h2 class="battle-history">Turn 6</h2><div class="chat chatmessage-h2opulse"><strong style="color:#6e8c2b"><small>☆</small><span class="username" data-name="H2OPulse">H2OPulse</span>:</strong> <em><i>at -2</i></em></div><div class="spacer battle-history"><br></div><div class="battle-history">H2OPulse withdrew Carnation!<br></div><div class="battle-history">H2OPulse sent out Rampion (<strong>Rubulwark</strong>)!<br></div><div class="chat"><ul class="utilichart"><li class="result"><span class="col pokemonnamecol" style="white-space: nowrap">Rubulwark</span> <span class="col typecol"><img src="https://play.pokemonshowdown.com/sprites/types/Dragon.png" alt="Dragon" height="14" width="32"><img src="https://play.pokemonshowdown.com/sprites/types/Rock.png" alt="Rock" height="14" width="32"></span> <span style="float: left ; min-height: 26px"><span class="col abilitycol">Weak Armor / Sheer Force / Mold Breaker</span><span class="col abilitycol"></span></span></li><li style="clear: both"></li></ul></div><div class="chat"><ul class="utilichart"><li class="result"><span style="float: left ; min-height: 26px"><span class="col statcol"><em>HP</em><br>87</span> <span class="col statcol"><em>Atk</em><br>160</span> <span class="col statcol"><em>Def</em><br>90</span> <span class="col statcol"><em>SpA</em><br>60</span> <span class="col statcol"><em>SpD</em><br>90</span> <span class="col statcol"><em>Spe</em><br>38</span> </span></li><li style="clear: both"></li></ul></div><div class="battle-history"><small>(Rubulwark was created by Hematite!)</small><br></div><div class="spacer battle-history"><br></div><div class="battle-history">Mienshao used <strong>U-turn</strong>!<br></div><div class="battle-history"><small>(The opposing Rampion lost 39% of its health!)</small><br></div><div class="battle-history"><small>Mienshao was hurt by the Rocky Helmet!</small><br></div><div class="battle-history">[The opposing Rampion's Weak Armor]<br></div><div class="battle-history"><small>The opposing Rampion's Defense fell!</small><br></div><div class="battle-history"><small>The opposing Rampion's Speed rose sharply!</small><br></div><div class="spacer battle-history"><br></div><div class="battle-history">Mienshao fainted!<br></div><div class="spacer battle-history"><br></div><div class="battle-history">Go! <strong>Steelix</strong>!<br></div><div class="battle-history"><small>Pointed stones dug into Steelix!</small><br></div><div class="spacer battle-history"><br></div><h2 class="battle-history">Turn 7</h2><div class="spacer battle-history"><br></div><div class="battle-history">H2OPulse withdrew Rampion!<br></div><div class="battle-history">H2OPulse sent out Drosera (<strong>Carnivenom</strong>)!<br></div><div class="chat"><ul class="utilichart"><li class="result"><span class="col pokemonnamecol" style="white-space: nowrap">Carnivenom</span> <span class="col typecol"><img src="https://play.pokemonshowdown.com/sprites/types/Grass.png" alt="Grass" height="14" width="32"><img src="https://play.pokemonshowdown.com/sprites/types/Poison.png" alt="Poison" height="14" width="32"></span> <span style="float: left ; min-height: 26px"><span class="col abilitycol">Levitate</span><span class="col abilitycol"></span></span></li><li style="clear: both"></li></ul></div><div class="chat"><ul class="utilichart"><li class="result"><span style="float: left ; min-height: 26px"><span class="col statcol"><em>HP</em><br>94</span> <span class="col statcol"><em>Atk</em><br>105</span> <span class="col statcol"><em>Def</em><br>82</span> <span class="col statcol"><em>SpA</em><br>100</span> <span class="col statcol"><em>SpD</em><br>102</span> <span class="col statcol"><em>Spe</em><br>51</span> </span></li><li style="clear: both"></li></ul></div><div class="battle-history"><small>(Carnivenom was created by inkbug!)</small><br></div><div class="spacer battle-history"><br></div><div class="battle-history">Steelix used <strong>Heavy Slam</strong>!<br></div><div class="battle-history"><small>(The opposing Drosera lost 53% of its health!)</small><br></div><div class="spacer battle-history"><br></div><div class="battle-history"><small>The opposing Drosera restored a little HP using its Black Sludge!</small><br></div><div class="battle-history"><small>Steelix restored a little HP using its Leftovers!</small><br></div><div class="spacer battle-history"><br></div><h2 class="battle-history">Turn 8</h2><div class="chat chatmessage-h2opulse"><strong style="color:#6e8c2b"><small>☆</small><span class="username" data-name="H2OPulse">H2OPulse</span>:</strong> <em>O w fair</em></div><div class="spacer battle-history"><br></div><div class="battle-history">H2OPulse withdrew Drosera!<br></div><div class="battle-history">H2OPulse sent out Cattail (<strong>Vaporeon</strong>)!<br></div><div class="spacer battle-history"><br></div><div class="battle-history">Steelix used <strong>Heavy Slam</strong>!<br></div><div class="battle-history"><small>It's not very effective...</small><br></div><div class="battle-history"><small>(The opposing Cattail lost 29% of its health!)</small><br></div><div class="spacer battle-history"><br></div><div class="battle-history"><small>The opposing Cattail restored a little HP using its Leftovers!</small><br></div><div class="spacer battle-history"><br></div><h2 class="battle-history">Turn 9</h2><div class="spacer battle-history"><br></div><div class="battle-history">Steelix, come back!<br></div><div class="battle-history">Go! <strong>Carnivenom</strong>!<br></div><div class="battle-history"><small>Pointed stones dug into Carnivenom!</small><br></div><div class="chat"><ul class="utilichart"><li class="result"><span class="col pokemonnamecol" style="white-space: nowrap">Carnivenom</span> <span class="col typecol"><img src="https://play.pokemonshowdown.com/sprites/types/Grass.png" alt="Grass" height="14" width="32"><img src="https://play.pokemonshowdown.com/sprites/types/Poison.png" alt="Poison" height="14" width="32"></span> <span style="float: left ; min-height: 26px"><span class="col abilitycol">Levitate</span><span class="col abilitycol"></span></span></li><li style="clear: both"></li></ul></div><div class="chat"><ul class="utilichart"><li class="result"><span style="float: left ; min-height: 26px"><span class="col statcol"><em>HP</em><br>94</span> <span class="col statcol"><em>Atk</em><br>105</span> <span class="col statcol"><em>Def</em><br>82</span> <span class="col statcol"><em>SpA</em><br>100</span> <span class="col statcol"><em>SpD</em><br>102</span> <span class="col statcol"><em>Spe</em><br>51</span> </span></li><li style="clear: both"></li></ul></div><div class="battle-history"><small>(Carnivenom was created by inkbug!)</small><br></div><div class="spacer battle-history"><br></div><div class="battle-history">The opposing Cattail used <strong>Wish</strong>!<br></div><div class="spacer battle-history"><br></div><div class="battle-history"><small>The opposing Cattail restored a little HP using its Leftovers!</small><br></div><div class="battle-history"><small>Carnivenom restored a little HP using its Black Sludge!</small><br></div><div class="spacer battle-history"><br></div><h2 class="battle-history">Turn 10</h2><div class="spacer battle-history"><br></div><div class="battle-history">H2OPulse withdrew Cattail!<br></div><div class="battle-history">H2OPulse sent out Carnation (<strong>Balleringue</strong>)!<br></div><div class="spacer battle-history"><br></div><div class="battle-history">Carnivenom used <strong>Leech Seed</strong>!<br></div><div class="battle-history"><small>The opposing Carnation avoided the attack!</small><br></div><div class="spacer battle-history"><br></div><div class="battle-history"><small>Cattail's wish came true!</small><br></div><div class="battle-history"><small>Carnivenom restored a little HP using its Black Sludge!</small><br></div><div class="spacer battle-history"><br></div><h2 class="battle-history">Turn 11</h2><div class="chat chatmessage-h2opulse"><strong style="color:#6e8c2b"><small>☆</small><span class="username" data-name="H2OPulse">H2OPulse</span>:</strong> <em>Aah sorry;;</em></div><div class="spacer battle-history"><br></div><div class="battle-history">The opposing Carnation used <strong>Leech Life</strong>!<br></div><div class="battle-history"><small>(Carnivenom lost 39% of its health!)</small><br></div><div class="spacer battle-history"><br></div><div class="battle-history">Carnivenom used <strong>Leech Seed</strong>!<br></div><div class="battle-history"><small>The opposing Carnation was seeded!</small><br></div><div class="spacer battle-history"><br></div><div class="battle-history"><small>Carnivenom restored a little HP using its Black Sludge!</small><br></div><div class="battle-history"><small>The opposing Carnation's health is sapped by Leech Seed!</small><br></div><div class="spacer battle-history"><br></div><h2 class="battle-history">Turn 12</h2><div class="spacer battle-history"><br></div><div class="battle-history">Carnivenom, come back!<br></div><div class="battle-history">Go! <strong>Hoobarn</strong>!<br></div><div class="spacer battle-history"><br></div><div class="battle-history">H2OPulse withdrew Carnation!<br></div><div class="battle-history">H2OPulse sent out Monkshood (<strong>Mienshao-Variant</strong>)!<br></div><div class="chat"><ul class="utilichart"><li class="result"><span class="col pokemonnamecol" style="white-space: nowrap">Mienshao-Variant</span> <span class="col typecol"><img src="https://play.pokemonshowdown.com/sprites/types/Fighting.png" alt="Fighting" height="14" width="32"><img src="https://play.pokemonshowdown.com/sprites/types/Ghost.png" alt="Ghost" height="14" width="32"></span> <span style="float: left ; min-height: 26px"><span class="col abilitycol">Inner Focus / Prankster / Berserk</span><span class="col abilitycol"></span></span></li><li style="clear: both"></li></ul></div><div class="chat"><ul class="utilichart"><li class="result"><span style="float: left ; min-height: 26px"><span class="col statcol"><em>HP</em><br>65</span> <span class="col statcol"><em>Atk</em><br>125</span> <span class="col statcol"><em>Def</em><br>60</span> <span class="col statcol"><em>SpA</em><br>105</span> <span class="col statcol"><em>SpD</em><br>60</span> <span class="col statcol"><em>Spe</em><br>95</span> </span></li><li style="clear: both"></li></ul></div><div class="battle-history"><small>(Mienshao-Variant was created by Hematite!)</small><br></div><div class="spacer battle-history"><br></div><h2 class="battle-history">Turn 13</h2><div class="spacer battle-history"><br></div><div class="battle-history">H2OPulse withdrew Monkshood!<br></div><div class="battle-history">H2OPulse sent out Cattail (<strong>Vaporeon</strong>)!<br></div><div class="spacer battle-history"><br></div><div class="battle-history">Hoobarn used <strong>Defog</strong>!<br></div><div class="battle-history"><small>The opposing Cattail's evasiveness fell!</small><br></div><div class="battle-history"><small>The pointed stones disappeared from around your team!</small><br></div><div class="spacer battle-history"><br></div><div class="battle-history"><small>The opposing Cattail restored a little HP using its Leftovers!</small><br></div><div class="spacer battle-history"><br></div><h2 class="battle-history">Turn 14</h2><div class="spacer battle-history"><br></div><div class="battle-history">Hoobarn, come back!<br></div><div class="battle-history">Go! <strong>Carnivenom</strong>!<br></div><div class="spacer battle-history"><br></div><div class="battle-history">The opposing Cattail used <strong>Wish</strong>!<br></div><div class="spacer battle-history"><br></div><div class="battle-history"><small>The opposing Cattail restored a little HP using its Leftovers!</small><br></div><div class="battle-history"><small>Carnivenom restored a little HP using its Black Sludge!</small><br></div><div class="spacer battle-history"><br></div><h2 class="battle-history">Turn 15</h2><div class="spacer battle-history"><br></div><div class="battle-history">H2OPulse withdrew Cattail!<br></div><div class="battle-history">H2OPulse sent out Rampion (<strong>Rubulwark</strong>)!<br></div><div class="spacer battle-history"><br></div><div class="battle-history">Carnivenom used <strong>Leech Seed</strong>!<br></div><div class="battle-history"><small>The opposing Rampion was seeded!</small><br></div><div class="spacer battle-history"><br></div><div class="battle-history"><small>Cattail's wish came true!</small><br></div><div class="battle-history"><small>Carnivenom restored a little HP using its Black Sludge!</small><br></div><div class="battle-history"><small>The opposing Rampion's health is sapped by Leech Seed!</small><br></div><div class="spacer battle-history"><br></div><h2 class="battle-history">Turn 16</h2><div class="spacer battle-history"><br></div><div class="battle-history">The opposing Rampion used <strong>Dragon Hammer</strong>!<br></div><div class="battle-history"><small>(Carnivenom lost 58% of its health!)</small><br></div><div class="spacer battle-history"><br></div><div class="battle-history">Carnivenom used <strong>Power Whip</strong>!<br></div><div class="battle-history"><small>The opposing Rampion avoided the attack!</small><br></div><div class="spacer battle-history"><br></div><div class="battle-history"><small>Carnivenom restored a little HP using its Black Sludge!</small><br></div><div class="battle-history"><small>The opposing Rampion's health is sapped by Leech Seed!</small><br></div><div class="spacer battle-history"><br></div><h2 class="battle-history">Turn 17</h2><div class="chat chatmessage-h2opulse"><strong style="color:#6e8c2b"><small>☆</small><span class="username" data-name="H2OPulse">H2OPulse</span>:</strong> <em>Aaaa sorry;;</em></div><div class="spacer battle-history"><br></div><div class="battle-history">The opposing Rampion used <strong>Earthquake</strong>!<br></div><div class="battle-history">[Carnivenom's Levitate]<br><small>It doesn't affect Carnivenom...</small><br></div><div class="spacer battle-history"><br></div><div class="battle-history">Carnivenom used <strong>Synthesis</strong>!<br></div><div class="battle-history"><small>Carnivenom had its HP restored.</small><br></div><div class="spacer battle-history"><br></div><div class="battle-history"><small>The opposing Rampion's health is sapped by Leech Seed!</small><br></div><div class="spacer battle-history"><br></div><h2 class="battle-history">Turn 18</h2><div class="chat chatmessage-hematemesis"><strong style="color:#9412d5"><small>☆</small><span class="username" data-name="Hematemesis">Hematemesis</span>:</strong> <em>Carnivenom is missing</em></div><div class="chat chatmessage-h2opulse"><strong style="color:#6e8c2b"><small>☆</small><span class="username" data-name="H2OPulse">H2OPulse</span>:</strong> <em>That was not the correct read</em></div><div class="spacer battle-history"><br></div><div class="battle-history">The opposing Rampion used <strong>Glare</strong>!<br></div><div class="battle-history"><small>Carnivenom is paralyzed! It may be unable to move!</small><br></div><div class="spacer battle-history"><br></div><div class="battle-history">Carnivenom used <strong>Poison Jab</strong>!<br></div><div class="battle-history"><small>It's not very effective...</small><br></div><div class="battle-history"><small>(The opposing Rampion lost 18% of its health!)</small><br></div><div class="battle-history"><small>Carnivenom was hurt by the Rocky Helmet!</small><br></div><div class="battle-history">[The opposing Rampion's Weak Armor]<br></div><div class="battle-history"><small>The opposing Rampion's Defense fell!</small><br></div><div class="battle-history"><small>The opposing Rampion's Speed rose sharply!</small><br></div><div class="spacer battle-history"><br></div><div class="battle-history"><small>Carnivenom restored a little HP using its Black Sludge!</small><br></div><div class="battle-history"><small>The opposing Rampion's health is sapped by Leech Seed!</small><br></div><div class="spacer battle-history"><br></div><h2 class="battle-history">Turn 19</h2><div class="spacer battle-history"><br></div><div class="battle-history">The opposing Rampion used <strong>Dragon Hammer</strong>!<br></div><div class="battle-history"><small>(Carnivenom lost 54% of its health!)</small><br></div><div class="spacer battle-history"><br></div><div class="battle-history">Carnivenom is paralyzed! It can't move!<br></div><div class="spacer battle-history"><br></div><div class="battle-history"><small>Carnivenom restored a little HP using its Black Sludge!</small><br></div><div class="battle-history"><small>The opposing Rampion's health is sapped by Leech Seed!</small><br></div><div class="spacer battle-history"><br></div><h2 class="battle-history">Turn 20</h2><div class="spacer battle-history"><br></div><div class="battle-history">H2OPulse withdrew Rampion!<br></div><div class="battle-history">H2OPulse sent out Monkshood (<strong>Mienshao-Variant</strong>)!<br></div><div class="spacer battle-history"><br></div><div class="battle-history">Carnivenom, come back!<br></div><div class="battle-history">Go! <strong>Steelix</strong>!<br></div><div class="spacer battle-history"><br></div><h2 class="battle-history">Turn 21</h2><div class="spacer battle-history"><br></div><div class="battle-history">H2OPulse withdrew Monkshood!<br></div><div class="battle-history">H2OPulse sent out Cattail (<strong>Vaporeon</strong>)!<br></div><div class="spacer battle-history"><br></div><div class="battle-history">Steelix, come back!<br></div><div class="battle-history">Go! <strong>Umbreon</strong>!<br></div><div class="spacer battle-history"><br></div><div class="battle-history"><small>The opposing Cattail restored a little HP using its Leftovers!</small><br></div><div class="spacer battle-history"><br></div><h2 class="battle-history">Turn 22</h2><div class="chat"><small> Asb04 joined</small></div><div class="spacer battle-history"><br></div><div class="battle-history">The opposing Cattail used <strong>Wish</strong>!<br></div><div class="spacer battle-history"><br></div><div class="battle-history">Umbreon used <strong>Toxic</strong>!<br></div><div class="battle-history"><small>The opposing Cattail was badly poisoned!</small><br></div><div class="spacer battle-history"><br></div><div class="battle-history"><small>The opposing Cattail was hurt by poison!</small><br></div><div class="spacer battle-history"><br></div><h2 class="battle-history">Turn 23</h2><div class="spacer battle-history"><br></div><div class="battle-history">Umbreon, come back!<br></div><div class="battle-history">Go! <strong>Gardevoir</strong>!<br></div><div class="battle-history">[Gardevoir's Trace]<br>[Gardevoir's Water Absorb]<br><small>Gardevoir traced the opposing Cattail's Water Absorb!</small><br></div><div class="spacer battle-history"><br></div><div class="battle-history">The opposing Cattail used <strong>Flip Turn</strong>!<br></div><div class="battle-history">[Gardevoir's Water Absorb]<br><small>It doesn't affect Gardevoir...</small><br></div><div class="spacer battle-history"><br></div><div class="battle-history"><small>Cattail's wish came true!</small><br></div><div class="battle-history"><small>The opposing Cattail was hurt by poison!</small><br></div><div class="spacer battle-history"><br></div><h2 class="battle-history">Turn 24</h2><div class="chat chatmessage-h2opulse"><strong style="color:#6e8c2b"><small>☆</small><span class="username" data-name="H2OPulse">H2OPulse</span>:</strong> <em>HAHA right</em></div><div class="chat chatmessage-kerosenezanchu"><strong style="color:#4094b0"><small> </small><span class="username" data-name="KeroseneZanchu">KeroseneZanchu</span>:</strong> <em>OH</em></div><div class="chat chatmessage-inkbug1 mine"><strong style="color:#e46e0f"><small>~</small><span class="username" data-name="inkbug1">inkbug1</span>:</strong> <em>YEEESSS </em></div><div class="chat chatmessage-h2opulse"><strong style="color:#6e8c2b"><small>☆</small><span class="username" data-name="H2OPulse">H2OPulse</span>:</strong> <em>I forgot</em></div><div class="chat chatmessage-h2opulse"><strong style="color:#6e8c2b"><small>☆</small><span class="username" data-name="H2OPulse">H2OPulse</span>:</strong> <em>God-tier okay</em></div><div class="spacer battle-history"><br></div><div class="battle-history">Gardevoir used <strong>Mystical Fire</strong>!<br></div><div class="battle-history"><small>It's not very effective...</small><br></div><div class="battle-history"><small>A critical hit!</small><br></div><div class="battle-history"><small>(The opposing Cattail lost 16% of its health!)</small><br></div><div class="battle-history"><small>The opposing Cattail's Sp. Atk fell!</small><br></div><div class="spacer battle-history"><br></div><div class="battle-history">The opposing Cattail used <strong>Wish</strong>!<br></div><div class="spacer battle-history"><br></div><div class="battle-history"><small>The opposing Cattail restored a little HP using its Leftovers!</small><br></div><div class="battle-history"><small>The opposing Cattail was hurt by poison!</small><br></div><div class="spacer battle-history"><br></div><h2 class="battle-history">Turn 25</h2><div class="chat chatmessage-inkbug1 mine"><strong style="color:#e46e0f"><small>~</small><span class="username" data-name="inkbug1">inkbug1</span>:</strong> <em>sorry i do that to him a lot and its funny every time</em></div><div class="spacer battle-history"><br></div><div class="battle-history">Gardevoir used <strong>Mystical Fire</strong>!<br></div><div class="battle-history"><small>It's not very effective...</small><br></div><div class="battle-history"><small>(The opposing Cattail lost 10% of its health!)</small><br></div><div class="battle-history"><small>The opposing Cattail's Sp. Atk fell!</small><br></div><div class="spacer battle-history"><br></div><div class="battle-history">The opposing Cattail used <strong>Heal Bell</strong>!<br></div><div class="battle-history"><small>A bell chimed!</small><br></div><div class="battle-history"><small>The opposing Cattail was cured of its poisoning!</small><br></div><div class="spacer battle-history"><br></div><div class="battle-history"><small>Cattail's wish came true!</small><br></div><div class="battle-history"><small>The opposing Cattail restored a little HP using its Leftovers!</small><br></div><div class="spacer battle-history"><br></div><h2 class="battle-history">Turn 26</h2><div class="spacer battle-history"><br></div><div class="battle-history">Gardevoir, come back!<br></div><div class="battle-history">Go! <strong>Carnivenom</strong>!<br></div><div class="spacer battle-history"><br></div><div class="battle-history">The opposing Cattail used <strong>Wish</strong>!<br></div><div class="spacer battle-history"><br></div><div class="battle-history"><small>Carnivenom restored a little HP using its Black Sludge!</small><br></div><div class="spacer battle-history"><br></div><h2 class="battle-history">Turn 27</h2><div class="spacer battle-history"><br></div><div class="battle-history">The opposing Cattail used <strong>Flip Turn</strong>!<br></div><div class="battle-history"><small>It's not very effective...</small><br></div><div class="battle-history"><small>(Carnivenom lost 8% of its health!)</small><br></div><div class="spacer battle-history"><br></div><div class="battle-history">H2OPulse withdrew Cattail!<br></div><div class="battle-history">H2OPulse sent out Rampion (<strong>Rubulwark</strong>)!<br></div><div class="spacer battle-history"><br></div><div class="battle-history">Carnivenom used <strong>Leech Seed</strong>!<br></div><div class="battle-history"><small>The opposing Rampion was seeded!</small><br></div><div class="spacer battle-history"><br></div><div class="battle-history"><small>Cattail's wish came true!</small><br></div><div class="battle-history"><small>Carnivenom restored a little HP using its Black Sludge!</small><br></div><div class="battle-history"><small>The opposing Rampion's health is sapped by Leech Seed!</small><br></div><div class="spacer battle-history"><br></div><h2 class="battle-history">Turn 28</h2><div class="spacer battle-history"><br></div><div class="battle-history">Carnivenom, come back!<br></div><div class="battle-history">Go! <strong>Steelix</strong>!<br></div><div class="spacer battle-history"><br></div><div class="battle-history">The opposing Rampion used <strong>Dragon Hammer</strong>!<br></div><div class="battle-history"><small>It's not very effective...</small><br></div><div class="battle-history"><small>(Steelix lost 14% of its health!)</small><br></div><div class="spacer battle-history"><br></div><div class="battle-history"><small>Steelix restored a little HP using its Leftovers!</small><br></div><div class="battle-history"><small>The opposing Rampion's health is sapped by Leech Seed!</small><br></div><div class="spacer battle-history"><br></div><h2 class="battle-history">Turn 29</h2><div class="spacer battle-history"><br></div><div class="battle-history">The opposing Rampion used <strong>Earthquake</strong>!<br></div><div class="battle-history"><small>It's super effective!</small><br></div><div class="battle-history"><small>(Steelix lost 40% of its health!)</small><br></div><div class="spacer battle-history"><br></div><div class="battle-history">Steelix used <strong>Heavy Slam</strong>!<br></div><div class="battle-history"><small>It's super effective!</small><br></div><div class="battle-history"><small>(The opposing Rampion lost 67% of its health!)</small><br></div><div class="battle-history"><small>Steelix was hurt by the Rocky Helmet!</small><br></div><div class="battle-history">[The opposing Rampion's Weak Armor]<br></div><div class="battle-history"><small>The opposing Rampion's Defense fell!</small><br></div><div class="battle-history"><small>The opposing Rampion's Speed rose sharply!</small><br></div><div class="spacer battle-history"><br></div><div class="battle-history"><small>Steelix restored a little HP using its Leftovers!</small><br></div><div class="battle-history"><small>The opposing Rampion's health is sapped by Leech Seed!</small><br></div><div class="spacer battle-history"><br></div><div class="battle-history">The opposing Rampion fainted!<br></div><div class="chat chatmessage-h2opulse"><strong style="color:#6e8c2b"><small>☆</small><span class="username" data-name="H2OPulse">H2OPulse</span>:</strong> <em>Ow right fair</em></div><div class="spacer battle-history"><br></div><div class="battle-history">H2OPulse sent out Monkshood (<strong>Mienshao-Variant</strong>)!<br></div><div class="spacer battle-history"><br></div><h2 class="battle-history">Turn 30</h2><div class="spacer battle-history"><br></div><div class="battle-history">The opposing Monkshood used <strong>Close Combat</strong>!<br></div><div class="battle-history"><small>It's super effective!</small><br></div><div class="battle-history"><small>(Steelix lost 51% of its health!)</small><br></div><div class="battle-history"><small>The opposing Monkshood's Defense fell!</small><br></div><div class="battle-history"><small>The opposing Monkshood's Sp. Def fell!</small><br></div><div class="spacer battle-history"><br></div><div class="battle-history">Steelix fainted!<br></div><div class="spacer battle-history"><br></div><div class="battle-history">Go! <strong>Hoobarn</strong>!<br></div><div class="spacer battle-history"><br></div><h2 class="battle-history">Turn 31</h2><div class="chat chatmessage-h2opulse"><strong style="color:#6e8c2b"><small>☆</small><span class="username" data-name="H2OPulse">H2OPulse</span>:</strong> <em>Oops that was my one Flying resist</em></div><div class="chat chatmessage-h2opulse"><strong style="color:#6e8c2b"><small>☆</small><span class="username" data-name="H2OPulse">H2OPulse</span>:</strong> <em>Although</em></div><div class="chat chatmessage-h2opulse"><strong style="color:#6e8c2b"><small>☆</small><span class="username" data-name="H2OPulse">H2OPulse</span>:</strong> <em>you're probably Tinted Lens aren't you</em></div><div class="chat chatmessage-inkbug1 mine"><strong style="color:#e46e0f"><small>~</small><span class="username" data-name="inkbug1">inkbug1</span>:</strong> <em>i think barn loses lens</em></div><div class="chat chatmessage-h2opulse"><strong style="color:#6e8c2b"><small>☆</small><span class="username" data-name="H2OPulse">H2OPulse</span>:</strong> <em>so bold of me to assume I had a Flying resist :'D</em></div><div class="chat chatmessage-hematemesis"><strong style="color:#9412d5"><small>☆</small><span class="username" data-name="Hematemesis">Hematemesis</span>:</strong> <em>I got rid of tinted lens</em></div><div class="chat chatmessage-h2opulse"><strong style="color:#6e8c2b"><small>☆</small><span class="username" data-name="H2OPulse">H2OPulse</span>:</strong> <em>Oh! So it does</em></div><div class="chat chatmessage-hematemesis"><strong style="color:#9412d5"><small>☆</small><span class="username" data-name="Hematemesis">Hematemesis</span>:</strong> <em>That was your suggestion LOL</em></div><div class="chat chatmessage-h2opulse"><strong style="color:#6e8c2b"><small>☆</small><span class="username" data-name="H2OPulse">H2OPulse</span>:</strong> <em><s>I am not a smart man</s></em></div><div class="spacer battle-history"><br></div><div class="battle-history">H2OPulse withdrew Monkshood!<br></div><div class="battle-history">H2OPulse sent out Nip (<strong>Persian-Alola</strong>)!<br></div><div class="spacer battle-history"><br></div><div class="battle-history">Hoobarn used <strong>Hurricane</strong>!<br></div><div class="battle-history"><small>The opposing Nip avoided the attack!</small><br></div><div class="spacer battle-history"><br></div><h2 class="battle-history">Turn 32</h2><div class="chat chatmessage-h2opulse"><strong style="color:#6e8c2b"><small>☆</small><span class="username" data-name="H2OPulse">H2OPulse</span>:</strong> <em><i>I am so sorry</i></em></div><div class="chat chatmessage-h2opulse"><strong style="color:#6e8c2b"><small>☆</small><span class="username" data-name="H2OPulse">H2OPulse</span>:</strong> <em>yes, by my suggestion, Hoobarn lost its glasses</em></div><div class="spacer battle-history"><br></div><div class="battle-history">The opposing Nip used <strong>Power Gem</strong>!<br></div><div class="battle-history"><small>It's super effective!</small><br></div><div class="battle-history"><small>(Hoobarn lost 32% of its health!)</small><br></div><div class="spacer battle-history"><br></div><div class="battle-history">Hoobarn used <strong>Hurricane</strong>!<br></div><div class="battle-history"><small>(The opposing Nip lost 57% of its health!)</small><br></div><div class="spacer battle-history"><br></div><h2 class="battle-history">Turn 33</h2><div class="chat chatmessage-h2opulse"><strong style="color:#6e8c2b"><small>☆</small><span class="username" data-name="H2OPulse">H2OPulse</span>:</strong> <em>Oh you are bulky</em></div><div class="chat chatmessage-h2opulse"><strong style="color:#6e8c2b"><small>☆</small><span class="username" data-name="H2OPulse">H2OPulse</span>:</strong> <em>Whoa</em></div><div class="spacer battle-history"><br></div><div class="battle-history">Hoobarn used <strong>Roost</strong>!<br></div><div class="battle-history"><small>Hoobarn had its HP restored.</small><br></div><div class="battle-history"><small>(Hoobarn loses Flying type this turn.)</small><br></div><div class="spacer battle-history"><br></div><div class="battle-history">The opposing Nip used <strong>Parting Shot</strong>!<br></div><div class="battle-history"><small>Hoobarn's Attack fell!</small><br></div><div class="battle-history"><small>Hoobarn's Sp. Atk fell!</small><br></div><div class="spacer battle-history"><br></div><div class="battle-history">H2OPulse withdrew Nip!<br></div><div class="battle-history">H2OPulse sent out Drosera (<strong>Carnivenom</strong>)!<br></div><div class="spacer battle-history"><br></div><div class="battle-history"><small>The opposing Drosera restored a little HP using its Black Sludge!</small><br></div><div class="spacer battle-history"><br></div><h2 class="battle-history">Turn 34</h2><div class="chat chatmessage-kerosenezanchu"><strong style="color:#4094b0"><small> </small><span class="username" data-name="KeroseneZanchu">KeroseneZanchu</span>:</strong> <em>okay</em></div><div class="chat chatmessage-kerosenezanchu"><strong style="color:#4094b0"><small> </small><span class="username" data-name="KeroseneZanchu">KeroseneZanchu</span>:</strong> <em>finally</em></div><div class="chat chatmessage-hematemesis"><strong style="color:#9412d5"><small>☆</small><span class="username" data-name="Hematemesis">Hematemesis</span>:</strong> <em>Hi Kero</em></div><div class="chat chatmessage-kerosenezanchu"><strong style="color:#4094b0"><small> </small><span class="username" data-name="KeroseneZanchu">KeroseneZanchu</span>:</strong> <em>updated my team and caught up on all of the matches</em></div><div class="chat chatmessage-h2opulse"><strong style="color:#6e8c2b"><small>☆</small><span class="username" data-name="H2OPulse">H2OPulse</span>:</strong> <em>I don't thhhink I have anything for this</em></div><div class="chat chatmessage-h2opulse"><strong style="color:#6e8c2b"><small>☆</small><span class="username" data-name="H2OPulse">H2OPulse</span>:</strong> <em>which is actually insanely cool because I think I was underrating Hoobarn a lot O: I am hyped that it's kind of a threat holy heck</em></div><div class="spacer battle-history"><br></div><div class="battle-history">Hoobarn used <strong>Feather Dance</strong>!<br></div><div class="battle-history"><small>The opposing Drosera's Attack fell harshly!</small><br></div><div class="spacer battle-history"><br></div><div class="battle-history">The opposing Drosera used <strong>Sleep Powder</strong>!<br></div><div class="battle-history"><small>Hoobarn fell asleep!</small><br></div><div class="spacer battle-history"><br></div><div class="battle-history"><small>The opposing Drosera restored a little HP using its Black Sludge!</small><br></div><div class="spacer battle-history"><br></div><h2 class="battle-history">Turn 35</h2><div class="spacer battle-history"><br></div><div class="battle-history">Hoobarn, come back!<br></div><div class="battle-history">Go! <strong>Gardevoir</strong>!<br></div><div class="battle-history">[Gardevoir's Trace]<br>[Gardevoir's Levitate]<br><small>Gardevoir traced the opposing Drosera's Levitate!</small><br></div><div class="spacer battle-history"><br></div><div class="battle-history">H2OPulse withdrew Drosera!<br></div><div class="battle-history">H2OPulse sent out Nip (<strong>Persian-Alola</strong>)!<br></div><div class="spacer battle-history"><br></div><h2 class="battle-history">Turn 36</h2><div class="spacer battle-history"><br></div><div class="battle-history">H2OPulse withdrew Nip!<br></div><div class="battle-history">H2OPulse sent out Cattail (<strong>Vaporeon</strong>)!<br></div><div class="spacer battle-history"><br></div><div class="battle-history">Gardevoir, come back!<br></div><div class="battle-history">Go! <strong>Umbreon</strong>!<br></div><div class="spacer battle-history"><br></div><h2 class="battle-history">Turn 37</h2><div class="spacer battle-history"><br></div><div class="battle-history">Umbreon, come back!<br></div><div class="battle-history">Go! <strong>Carnivenom</strong>!<br></div><div class="spacer battle-history"><br></div><div class="battle-history">The opposing Cattail used <strong>Wish</strong>!<br></div><div class="spacer battle-history"><br></div><div class="battle-history"><small>Carnivenom restored a little HP using its Black Sludge!</small><br></div><div class="spacer battle-history"><br></div><h2 class="battle-history">Turn 38</h2><div class="spacer battle-history"><br></div><div class="battle-history">H2OPulse withdrew Cattail!<br></div><div class="battle-history">H2OPulse sent out Nip (<strong>Persian-Alola</strong>)!<br></div><div class="spacer battle-history"><br></div><div class="battle-history">Carnivenom used <strong>Poison Jab</strong>!<br></div><div class="battle-history"><small>(The opposing Nip lost 30% of its health!)</small><br></div><div class="spacer battle-history"><br></div><div class="battle-history"><small>Cattail's wish came true!</small><br></div><div class="battle-history"><small>Carnivenom restored a little HP using its Black Sludge!</small><br></div><div class="spacer battle-history"><br></div><h2 class="battle-history">Turn 39</h2><div class="spacer battle-history"><br></div><div class="battle-history">The opposing Nip used <strong>Nasty Plot</strong>!<br></div><div class="battle-history"><small>The opposing Nip's Sp. Atk rose sharply!</small><br></div><div class="spacer battle-history"><br></div><div class="battle-history">Carnivenom used <strong>Power Whip</strong>!<br></div><div class="battle-history"><small>The opposing Nip avoided the attack!</small><br></div><div class="spacer battle-history"><br></div><div class="battle-history"><small>Carnivenom restored a little HP using its Black Sludge!</small><br></div><div class="spacer battle-history"><br></div><h2 class="battle-history">Turn 40</h2><div class="chat chatmessage-h2opulse"><strong style="color:#6e8c2b"><small>☆</small><span class="username" data-name="H2OPulse">H2OPulse</span>:</strong> <em>PLEASE</em></div><div class="chat chatmessage-h2opulse"><strong style="color:#6e8c2b"><small>☆</small><span class="username" data-name="H2OPulse">H2OPulse</span>:</strong> <em>please hit one inaccurate move I'm so sorry</em></div><div class="spacer battle-history"><br></div><div class="battle-history">The opposing Nip used <strong>Nasty Plot</strong>!<br></div><div class="battle-history"><small>The opposing Nip's Sp. Atk rose sharply!</small><br></div><div class="spacer battle-history"><br></div><div class="battle-history">Carnivenom used <strong>Power Whip</strong>!<br></div><div class="battle-history"><small>(The opposing Nip lost 45% of its health!)</small><br></div><div class="spacer battle-history"><br></div><div class="battle-history"><small>Carnivenom restored a little HP using its Black Sludge!</small><br></div><div class="spacer battle-history"><br></div><h2 class="battle-history">Turn 41</h2><div class="spacer battle-history"><br></div><div class="battle-history">The opposing Nip used <strong>Dark Pulse</strong>!<br></div><div class="battle-history"><small>(Carnivenom lost 57% of its health!)</small><br></div><div class="spacer battle-history"><br></div><div class="battle-history">Carnivenom used <strong>Power Whip</strong>!<br></div><div class="battle-history"><small>(The opposing Nip lost 43% of its health!)</small><br></div><div class="spacer battle-history"><br></div><div class="battle-history"><small>Carnivenom restored a little HP using its Black Sludge!</small><br></div><div class="spacer battle-history"><br></div><h2 class="battle-history">Turn 42</h2><div class="spacer battle-history"><br></div><div class="battle-history">Carnivenom, come back!<br></div><div class="battle-history">Go! <strong>Umbreon</strong>!<br></div><div class="spacer battle-history"><br></div><div class="battle-history">The opposing Nip used <strong>Dark Pulse</strong>!<br></div><div class="battle-history"><small>It's not very effective...</small><br></div><div class="battle-history"><small>(Umbreon lost 20% of its health!)</small><br></div><div class="spacer battle-history"><br></div><div class="battle-history"><small>Umbreon restored a little HP using its Leftovers!</small><br></div><div class="spacer battle-history"><br></div><h2 class="battle-history">Turn 43</h2><div class="spacer battle-history"><br></div><div class="battle-history">The opposing Nip used <strong>Power Gem</strong>!<br></div><div class="battle-history"><small>(Umbreon lost 30% of its health!)</small><br></div><div class="spacer battle-history"><br></div><div class="battle-history">Umbreon used <strong>Foul Play</strong>!<br></div><div class="battle-history"><small>It's not very effective...</small><br></div><div class="battle-history"><small>(The opposing Nip lost 7% of its health!)</small><br></div><div class="spacer battle-history"><br></div><div class="battle-history"><small>Umbreon restored a little HP using its Leftovers!</small><br></div><div class="spacer battle-history"><br></div><h2 class="battle-history">Turn 44</h2><div class="spacer battle-history"><br></div><div class="battle-history">The opposing Nip used <strong>Parting Shot</strong>!<br></div><div class="battle-history"><small>Umbreon's Attack fell!</small><br></div><div class="battle-history"><small>Umbreon's Sp. Atk fell!</small><br></div><div class="spacer battle-history"><br></div><div class="battle-history">H2OPulse withdrew Nip!<br></div><div class="battle-history">H2OPulse sent out Cattail (<strong>Vaporeon</strong>)!<br></div><div class="spacer battle-history"><br></div><div class="battle-history">Umbreon used <strong>Wish</strong>!<br></div><div class="spacer battle-history"><br></div><div class="battle-history"><small>Umbreon restored a little HP using its Leftovers!</small><br></div><div class="spacer battle-history"><br></div><h2 class="battle-history">Turn 45</h2><div class="spacer battle-history"><br></div><div class="battle-history">Umbreon, come back!<br></div><div class="battle-history">Go! <strong>Carnivenom</strong>!<br></div><div class="spacer battle-history"><br></div><div class="battle-history">The opposing Cattail used <strong>Wish</strong>!<br></div><div class="spacer battle-history"><br></div><div class="battle-history"><small>Umbreon's wish came true!</small><br></div><div class="battle-history"><small>Carnivenom restored a little HP using its Black Sludge!</small><br></div><div class="spacer battle-history"><br></div><h2 class="battle-history">Turn 46</h2><div class="spacer battle-history"><br></div><div class="battle-history">The opposing Cattail used <strong>Flip Turn</strong>!<br></div><div class="battle-history"><small>It's not very effective...</small><br></div><div class="battle-history"><small>(Carnivenom lost 6% of its health!)</small><br></div><div class="spacer battle-history"><br></div><div class="battle-history">H2OPulse withdrew Cattail!<br></div><div class="battle-history">H2OPulse sent out Drosera (<strong>Carnivenom</strong>)!<br></div><div class="spacer battle-history"><br></div><div class="battle-history">Carnivenom used <strong>Power Whip</strong>!<br></div><div class="battle-history"><small>It's not very effective...</small><br></div><div class="battle-history"><small>(The opposing Drosera lost 11% of its health!)</small><br></div><div class="spacer battle-history"><br></div><div class="battle-history"><small>Cattail's wish came true!</small><br></div><div class="battle-history"><small>Carnivenom restored a little HP using its Black Sludge!</small><br></div><div class="spacer battle-history"><br></div><h2 class="battle-history">Turn 47</h2><div class="chat"><small> megaspoopy000 joined</small></div><div class="spacer battle-history"><br></div><div class="battle-history">Carnivenom, come back!<br></div><div class="battle-history">Go! <strong>Hoobarn</strong>!<br></div><div class="spacer battle-history"><br></div><div class="battle-history">The opposing Drosera used <strong>Coil</strong>!<br></div><div class="battle-history"><small>The opposing Drosera's Attack rose!</small><br></div><div class="battle-history"><small>The opposing Drosera's Defense rose!</small><br></div><div class="battle-history"><small>The opposing Drosera's accuracy rose!</small><br></div><div class="spacer battle-history"><br></div><h2 class="battle-history">Turn 48</h2><div class="chat chatmessage-h2opulse"><strong style="color:#6e8c2b"><small>☆</small><span class="username" data-name="H2OPulse">H2OPulse</span>:</strong> <em><s>we are both making so much progress right now</s></em></div><div class="spacer battle-history"><br></div><div class="battle-history">Hoobarn is fast asleep.<br></div><div class="spacer battle-history"><br></div><div class="battle-history">The opposing Drosera used <strong>Coil</strong>!<br></div><div class="battle-history"><small>The opposing Drosera's Attack rose!</small><br></div><div class="battle-history"><small>The opposing Drosera's Defense rose!</small><br></div><div class="battle-history"><small>The opposing Drosera's accuracy rose!</small><br></div><div class="spacer battle-history"><br></div><h2 class="battle-history">Turn 49</h2><div class="spacer battle-history"><br></div><div class="battle-history">Hoobarn is fast asleep.<br></div><div class="spacer battle-history"><br></div><div class="battle-history">The opposing Drosera used <strong>Poison Jab</strong>!<br></div><div class="battle-history"><small>(Hoobarn lost 43% of its health!)</small><br></div><div class="spacer battle-history"><br></div><h2 class="battle-history">Turn 50</h2><div class="spacer battle-history"><br></div><div class="battle-history"><small>Hoobarn woke up!</small><br></div><div class="spacer battle-history"><br></div><div class="battle-history">Hoobarn used <strong>Feather Dance</strong>!<br></div><div class="battle-history"><small>The opposing Drosera's Attack fell harshly!</small><br></div><div class="spacer battle-history"><br></div><div class="battle-history">The opposing Drosera used <strong>Power Whip</strong>!<br></div><div class="battle-history"><small>It's not very effective...</small><br></div><div class="battle-history"><small>(Hoobarn lost 14% of its health!)</small><br></div><div class="spacer battle-history"><br></div><h2 class="battle-history">Turn 51</h2><div class="spacer battle-history"><br></div><div class="battle-history">Hoobarn used <strong>Feather Dance</strong>!<br></div><div class="battle-history"><small>The opposing Drosera's Attack fell harshly!</small><br></div><div class="spacer battle-history"><br></div><div class="battle-history">The opposing Drosera used <strong>Sleep Powder</strong>!<br></div><div class="battle-history"><small>Hoobarn fell asleep!</small><br></div><div class="spacer battle-history"><br></div><h2 class="battle-history">Turn 52</h2><div class="chat"><small> megaspoopy000 left</small></div><div class="spacer battle-history"><br></div><div class="battle-history">H2OPulse withdrew Drosera!<br></div><div class="battle-history">H2OPulse sent out Nip (<strong>Persian-Alola</strong>)!<br></div><div class="spacer battle-history"><br></div><div class="battle-history">Hoobarn is fast asleep.<br></div><div class="spacer battle-history"><br></div><h2 class="battle-history">Turn 53</h2><div class="spacer battle-history"><br></div><div class="battle-history">Hoobarn is fast asleep.<br></div><div class="spacer battle-history"><br></div><div class="battle-history">The opposing Nip used <strong>Power Gem</strong>!<br></div><div class="battle-history"><small>It's super effective!</small><br></div><div class="battle-history"><small>(Hoobarn lost 34% of its health!)</small><br></div><div class="spacer battle-history"><br></div><h2 class="battle-history">Turn 54</h2><div class="spacer battle-history"><br></div><div class="battle-history"><small>Hoobarn woke up!</small><br></div><div class="spacer battle-history"><br></div><div class="battle-history">Hoobarn used <strong>Roost</strong>!<br></div><div class="battle-history"><small>Hoobarn had its HP restored.</small><br></div><div class="battle-history"><small>(Hoobarn loses Flying type this turn.)</small><br></div><div class="spacer battle-history"><br></div><div class="battle-history">The opposing Nip used <strong>Parting Shot</strong>!<br></div><div class="battle-history"><small>Hoobarn's Attack fell!</small><br></div><div class="battle-history"><small>Hoobarn's Sp. Atk fell!</small><br></div><div class="spacer battle-history"><br></div><div class="battle-history">H2OPulse withdrew Nip!<br></div><div class="battle-history">H2OPulse sent out Cattail (<strong>Vaporeon</strong>)!<br></div><div class="spacer battle-history"><br></div><h2 class="battle-history">Turn 55</h2><div class="spacer battle-history"><br></div><div class="battle-history">Hoobarn used <strong>Roost</strong>!<br></div><div class="battle-history"><small>Hoobarn had its HP restored.</small><br></div><div class="battle-history"><small>(Hoobarn loses Flying type this turn.)</small><br></div><div class="spacer battle-history"><br></div><div class="battle-history">The opposing Cattail used <strong>Wish</strong>!<br></div><div class="spacer battle-history"><br></div><h2 class="battle-history">Turn 56</h2><div class="chat chatmessage-h2opulse"><strong style="color:#6e8c2b"><small>☆</small><span class="username" data-name="H2OPulse">H2OPulse</span>:</strong> <em>Really wishing I had Toxic right now kshdfjdgk</em></div><div class="spacer battle-history"><br></div><div class="battle-history">Hoobarn, come back!<br></div><div class="battle-history">Go! <strong>Gardevoir</strong>!<br></div><div class="battle-history">[Gardevoir's Trace]<br>[Gardevoir's Water Absorb]<br><small>Gardevoir traced the opposing Cattail's Water Absorb!</small><br></div><div class="spacer battle-history"><br></div><div class="battle-history">The opposing Cattail used <strong>Flip Turn</strong>!<br></div><div class="battle-history">[Gardevoir's Water Absorb]<br><small>It doesn't affect Gardevoir...</small><br></div><div class="spacer battle-history"><br></div><h2 class="battle-history">Turn 57</h2><div class="chat chatmessage-h2opulse"><strong style="color:#6e8c2b"><small>☆</small><span class="username" data-name="H2OPulse">H2OPulse</span>:</strong> <em>I fell for that twice</em></div><div class="spacer battle-history"><br></div><div class="battle-history">Gardevoir used <strong>Psyshock</strong>!<br></div><div class="battle-history"><small>(The opposing Cattail lost 71% of its health!)</small><br></div><div class="spacer battle-history"><br></div><div class="battle-history">The opposing Cattail used <strong>Wish</strong>!<br></div><div class="spacer battle-history"><br></div><div class="battle-history"><small>The opposing Cattail restored a little HP using its Leftovers!</small><br></div><div class="spacer battle-history"><br></div><h2 class="battle-history">Turn 58</h2><div class="spacer battle-history"><br></div><div class="battle-history">Gardevoir, come back!<br></div><div class="battle-history">Go! <strong>Umbreon</strong>!<br></div><div class="spacer battle-history"><br></div><div class="battle-history">H2OPulse withdrew Cattail!<br></div><div class="battle-history">H2OPulse sent out Nip (<strong>Persian-Alola</strong>)!<br></div><div class="spacer battle-history"><br></div><div class="battle-history"><small>Cattail's wish came true!</small><br></div><div class="battle-history"><small>Umbreon restored a little HP using its Leftovers!</small><br></div><div class="spacer battle-history"><br></div><h2 class="battle-history">Turn 59</h2><div class="spacer battle-history"><br></div><div class="battle-history">The opposing Nip used <strong>Parting Shot</strong>!<br></div><div class="battle-history"><small>Umbreon's Attack fell!</small><br></div><div class="battle-history"><small>Umbreon's Sp. Atk fell!</small><br></div><div class="spacer battle-history"><br></div><div class="battle-history">H2OPulse withdrew Nip!<br></div><div class="battle-history">H2OPulse sent out Monkshood (<strong>Mienshao-Variant</strong>)!<br></div><div class="spacer battle-history"><br></div><div class="battle-history">Umbreon used <strong>Toxic</strong>!<br></div><div class="battle-history"><small>The opposing Monkshood was badly poisoned!</small><br></div><div class="spacer battle-history"><br></div><div class="battle-history"><small>Umbreon restored a little HP using its Leftovers!</small><br></div><div class="battle-history"><small>The opposing Monkshood was hurt by poison!</small><br></div><div class="spacer battle-history"><br></div><h2 class="battle-history">Turn 60</h2><div class="spacer battle-history"><br></div><div class="battle-history">Umbreon used <strong>Protect</strong>!<br></div><div class="battle-history"><small>Umbreon protected itself!</small><br></div><div class="spacer battle-history"><br></div><div class="battle-history">The opposing Monkshood used <strong>Reflect</strong>!<br></div><div class="battle-history"><small>Reflect made the opposing team stronger against physical moves!</small><br></div><div class="spacer battle-history"><br></div><div class="battle-history"><small>Umbreon restored a little HP using its Leftovers!</small><br></div><div class="battle-history"><small>The opposing Monkshood was hurt by poison!</small><br></div><div class="spacer battle-history"><br></div><h2 class="battle-history">Turn 61</h2><div class="spacer battle-history"><br></div><div class="battle-history">Umbreon, come back!<br></div><div class="battle-history">Go! <strong>Hoobarn</strong>!<br></div><div class="spacer battle-history"><br></div><div class="battle-history">The opposing Monkshood used <strong>Close Combat</strong>!<br></div><div class="battle-history"><small>(Hoobarn lost 32% of its health!)</small><br></div><div class="battle-history"><small>The opposing Monkshood's Defense fell!</small><br></div><div class="battle-history"><small>The opposing Monkshood's Sp. Def fell!</small><br></div><div class="spacer battle-history"><br></div><div class="battle-history"><small>The opposing Monkshood was hurt by poison!</small><br></div><div class="spacer battle-history"><br></div><h2 class="battle-history">Turn 62</h2><div class="spacer battle-history"><br></div><div class="battle-history">H2OPulse withdrew Monkshood!<br></div><div class="battle-history">H2OPulse sent out Nip (<strong>Persian-Alola</strong>)!<br></div><div class="spacer battle-history"><br></div><div class="battle-history">Hoobarn used <strong>Hurricane</strong>!<br></div><div class="battle-history"><small>(The opposing Nip lost 55% of its health!)</small><br></div><div class="spacer battle-history"><br></div><h2 class="battle-history">Turn 63</h2><div class="spacer battle-history"><br></div><div class="battle-history">The opposing Nip used <strong>Parting Shot</strong>!<br></div><div class="battle-history"><small>Hoobarn's Attack fell!</small><br></div><div class="battle-history"><small>Hoobarn's Sp. Atk fell!</small><br></div><div class="spacer battle-history"><br></div><div class="battle-history">H2OPulse withdrew Nip!<br></div><div class="battle-history">H2OPulse sent out Drosera (<strong>Carnivenom</strong>)!<br></div><div class="spacer battle-history"><br></div><div class="battle-history">Hoobarn used <strong>Hurricane</strong>!<br></div><div class="battle-history"><small>It's super effective!</small><br></div><div class="battle-history"><small>(The opposing Drosera lost 32% of its health!)</small><br></div><div class="battle-history"><small>The opposing Drosera became confused!</small><br></div><div class="spacer battle-history"><br></div><div class="battle-history"><small>The opposing Drosera restored a little HP using its Black Sludge!</small><br></div><div class="spacer battle-history"><br></div><h2 class="battle-history">Turn 64</h2><div class="spacer battle-history"><br></div><div class="battle-history">Hoobarn used <strong>Feather Dance</strong>!<br></div><div class="battle-history"><small>The opposing Drosera's Attack fell harshly!</small><br></div><div class="spacer battle-history"><br></div><div class="battle-history"><small>The opposing Drosera is confused!</small><br></div><div class="battle-history">It hurt itself in its confusion!<br></div><div class="spacer battle-history"><br></div><div class="battle-history"><small>The opposing Drosera restored a little HP using its Black Sludge!</small><br></div><div class="spacer battle-history"><br></div><h2 class="battle-history">Turn 65</h2><div class="spacer battle-history"><br></div><div class="battle-history">Hoobarn, come back!<br></div><div class="battle-history">Go! <strong>Gardevoir</strong>!<br></div><div class="battle-history">[Gardevoir's Trace]<br>[Gardevoir's Levitate]<br><small>Gardevoir traced the opposing Drosera's Levitate!</small><br></div><div class="spacer battle-history"><br></div><div class="battle-history"><small>The opposing Drosera is confused!</small><br></div><div class="battle-history">The opposing Drosera used <strong>Sleep Powder</strong>!<br></div><div class="battle-history"><small>Gardevoir fell asleep!</small><br></div><div class="spacer battle-history"><br></div><div class="battle-history"><small>The opposing Drosera restored a little HP using its Black Sludge!</small><br></div><div class="spacer battle-history"><br></div><h2 class="battle-history">Turn 66</h2><div class="spacer battle-history"><br></div><div class="battle-history">Gardevoir is fast asleep.<br></div><div class="spacer battle-history"><br></div><div class="battle-history"><small>The opposing Drosera is confused!</small><br></div><div class="battle-history">The opposing Drosera used <strong>Poison Jab</strong>!<br></div><div class="battle-history"><small>It's super effective!</small><br></div><div class="battle-history"><small>(Gardevoir lost 51% of its health!)</small><br></div><div class="spacer battle-history"><br></div><div class="battle-history"><small>The opposing Drosera restored a little HP using its Black Sludge!</small><br></div><div class="spacer battle-history"><br></div><h2 class="battle-history">Turn 67</h2><div class="spacer battle-history"><br></div><div class="battle-history">Gardevoir is fast asleep.<br></div><div class="battle-history"><small>The opposing Drosera snapped out of its confusion!</small><br></div><div class="spacer battle-history"><br></div><div class="battle-history">The opposing Drosera used <strong>Sleep Powder</strong>!<br></div><div class="battle-history"><small>Gardevoir avoided the attack!</small><br></div><div class="spacer battle-history"><br></div><div class="battle-history"><small>The opposing Drosera restored a little HP using its Black Sludge!</small><br></div><div class="battle-history"><small>The opposing team's Reflect wore off!</small><br></div><div class="spacer battle-history"><br></div><h2 class="battle-history">Turn 68</h2><div class="chat chatmessage-h2opulse"><strong style="color:#6e8c2b"><small>☆</small><span class="username" data-name="H2OPulse">H2OPulse</span>:</strong> <em>That was</em></div><div class="chat chatmessage-h2opulse"><strong style="color:#6e8c2b"><small>☆</small><span class="username" data-name="H2OPulse">H2OPulse</span>:</strong> <em>a misclick</em></div><div class="chat chatmessage-h2opulse"><strong style="color:#6e8c2b"><small>☆</small><span class="username" data-name="H2OPulse">H2OPulse</span>:</strong> <em>I</em></div><div class="chat chatmessage-h2opulse"><strong style="color:#6e8c2b"><small>☆</small><span class="username" data-name="H2OPulse">H2OPulse</span>:</strong> <em>huh</em></div><div class="chat chatmessage-h2opulse"><strong style="color:#6e8c2b"><small>☆</small><span class="username" data-name="H2OPulse">H2OPulse</span>:</strong> <em><i>well the miss didn't matter so</i></em></div><div class="spacer battle-history"><br></div><div class="battle-history">H2OPulse withdrew Drosera!<br></div><div class="battle-history">H2OPulse sent out Nip (<strong>Persian-Alola</strong>)!<br></div><div class="battle-history"><small>Gardevoir woke up!</small><br></div><div class="spacer battle-history"><br></div><div class="battle-history">Gardevoir used <strong>Psychic</strong>!<br></div><div class="battle-history"><small>It doesn't affect the opposing Nip...</small><br></div><div class="spacer battle-history"><br></div><h2 class="battle-history">Turn 69</h2><div class="spacer battle-history"><br></div><div class="battle-history">Gardevoir, come back!<br></div><div class="battle-history">Go! <strong>Umbreon</strong>!<br></div><div class="spacer battle-history"><br></div><div class="battle-history">The opposing Nip used <strong>Nasty Plot</strong>!<br></div><div class="battle-history"><small>The opposing Nip's Sp. Atk rose sharply!</small><br></div><div class="spacer battle-history"><br></div><div class="battle-history"><small>Umbreon restored a little HP using its Leftovers!</small><br></div><div class="spacer battle-history"><br></div><h2 class="battle-history">Turn 70</h2><div class="spacer battle-history"><br></div><div class="battle-history">The opposing Nip used <strong>Power Gem</strong>!<br></div><div class="battle-history"><small>(Umbreon lost 22% of its health!)</small><br></div><div class="spacer battle-history"><br></div><div class="battle-history">Umbreon used <strong>Toxic</strong>!<br></div><div class="battle-history"><small>The opposing Nip was badly poisoned!</small><br></div><div class="spacer battle-history"><br></div><div class="battle-history"><small>Umbreon restored a little HP using its Leftovers!</small><br></div><div class="battle-history"><small>The opposing Nip was hurt by poison!</small><br></div><div class="spacer battle-history"><br></div><h2 class="battle-history">Turn 71</h2><div class="spacer battle-history"><br></div><div class="battle-history">The opposing Nip used <strong>Power Gem</strong>!<br></div><div class="battle-history"><small>(Umbreon lost 20% of its health!)</small><br></div><div class="spacer battle-history"><br></div><div class="battle-history">Umbreon used <strong>Wish</strong>!<br></div><div class="spacer battle-history"><br></div><div class="battle-history"><small>Umbreon restored a little HP using its Leftovers!</small><br></div><div class="battle-history"><small>The opposing Nip was hurt by poison!</small><br></div><div class="spacer battle-history"><br></div><h2 class="battle-history">Turn 72</h2><div class="spacer battle-history"><br></div><div class="battle-history">The opposing Nip used <strong>Parting Shot</strong>!<br></div><div class="battle-history"><small>Umbreon's Attack fell!</small><br></div><div class="battle-history"><small>Umbreon's Sp. Atk fell!</small><br></div><div class="spacer battle-history"><br></div><div class="battle-history">H2OPulse withdrew Nip!<br></div><div class="battle-history">H2OPulse sent out Cattail (<strong>Vaporeon</strong>)!<br></div><div class="spacer battle-history"><br></div><div class="battle-history">Umbreon used <strong>Foul Play</strong>!<br></div><div class="battle-history"><small>(The opposing Cattail lost 28% of its health!)</small><br></div><div class="spacer battle-history"><br></div><div class="battle-history"><small>Umbreon's wish came true!</small><br></div><div class="battle-history"><small>The opposing Cattail restored a little HP using its Leftovers!</small><br></div><div class="spacer battle-history"><br></div><h2 class="battle-history">Turn 73</h2><div class="chat chatmessage-h2opulse"><strong style="color:#6e8c2b"><small>☆</small><span class="username" data-name="H2OPulse">H2OPulse</span>:</strong> <em>Oh that's</em></div><div class="chat chatmessage-h2opulse"><strong style="color:#6e8c2b"><small>☆</small><span class="username" data-name="H2OPulse">H2OPulse</span>:</strong> <em>a lot more than I thought Foul Play would do to Cattail</em></div><div class="spacer battle-history"><br></div><div class="battle-history">H2OPulse withdrew Cattail!<br></div><div class="battle-history">H2OPulse sent out Carnation (<strong>Balleringue</strong>)!<br></div><div class="spacer battle-history"><br></div><div class="battle-history">Umbreon, come back!<br></div><div class="battle-history">Go! <strong>Gardevoir</strong>!<br></div><div class="battle-history">[Gardevoir's Trace]<br>[Gardevoir's Triage]<br><small>Gardevoir traced the opposing Carnation's Triage!</small><br></div><div class="spacer battle-history"><br></div><h2 class="battle-history">Turn 74</h2><div class="chat chatmessage-h2opulse"><strong style="color:#6e8c2b"><small>☆</small><span class="username" data-name="H2OPulse">H2OPulse</span>:</strong> <em>I am in so much danger</em></div><div class="spacer battle-history"><br></div><div class="battle-history">The opposing Carnation used <strong>Leech Life</strong>!<br></div><div class="battle-history"><small>(Gardevoir lost 49% of its health!)</small><br></div><div class="battle-history"><small>Gardevoir had its energy drained!</small><br></div><div class="spacer battle-history"><br></div><div class="battle-history">Gardevoir fainted!<br></div><div class="chat chatmessage-hematemesis"><strong style="color:#9412d5"><small>☆</small><span class="username" data-name="Hematemesis">Hematemesis</span>:</strong> <em>Why</em></div><div class="chat chatmessage-hematemesis"><strong style="color:#9412d5"><small>☆</small><span class="username" data-name="Hematemesis">Hematemesis</span>:</strong> <em>Is it faster?</em></div><div class="chat chatmessage-hematemesis"><strong style="color:#9412d5"><small>☆</small><span class="username" data-name="Hematemesis">Hematemesis</span>:</strong> <em>Triage</em></div><div class="chat chatmessage-hematemesis"><strong style="color:#9412d5"><small>☆</small><span class="username" data-name="Hematemesis">Hematemesis</span>:</strong> <em>Bruh</em></div><div class="spacer battle-history"><br></div><div class="battle-history"><small>Hematemesis forfeited.</small><br></div><div class="spacer battle-history"><br></div><div class="battle-history"><strong>H2OPulse</strong> won the battle!<br></div><div class="chat chatmessage-hematemesis"><strong style="color:#9412d5"><small>☆</small><span class="username" data-name="Hematemesis">Hematemesis</span>:</strong> <em>ggs</em></div><div class="chat chatmessage-h2opulse"><strong style="color:#6e8c2b"><small>☆</small><span class="username" data-name="H2OPulse">H2OPulse</span>:</strong> <em>Oh huh</em></div><div class="chat chatmessage-h2opulse"><strong style="color:#6e8c2b"><small>☆</small><span class="username" data-name="H2OPulse">H2OPulse</span>:</strong> <em>I did not actually</em></div><div class="chat chatmessage-h2opulse"><strong style="color:#6e8c2b"><small>☆</small><span class="username" data-name="H2OPulse">H2OPulse</span>:</strong> <em>think I would win that if we played it out I'm sorry</em></div><div class="chat chatmessage-hematemesis"><strong style="color:#9412d5"><small>☆</small><span class="username" data-name="Hematemesis">Hematemesis</span>:</strong> <em>And you thought YOU weren't smart lmao</em></div><div class="chat chatmessage-hematemesis"><strong style="color:#9412d5"><small>☆</small><span class="username" data-name="Hematemesis">Hematemesis</span>:</strong> <em>Yeah I thought I had it once wishes were gone, but now I have</em></div><div class="chat chatmessage-hematemesis"><strong style="color:#9412d5"><small>☆</small><span class="username" data-name="Hematemesis">Hematemesis</span>:</strong> <em>Nothing to beat Balleringue outside of feather dances</em></div><div class="chat chatmessage-hematemesis"><strong style="color:#9412d5"><small>☆</small><span class="username" data-name="Hematemesis">Hematemesis</span>:</strong> <em>Ggs</em></div></div><div class="inner-preempt message-log"></div></div></div>
</div>
<script>
let daily = Math.floor(Date.now()/1000/60/60/24);document.write('<script src="https://dragonheaven.herokuapp.com/js/replay-embed.js?version'+daily+'"></'+'script>');
</script>
