<!DOCTYPE html>
<meta charset="utf-8" />
<!-- version 1 -->
<title>[Gen 8] M4A Suspect replay: IsoCon vs. exploziff</title>
<style>
html,body {font-family:Verdana, sans-serif;font-size:10pt;margin:0;padding:0;}body{padding:12px 0;} .battle-log {font-family:Verdana, sans-serif;font-size:10pt;} .battle-log-inline {border:1px solid #AAAAAA;background:#EEF2F5;color:black;max-width:640px;margin:0 auto 80px;padding-bottom:5px;} .battle-log .inner {padding:4px 8px 0px 8px;} .battle-log .inner-preempt {padding:0 8px 4px 8px;} .battle-log .inner-after {margin-top:0.5em;} .battle-log h2 {margin:0.5em -8px;padding:4px 8px;border:1px solid #AAAAAA;background:#E0E7EA;border-left:0;border-right:0;font-family:Verdana, sans-serif;font-size:13pt;} .battle-log .chat {vertical-align:middle;padding:3px 0 3px 0;font-size:8pt;} .battle-log .chat strong {color:#40576A;} .battle-log .chat em {padding:1px 4px 1px 3px;color:#000000;font-style:normal;} .chat.mine {background:rgba(0,0,0,0.05);margin-left:-8px;margin-right:-8px;padding-left:8px;padding-right:8px;} .spoiler {color:#BBBBBB;background:#BBBBBB;padding:0px 3px;} .spoiler:hover, .spoiler:active, .spoiler-shown {color:#000000;background:#E2E2E2;padding:0px 3px;} .spoiler a {color:#BBBBBB;} .spoiler:hover a, .spoiler:active a, .spoiler-shown a {color:#2288CC;} .chat code, .chat .spoiler:hover code, .chat .spoiler:active code, .chat .spoiler-shown code {border:1px solid #C0C0C0;background:#EEEEEE;color:black;padding:0 2px;} .chat .spoiler code {border:1px solid #CCCCCC;background:#CCCCCC;color:#CCCCCC;} .battle-log .rated {padding:3px 4px;} .battle-log .rated strong {color:white;background:#89A;padding:1px 4px;border-radius:4px;} .spacer {margin-top:0.5em;} .message-announce {background:#6688AA;color:white;padding:1px 4px 2px;} .message-announce a, .broadcast-green a, .broadcast-blue a, .broadcast-red a {color:#DDEEFF;} .broadcast-green {background-color:#559955;color:white;padding:2px 4px;} .broadcast-blue {background-color:#6688AA;color:white;padding:2px 4px;} .infobox {border:1px solid #6688AA;padding:2px 4px;} .infobox-limited {max-height:200px;overflow:auto;overflow-x:hidden;} .broadcast-red {background-color:#AA5544;color:white;padding:2px 4px;} .message-learn-canlearn {font-weight:bold;color:#228822;text-decoration:underline;} .message-learn-cannotlearn {font-weight:bold;color:#CC2222;text-decoration:underline;} .message-effect-weak {font-weight:bold;color:#CC2222;} .message-effect-resist {font-weight:bold;color:#6688AA;} .message-effect-immune {font-weight:bold;color:#666666;} .message-learn-list {margin-top:0;margin-bottom:0;} .message-throttle-notice, .message-error {color:#992222;} .message-overflow, .chat small.message-overflow {font-size:0pt;} .message-overflow::before {font-size:9pt;content:'...';} .subtle {color:#3A4A66;}
</style>
<div class="wrapper replay-wrapper" style="max-width:1180px;margin:0 auto">
<input type="hidden" name="replayid" value="dragonheaven-gen8m4asuspect-263" />
<div class="battle"></div><div class="battle-log"></div><div class="replay-controls"></div><div class="replay-controls-2"></div>
<h1 style="font-weight:normal;text-align:center"><strong>[Gen 8] M4A Suspect</strong><br /><a href="http://pokemonshowdown.com/users/isocon" class="subtle" target="_blank">IsoCon</a> vs. <a href="http://pokemonshowdown.com/users/exploziff" class="subtle" target="_blank">exploziff</a></h1>
<script type="text/plain" class="battle-log-data">|j|☆IsoCon
|j|☆exploziff
|t:|1621716928
|player|p1|IsoCon|acetrainersnowf|
|player|p2|exploziff|265|
|teamsize|p1|6
|teamsize|p2|6
|gametype|singles
|gen|8
|tier|[Gen 8] M4A Suspect
|clearpoke
|poke|p1|Lurantis, F|
|poke|p1|Garchomp, M|
|poke|p1|Zapdos|
|poke|p1|Jirachi|
|poke|p1|Heatran, M|
|poke|p1|Blissey, F|
|poke|p2|Zamazenta-Crowned|
|poke|p2|Toxapex, M|
|poke|p2|Tapu Bulu|
|poke|p2|Zapdos|
|poke|p2|Noivern, M|
|poke|p2|Nidoqueen, F|
|rule|HP Percentage Mod: HP is shown in percentages
|rule|Endless Battle Clause: Forcing endless battles is banned
|rule|OHKO Clause: OHKO moves are banned
|rule|Evasion Moves Clause: Evasion moves are banned
|rule|Species Clause: Limit one of each Pokémon
|rule|Dynamax Clause: You cannot dynamax
|rule|Sleep Clause Mod: Limit one foe put to sleep
|rule|Freeze Clause Mod: Limit one foe frozen
|raw|<img src="https:\/\/www.smogon.com\/forums\/attachments\/banner_2-png.302358\/" height="65" width="381">
|-message|Welcome to Megas for All!
|-message|This is a National Dex-based format where we aim to give a new Mega Evolution to every Pokémon.
|-message|Just like any official format, you can still only Mega Evolve one Pokémon per team!
|-message|You can find our thread and metagame resources here:
|-message|https:\/\/www.smogon.com\/forums\/threads\/3671140\/
|teampreview
|c|☆exploziff|gl hf
|c|☆IsoCon|glhf
|j| Sticky Paulao⌐◼_◼
|
|t:|1621716955
|start
|switch|p1a: Zeus|Zapdos|100\/100
|switch|p2a: Nidoqueen|Nidoqueen, F|100\/100
|turn|1
|j|+inkbug1

|
|t:|1621716975
|move|p1a: Zeus|Hurricane|p2a: Nidoqueen|[miss]
|-miss|p1a: Zeus|p2a: Nidoqueen
|move|p2a: Nidoqueen|Ice Beam|p1a: Zeus
|-supereffective|p1a: Zeus
|-damage|p1a: Zeus|56\/100
|
|upkeep
|turn|2
|j| Time to chill
|
|t:|1621716985
|move|p1a: Zeus|Roost|p1a: Zeus
|-heal|p1a: Zeus|100\/100
|-singleturn|p1a: Zeus|move: Roost
|move|p2a: Nidoqueen|Stealth Rock|p1a: Zeus
|-sidestart|p1: IsoCon|move: Stealth Rock
|
|upkeep
|turn|3
|
|t:|1621716988
|move|p1a: Zeus|Hurricane|p2a: Nidoqueen
|-damage|p2a: Nidoqueen|54\/100
|-start|p2a: Nidoqueen|confusion
|-activate|p2a: Nidoqueen|confusion
|move|p2a: Nidoqueen|Ice Beam|p1a: Zeus
|-supereffective|p1a: Zeus
|-damage|p1a: Zeus|56\/100
|
|-heal|p2a: Nidoqueen|61\/100|[from] item: Black Sludge
|upkeep
|turn|4
|
|t:|1621716995
|move|p1a: Zeus|Defog|p2a: Nidoqueen
|-unboost|p2a: Nidoqueen|evasion|1
|-sideend|p1: IsoCon|Stealth Rock|[from] move: Defog|[of] p1a: Zeus
|-activate|p2a: Nidoqueen|confusion
|-damage|p2a: Nidoqueen|56\/100|[from] confusion
|
|-heal|p2a: Nidoqueen|62\/100|[from] item: Black Sludge
|upkeep
|turn|5
|
|t:|1621717005
|switch|p1a: Eileithyia|Blissey, F|100\/100
|-end|p2a: Nidoqueen|confusion
|move|p2a: Nidoqueen|Milk Drink|p2a: Nidoqueen
|-heal|p2a: Nidoqueen|100\/100
|
|upkeep
|turn|6
|
|t:|1621717009
|move|p2a: Nidoqueen|Stealth Rock|p1a: Eileithyia
|-sidestart|p1: IsoCon|move: Stealth Rock
|move|p1a: Eileithyia|Teleport|p1a: Eileithyia
|j| Coppersmith
|
|t:|1621717027
|switch|p1a: Ares|Garchomp, M|100\/100|[from]move: Teleport
|-damage|p1a: Ares|94\/100|[from] Stealth Rock
|
|upkeep
|turn|7
|
|t:|1621717034
|switch|p2a: Tapu Bulu|Tapu Bulu|100\/100
|-fieldstart|move: Grassy Terrain|[from] ability: Grassy Surge|[of] p2a: Tapu Bulu
|move|p1a: Ares|Earthquake|p2a: Tapu Bulu
|-resisted|p2a: Tapu Bulu
|-damage|p2a: Tapu Bulu|84\/100
|-damage|p1a: Ares|85\/100|[from] item: Life Orb
|
|-heal|p1a: Ares|91\/100|[from] Grassy Terrain
|-heal|p2a: Tapu Bulu|90\/100|[from] item: Leftovers
|-heal|p2a: Tapu Bulu|96\/100|[from] Grassy Terrain
|upkeep
|turn|8
|
|t:|1621717060
|switch|p1a: Lurantis|Lurantis, F|100\/100
|-damage|p1a: Lurantis|88\/100|[from] Stealth Rock
|switch|p2a: Nidoqueen|Nidoqueen, F|100\/100
|
|-heal|p1a: Lurantis|94\/100|[from] Grassy Terrain
|upkeep
|turn|9
|
|t:|1621717067
|switch|p1a: Eileithyia|Blissey, F|100\/100
|switch|p2a: Toxapex|Toxapex, M|100\/100
|
|upkeep
|turn|10
|
|t:|1621717071
|move|p2a: Toxapex|Scald|p1a: Eileithyia
|-damage|p1a: Eileithyia|95\/100
|-status|p1a: Eileithyia|brn
|move|p1a: Eileithyia|Teleport|p1a: Eileithyia
|n| GottaGoPrettyQuick|stickypaulao
|
|t:|1621717083
|switch|p1a: Lurantis|Lurantis, F|94\/100|[from]move: Teleport
|-damage|p1a: Lurantis|82\/100|[from] Stealth Rock
|
|-heal|p1a: Lurantis|88\/100|[from] Grassy Terrain
|upkeep
|turn|11
|
|t:|1621717088
|detailschange|p1a: Lurantis|Lurantis-Mega, F
|-mega|p1a: Lurantis|Lurantis|Lurantisite
|-start|p1a: Lurantis|typechange|Grass\/Fairy|[silent]
|raw|<ul class="utilichart"><li class="result"><span class="col pokemonnamecol" style="white-space: nowrap">Lurantis-Mega<\/span> <span class="col typecol"><img src="https:\/\/play.pokemonshowdown.com\/sprites\/types\/Grass.png" alt="Grass" height="14" width="32"><img src="https:\/\/play.pokemonshowdown.com\/sprites\/types\/Fairy.png" alt="Fairy" height="14" width="32"><\/span> <span style="float: left ; min-height: 26px"><span class="col abilitycol">Elegance<\/span><span class="col abilitycol"><\/span><\/span><span style="float: left ; min-height: 26px"><span class="col statcol"><em>HP<\/em><br>70<\/span> <span class="col statcol"><em>Atk<\/em><br>125<\/span> <span class="col statcol"><em>Def<\/em><br>110<\/span> <span class="col statcol"><em>SpA<\/em><br>100<\/span> <span class="col statcol"><em>SpD<\/em><br>110<\/span> <span class="col statcol"><em>Spe<\/em><br>65<\/span> <\/span><\/li><li style="clear: both"><\/li><\/ul>
|move|p1a: Lurantis|Substitute|p1a: Lurantis
|-start|p1a: Lurantis|Substitute
|-damage|p1a: Lurantis|63\/100
|move|p2a: Toxapex|Toxic Spikes|p1a: Lurantis
|-sidestart|p1: IsoCon|move: Toxic Spikes
|
|-heal|p1a: Lurantis|70\/100|[from] Grassy Terrain
|-fieldend|move: Grassy Terrain
|upkeep
|turn|12
|
|t:|1621717096
|move|p1a: Lurantis|Energy Ball|p2a: Toxapex
|-crit|p2a: Toxapex
|-damage|p2a: Toxapex|65\/100
|-unboost|p2a: Toxapex|spd|1
|move|p2a: Toxapex|Toxic Spikes|p1a: Lurantis
|-sidestart|p1: IsoCon|move: Toxic Spikes
|
|-heal|p2a: Toxapex|71\/100|[from] item: Black Sludge
|upkeep
|turn|13
|
|t:|1621717104
|switch|p2a: Zapdos|Zapdos|100\/100
|move|p1a: Lurantis|Silver Wind|p2a: Zapdos
|-resisted|p2a: Zapdos
|-damage|p2a: Zapdos|93\/100
|-boost|p1a: Lurantis|atk|1
|-boost|p1a: Lurantis|def|1
|-boost|p1a: Lurantis|spa|1
|-boost|p1a: Lurantis|spd|1
|-boost|p1a: Lurantis|spe|1
|
|upkeep
|turn|14
|
|t:|1621717108
|move|p1a: Lurantis|Silver Wind|p2a: Zapdos
|-resisted|p2a: Zapdos
|-damage|p2a: Zapdos|83\/100
|-boost|p1a: Lurantis|atk|1
|-boost|p1a: Lurantis|def|1
|-boost|p1a: Lurantis|spa|1
|-boost|p1a: Lurantis|spd|1
|-boost|p1a: Lurantis|spe|1
|move|p2a: Zapdos|Heat Wave|p1a: Lurantis
|-supereffective|p1a: Lurantis
|-crit|p1a: Lurantis
|-end|p1a: Lurantis|Substitute
|
|upkeep
|turn|15
|
|t:|1621717112
|switch|p2a: Toxapex|Toxapex, M|100\/100
|move|p1a: Lurantis|Silver Wind|p2a: Toxapex
|-resisted|p2a: Toxapex
|-damage|p2a: Toxapex|90\/100
|-boost|p1a: Lurantis|atk|1
|-boost|p1a: Lurantis|def|1
|-boost|p1a: Lurantis|spa|1
|-boost|p1a: Lurantis|spd|1
|-boost|p1a: Lurantis|spe|1
|
|-heal|p2a: Toxapex|96\/100|[from] item: Black Sludge
|upkeep
|turn|16
|
|t:|1621717118
|move|p1a: Lurantis|Energy Ball|p2a: Toxapex
|-damage|p2a: Toxapex|32\/100
|-unboost|p2a: Toxapex|spd|1
|move|p2a: Toxapex|Haze|p2a: Toxapex
|-clearallboost
|
|-heal|p2a: Toxapex|38\/100|[from] item: Black Sludge
|upkeep
|turn|17
|
|t:|1621717125
|switch|p2a: Zamazenta|Zamazenta-Crowned|100\/100
|-ability|p2a: Zamazenta|Dauntless Shield|boost
|-boost|p2a: Zamazenta|def|1
|move|p1a: Lurantis|Energy Ball|p2a: Zamazenta
|-resisted|p2a: Zamazenta
|-damage|p2a: Zamazenta|89\/100
|-unboost|p2a: Zamazenta|spd|1
|
|upkeep
|turn|18
|
|t:|1621717136
|switch|p1a: Zeus|Zapdos|56\/100
|move|p2a: Zamazenta|Ice Fang|p1a: Zeus
|-supereffective|p1a: Zeus
|-damage|p1a: Zeus|24\/100
|-status|p2a: Zamazenta|par|[from] ability: Static|[of] p1a: Zeus
|
|upkeep
|turn|19
|
|t:|1621717146
|move|p1a: Zeus|Roost|p1a: Zeus
|-heal|p1a: Zeus|74\/100
|-singleturn|p1a: Zeus|move: Roost
|move|p2a: Zamazenta|Ice Fang|p1a: Zeus
|-crit|p1a: Zeus
|-damage|p1a: Zeus|49\/100
|
|upkeep
|turn|20
|
|t:|1621717154
|move|p1a: Zeus|Defog|p2a: Zamazenta
|-unboost|p2a: Zamazenta|evasion|1
|-sideend|p1: IsoCon|Toxic Spikes|[from] move: Defog|[of] p1a: Zeus
|-sideend|p1: IsoCon|Stealth Rock|[from] move: Defog|[of] p1a: Zeus
|move|p2a: Zamazenta|Ice Fang|p1a: Zeus
|-supereffective|p1a: Zeus
|-damage|p1a: Zeus|16\/100
|
|upkeep
|turn|21
|
|t:|1621717162
|move|p1a: Zeus|Roost|p1a: Zeus
|-heal|p1a: Zeus|66\/100
|-singleturn|p1a: Zeus|move: Roost
|move|p2a: Zamazenta|Close Combat|p1a: Zeus
|-damage|p1a: Zeus|23\/100
|-unboost|p2a: Zamazenta|def|1
|-unboost|p2a: Zamazenta|spd|1
|
|upkeep
|turn|22
|c|☆exploziff|zamaznta suck
|c| GottaGoPrettyQuick|tru
|
|t:|1621717224
|switch|p2a: Nidoqueen|Nidoqueen, F|100\/100
|move|p1a: Zeus|Roost|p1a: Zeus
|-heal|p1a: Zeus|73\/100
|-singleturn|p1a: Zeus|move: Roost
|
|upkeep
|turn|23
|
|t:|1621717234
|switch|p1a: Eileithyia|Blissey, F|95\/100
|move|p2a: Nidoqueen|Stealth Rock|p1a: Eileithyia
|-sidestart|p1: IsoCon|move: Stealth Rock
|
|upkeep
|turn|24
|
|t:|1621717241
|switch|p2a: Toxapex|Toxapex, M|71\/100
|move|p1a: Eileithyia|Stealth Rock|p2a: Toxapex
|-sidestart|p2: exploziff|move: Stealth Rock
|
|-heal|p2a: Toxapex|77\/100|[from] item: Black Sludge
|upkeep
|turn|25
|
|t:|1621717246
|move|p2a: Toxapex|Toxic Spikes|p1a: Eileithyia
|-sidestart|p1: IsoCon|move: Toxic Spikes
|move|p1a: Eileithyia|Teleport|p1a: Eileithyia
|
|t:|1621717247
|switch|p1a: Zeus|Zapdos|73\/100|[from]move: Teleport
|
|-heal|p2a: Toxapex|83\/100|[from] item: Black Sludge
|upkeep
|turn|26
|
|t:|1621717252
|move|p1a: Zeus|Defog|p2a: Toxapex
|-unboost|p2a: Toxapex|evasion|1
|-sideend|p2: exploziff|Stealth Rock|[from] move: Defog|[of] p1a: Zeus
|-sideend|p1: IsoCon|Toxic Spikes|[from] move: Defog|[of] p1a: Zeus
|-sideend|p1: IsoCon|Stealth Rock|[from] move: Defog|[of] p1a: Zeus
|move|p2a: Toxapex|Scald|p1a: Zeus
|-damage|p1a: Zeus|57\/100
|
|-heal|p2a: Toxapex|89\/100|[from] item: Black Sludge
|upkeep
|turn|27
|
|t:|1621717262
|move|p1a: Zeus|Discharge|p2a: Toxapex
|-supereffective|p2a: Toxapex
|-damage|p2a: Toxapex|34\/100
|-status|p2a: Toxapex|par
|move|p2a: Toxapex|Toxic Spikes|p1a: Zeus
|-sidestart|p1: IsoCon|move: Toxic Spikes
|
|-heal|p2a: Toxapex|40\/100 par|[from] item: Black Sludge
|upkeep
|turn|28
|
|t:|1621717268
|switch|p2a: Nidoqueen|Nidoqueen, F|100\/100
|move|p1a: Zeus|Roost|p1a: Zeus
|-heal|p1a: Zeus|100\/100
|-singleturn|p1a: Zeus|move: Roost
|
|upkeep
|turn|29
|
|t:|1621717273
|switch|p1a: Eileithyia|Blissey, F|95\/100
|move|p2a: Nidoqueen|Ice Beam|p1a: Eileithyia
|-damage|p1a: Eileithyia|87\/100
|
|upkeep
|turn|30
|
|t:|1621717279
|move|p2a: Nidoqueen|Stealth Rock|p1a: Eileithyia
|-sidestart|p1: IsoCon|move: Stealth Rock
|move|p1a: Eileithyia|Teleport|p1a: Eileithyia
|
|t:|1621717280
|switch|p1a: Zeus|Zapdos|100\/100|[from]move: Teleport
|
|upkeep
|turn|31
|
|t:|1621717283
|switch|p1a: Eileithyia|Blissey, F|87\/100
|move|p2a: Nidoqueen|Ice Beam|p1a: Eileithyia
|-damage|p1a: Eileithyia|79\/100
|
|upkeep
|turn|32
|
|t:|1621717288
|move|p2a: Nidoqueen|Earth Power|p1a: Eileithyia
|-damage|p1a: Eileithyia|68\/100
|move|p1a: Eileithyia|Stealth Rock|p2a: Nidoqueen
|-sidestart|p2: exploziff|move: Stealth Rock
|
|upkeep
|turn|33
|
|t:|1621717295
|switch|p2a: Zamazenta|Zamazenta-Crowned|89\/100 par
|-damage|p2a: Zamazenta|86\/100 par|[from] Stealth Rock
|-ability|p2a: Zamazenta|Dauntless Shield|boost
|-boost|p2a: Zamazenta|def|1
|move|p1a: Eileithyia|Soft-Boiled|p1a: Eileithyia
|-heal|p1a: Eileithyia|100\/100
|
|upkeep
|turn|34
|
|t:|1621717305
|switch|p1a: Zeus|Zapdos|100\/100
|cant|p2a: Zamazenta|par
|
|upkeep
|turn|35
|
|t:|1621717314
|move|p1a: Zeus|Hurricane|p2a: Zamazenta
|-crit|p2a: Zamazenta
|-damage|p2a: Zamazenta|29\/100 par
|move|p2a: Zamazenta|Ice Fang|p1a: Zeus
|-supereffective|p1a: Zeus
|-damage|p1a: Zeus|66\/100
|-status|p1a: Zeus|frz
|
|upkeep
|turn|36
|
|t:|1621717325
|cant|p1a: Zeus|frz
|move|p2a: Zamazenta|Ice Fang|p1a: Zeus
|-supereffective|p1a: Zeus
|-damage|p1a: Zeus|35\/100 frz
|
|upkeep
|turn|37
|
|t:|1621717330
|cant|p1a: Zeus|frz
|move|p2a: Zamazenta|Ice Fang|p1a: Zeus
|-supereffective|p1a: Zeus
|-damage|p1a: Zeus|5\/100 frz
|
|upkeep
|turn|38
|
|t:|1621717335
|-curestatus|p1a: Zeus|frz|[msg]
|move|p1a: Zeus|Roost|p1a: Zeus
|-heal|p1a: Zeus|55\/100
|-singleturn|p1a: Zeus|move: Roost
|move|p2a: Zamazenta|Behemoth Bash|p1a: Zeus
|-resisted|p1a: Zeus
|-damage|p1a: Zeus|36\/100
|
|upkeep
|turn|39
|
|t:|1621717342
|move|p1a: Zeus|Roost|p1a: Zeus
|-heal|p1a: Zeus|86\/100
|-singleturn|p1a: Zeus|move: Roost
|move|p2a: Zamazenta|Ice Fang|p1a: Zeus
|-damage|p1a: Zeus|70\/100
|
|upkeep
|turn|40
|
|t:|1621717374
|switch|p1a: Lurantis|Lurantis-Mega, F|70\/100
|-damage|p1a: Lurantis|57\/100|[from] Stealth Rock
|-start|p1a: Lurantis|typechange|Grass\/Fairy|[silent]
|-status|p1a: Lurantis|psn
|move|p2a: Zamazenta|Ice Fang|p1a: Lurantis
|-supereffective|p1a: Lurantis
|-damage|p1a: Lurantis|12\/100 psn
|
|-damage|p1a: Lurantis|0 fnt|[from] psn
|faint|p1a: Lurantis
|upkeep
|
|t:|1621717381
|switch|p1a: Theia|Jirachi, shiny|100\/100
|-damage|p1a: Theia|94\/100|[from] Stealth Rock
|turn|41
|
|t:|1621717387
|-zpower|p1a: Theia
|move|p1a: Theia|Z-Happy Hour|p1a: Theia|[anim]Happy Hour
|-boost|p1a: Theia|atk|1|[zeffect]
|-boost|p1a: Theia|def|1|[zeffect]
|-boost|p1a: Theia|spa|1|[zeffect]
|-boost|p1a: Theia|spd|1|[zeffect]
|-boost|p1a: Theia|spe|1|[zeffect]
|move|p2a: Zamazenta|Close Combat|p1a: Theia
|-damage|p1a: Theia|46\/100
|-unboost|p2a: Zamazenta|def|1
|-unboost|p2a: Zamazenta|spd|1
|
|upkeep
|turn|42
|
|t:|1621717396
|move|p1a: Theia|Stored Power|p2a: Zamazenta
|-damage|p2a: Zamazenta|0 fnt
|faint|p2a: Zamazenta
|
|upkeep
|
|t:|1621717399
|switch|p2a: Noivern|Noivern, M|100\/100
|-damage|p2a: Noivern|76\/100|[from] Stealth Rock
|-item|p1a: Theia|Normalium Z|[from] ability: Frisk|[of] p2a: Noivern|[identify]
|turn|43
|
|t:|1621717405
|detailschange|p2a: Noivern|Noivern-Mega, M
|-mega|p2a: Noivern|Noivern|Noivernite
|-start|p2a: Noivern|typechange|Psychic\/Dragon|[silent]
|raw|<ul class="utilichart"><li class="result"><span class="col pokemonnamecol" style="white-space: nowrap">Noivern-Mega<\/span> <span class="col typecol"><img src="https:\/\/play.pokemonshowdown.com\/sprites\/types\/Psychic.png" alt="Psychic" height="14" width="32"><img src="https:\/\/play.pokemonshowdown.com\/sprites\/types\/Dragon.png" alt="Dragon" height="14" width="32"><\/span> <span style="float: left ; min-height: 26px"><span class="col abilitycol">Trace<\/span><span class="col abilitycol"><\/span><\/span><span style="float: left ; min-height: 26px"><span class="col statcol"><em>HP<\/em><br>85<\/span> <span class="col statcol"><em>Atk<\/em><br>70<\/span> <span class="col statcol"><em>Def<\/em><br>95<\/span> <span class="col statcol"><em>SpA<\/em><br>120<\/span> <span class="col statcol"><em>SpD<\/em><br>95<\/span> <span class="col statcol"><em>Spe<\/em><br>170<\/span> <\/span><\/li><li style="clear: both"><\/li><\/ul>
|-ability|p2a: Noivern|Serene Grace|[from] ability: Trace|[of] p1a: Theia
|move|p1a: Theia|Iron Head|p2a: Noivern
|-damage|p2a: Noivern|31\/100
|cant|p2a: Noivern|flinch
|
|upkeep
|turn|44
|j| JosJet
|
|t:|1621717415
|switch|p2a: Toxapex|Toxapex, M|73\/100 par
|-damage|p2a: Toxapex|61\/100 par|[from] Stealth Rock
|move|p1a: Theia|Iron Head|p2a: Toxapex
|-resisted|p2a: Toxapex
|-damage|p2a: Toxapex|48\/100 par
|
|-heal|p2a: Toxapex|54\/100 par|[from] item: Black Sludge
|upkeep
|turn|45
|
|t:|1621717422
|move|p1a: Theia|Stored Power|p2a: Toxapex
|-supereffective|p2a: Toxapex
|-damage|p2a: Toxapex|0 fnt
|faint|p2a: Toxapex
|
|upkeep
|
|t:|1621717427
|switch|p2a: Tapu Bulu|Tapu Bulu|96\/100
|-damage|p2a: Tapu Bulu|84\/100|[from] Stealth Rock
|-fieldstart|move: Grassy Terrain|[from] ability: Grassy Surge|[of] p2a: Tapu Bulu
|turn|46
|
|t:|1621717429
|switch|p2a: Zapdos|Zapdos|83\/100
|move|p1a: Theia|Iron Head|p2a: Zapdos
|-resisted|p2a: Zapdos
|-damage|p2a: Zapdos|68\/100
|-status|p1a: Theia|par|[from] ability: Static|[of] p2a: Zapdos
|
|-heal|p1a: Theia|52\/100 par|[from] Grassy Terrain
|upkeep
|turn|47
|
|t:|1621717434
|move|p2a: Zapdos|Heat Wave|p1a: Theia|[miss]
|-miss|p2a: Zapdos|p1a: Theia
|move|p1a: Theia|Stored Power|p2a: Zapdos
|-damage|p2a: Zapdos|0 fnt
|faint|p2a: Zapdos
|
|-heal|p1a: Theia|58\/100 par|[from] Grassy Terrain
|upkeep
|
|t:|1621717437
|switch|p2a: Noivern|Noivern-Mega, M|31\/100
|-damage|p2a: Noivern|18\/100|[from] Stealth Rock
|-start|p2a: Noivern|typechange|Psychic\/Dragon|[silent]
|-ability|p2a: Noivern|Serene Grace|[from] ability: Trace|[of] p1a: Theia
|turn|48
|
|t:|1621717442
|move|p2a: Noivern|Roost|p2a: Noivern
|-heal|p2a: Noivern|69\/100
|-singleturn|p2a: Noivern|move: Roost
|cant|p1a: Theia|par
|
|-heal|p2a: Noivern|75\/100|[from] Grassy Terrain
|-heal|p1a: Theia|64\/100 par|[from] Grassy Terrain
|upkeep
|turn|49
|
|t:|1621717445
|move|p2a: Noivern|Flamethrower|p1a: Theia
|-supereffective|p1a: Theia
|-damage|p1a: Theia|25\/100 par
|move|p1a: Theia|Iron Head|p2a: Noivern
|-damage|p2a: Noivern|31\/100
|
|-heal|p2a: Noivern|37\/100|[from] Grassy Terrain
|-heal|p1a: Theia|31\/100 par|[from] Grassy Terrain
|upkeep
|turn|50
|
|t:|1621717451
|move|p2a: Noivern|Roost|p2a: Noivern
|-heal|p2a: Noivern|88\/100
|-singleturn|p2a: Noivern|move: Roost
|move|p1a: Theia|Iron Head|p2a: Noivern
|-damage|p2a: Noivern|42\/100
|
|-heal|p2a: Noivern|48\/100|[from] Grassy Terrain
|-heal|p1a: Theia|37\/100 par|[from] Grassy Terrain
|-fieldend|move: Grassy Terrain
|upkeep
|turn|51
|
|t:|1621717459
|move|p2a: Noivern|Roost|p2a: Noivern
|-heal|p2a: Noivern|98\/100
|-singleturn|p2a: Noivern|move: Roost
|move|p1a: Theia|Iron Head|p2a: Noivern
|-damage|p2a: Noivern|54\/100
|
|upkeep
|turn|52
|
|t:|1621717471
|move|p2a: Noivern|Roost|p2a: Noivern
|-heal|p2a: Noivern|100\/100
|-singleturn|p2a: Noivern|move: Roost
|move|p1a: Theia|Thunderbolt|p2a: Noivern
|-resisted|p2a: Noivern
|-damage|p2a: Noivern|82\/100
|
|upkeep
|turn|53
|
|t:|1621717477
|move|p2a: Noivern|Flamethrower|p1a: Theia
|-supereffective|p1a: Theia
|-damage|p1a: Theia|0 fnt
|faint|p1a: Theia
|
|upkeep
|
|t:|1621717488
|switch|p1a: Hephaistos|Heatran, M|100\/100
|-damage|p1a: Hephaistos|88\/100|[from] Stealth Rock
|turn|54
|
|t:|1621717495
|move|p2a: Noivern|Draco Meteor|p1a: Hephaistos
|-resisted|p1a: Hephaistos
|-damage|p1a: Hephaistos|66\/100
|-unboost|p2a: Noivern|spa|2
|move|p1a: Hephaistos|Magma Storm|p2a: Noivern
|-resisted|p2a: Noivern
|-damage|p2a: Noivern|59\/100
|-activate|p2a: Noivern|move: Magma Storm|[of] p1a: Hephaistos
|
|-heal|p1a: Hephaistos|72\/100|[from] item: Leftovers
|-damage|p2a: Noivern|46\/100|[from] move: Magma Storm|[partiallytrapped]
|upkeep
|turn|55
|
|t:|1621717506
|move|p2a: Noivern|Roost|p2a: Noivern
|-heal|p2a: Noivern|96\/100
|-singleturn|p2a: Noivern|move: Roost
|move|p1a: Hephaistos|Taunt|p2a: Noivern
|-start|p2a: Noivern|move: Taunt
|
|-heal|p1a: Hephaistos|79\/100|[from] item: Leftovers
|-damage|p2a: Noivern|84\/100|[from] move: Magma Storm|[partiallytrapped]
|upkeep
|turn|56
|
|t:|1621717510
|move|p2a: Noivern|U-turn|p1a: Hephaistos
|-resisted|p1a: Hephaistos
|-damage|p1a: Hephaistos|76\/100
|
|t:|1621717513
|switch|p2a: Tapu Bulu|Tapu Bulu|84\/100|[from]move: U-turn
|-damage|p2a: Tapu Bulu|71\/100|[from] Stealth Rock
|-fieldstart|move: Grassy Terrain|[from] ability: Grassy Surge|[of] p2a: Tapu Bulu
|move|p1a: Hephaistos|Toxic|p2a: Tapu Bulu
|-status|p2a: Tapu Bulu|tox
|
|-heal|p1a: Hephaistos|83\/100|[from] item: Leftovers
|-heal|p1a: Hephaistos|89\/100|[from] Grassy Terrain
|-heal|p2a: Tapu Bulu|78\/100 tox|[from] item: Leftovers
|-heal|p2a: Tapu Bulu|84\/100 tox|[from] Grassy Terrain
|-damage|p2a: Tapu Bulu|78\/100 tox|[from] psn
|upkeep
|turn|57
|
|t:|1621717526
|switch|p1a: Zeus|Zapdos|70\/100
|move|p2a: Tapu Bulu|Close Combat|p1a: Zeus
|-resisted|p1a: Zeus
|-damage|p1a: Zeus|56\/100
|-unboost|p2a: Tapu Bulu|def|1
|-unboost|p2a: Tapu Bulu|spd|1
|
|-heal|p2a: Tapu Bulu|84\/100 tox|[from] item: Leftovers
|-heal|p2a: Tapu Bulu|90\/100 tox|[from] Grassy Terrain
|-damage|p2a: Tapu Bulu|78\/100 tox|[from] psn
|upkeep
|turn|58
|
|t:|1621717533
|switch|p2a: Nidoqueen|Nidoqueen, F|100\/100
|-damage|p2a: Nidoqueen|94\/100|[from] Stealth Rock
|move|p1a: Zeus|Defog|p2a: Nidoqueen
|-unboost|p2a: Nidoqueen|evasion|1
|-sideend|p2: exploziff|Stealth Rock|[from] move: Defog|[of] p1a: Zeus
|-sideend|p1: IsoCon|Toxic Spikes|[from] move: Defog|[of] p1a: Zeus
|-sideend|p1: IsoCon|Stealth Rock|[from] move: Defog|[of] p1a: Zeus
|-fieldend|move: Grassy Terrain
|
|-heal|p2a: Nidoqueen|100\/100|[from] item: Black Sludge
|upkeep
|turn|59
|
|t:|1621717541
|switch|p1a: Eileithyia|Blissey, F|100\/100
|move|p2a: Nidoqueen|Ice Beam|p1a: Eileithyia
|-damage|p1a: Eileithyia|92\/100
|
|upkeep
|turn|60
|
|t:|1621717555
|switch|p1a: Ares|Garchomp, M|91\/100
|move|p2a: Nidoqueen|Stealth Rock|p1a: Ares
|-sidestart|p1: IsoCon|move: Stealth Rock
|
|upkeep
|turn|61
|
|t:|1621717564
|switch|p2a: Tapu Bulu|Tapu Bulu|78\/100 tox
|-fieldstart|move: Grassy Terrain|[from] ability: Grassy Surge|[of] p2a: Tapu Bulu
|move|p1a: Ares|Earthquake|p2a: Tapu Bulu
|-resisted|p2a: Tapu Bulu
|-damage|p2a: Tapu Bulu|63\/100 tox
|-damage|p1a: Ares|81\/100|[from] item: Life Orb
|
|-heal|p1a: Ares|87\/100|[from] Grassy Terrain
|-heal|p2a: Tapu Bulu|69\/100 tox|[from] item: Leftovers
|-heal|p2a: Tapu Bulu|75\/100 tox|[from] Grassy Terrain
|-damage|p2a: Tapu Bulu|69\/100 tox|[from] psn
|upkeep
|turn|62
|
|t:|1621717574
|switch|p1a: Zeus|Zapdos|56\/100
|switch|p2a: Nidoqueen|Nidoqueen, F|100\/100
|
|upkeep
|turn|63
|
|t:|1621717589
|move|p1a: Zeus|Roost|p1a: Zeus
|-heal|p1a: Zeus|100\/100
|-singleturn|p1a: Zeus|move: Roost
|move|p2a: Nidoqueen|Earth Power|p1a: Zeus
|-supereffective|p1a: Zeus
|-damage|p1a: Zeus|35\/100
|
|-heal|p1a: Zeus|41\/100|[from] Grassy Terrain
|upkeep
|turn|64
|
|t:|1621717599
|move|p1a: Zeus|Roost|p1a: Zeus
|-heal|p1a: Zeus|91\/100
|-singleturn|p1a: Zeus|move: Roost
|move|p2a: Nidoqueen|Earth Power|p1a: Zeus
|-supereffective|p1a: Zeus
|-damage|p1a: Zeus|28\/100
|
|-heal|p1a: Zeus|34\/100|[from] Grassy Terrain
|upkeep
|turn|65
|
|t:|1621717607
|switch|p1a: Eileithyia|Blissey, F|92\/100
|move|p2a: Nidoqueen|Earth Power|p1a: Eileithyia
|-damage|p1a: Eileithyia|80\/100
|
|-heal|p1a: Eileithyia|86\/100|[from] Grassy Terrain
|-fieldend|move: Grassy Terrain
|upkeep
|turn|66
|
|t:|1621717620
|switch|p2a: Tapu Bulu|Tapu Bulu|69\/100 tox
|-fieldstart|move: Grassy Terrain|[from] ability: Grassy Surge|[of] p2a: Tapu Bulu
|move|p1a: Eileithyia|Seismic Toss|p2a: Tapu Bulu
|-damage|p2a: Tapu Bulu|40\/100 tox
|
|-heal|p2a: Tapu Bulu|46\/100 tox|[from] item: Leftovers
|-heal|p2a: Tapu Bulu|53\/100 tox|[from] Grassy Terrain
|-heal|p1a: Eileithyia|92\/100|[from] Grassy Terrain
|-damage|p2a: Tapu Bulu|46\/100 tox|[from] psn
|upkeep
|turn|67
|
|t:|1621717629
|switch|p2a: Noivern|Noivern-Mega, M|84\/100
|-start|p2a: Noivern|typechange|Psychic\/Dragon|[silent]
|-ability|p2a: Noivern|Natural Cure|[from] ability: Trace|[of] p1a: Eileithyia
|switch|p1a: Hephaistos|Heatran, M|89\/100
|-damage|p1a: Hephaistos|76\/100|[from] Stealth Rock
|
|-heal|p2a: Noivern|90\/100|[from] Grassy Terrain
|-heal|p1a: Hephaistos|83\/100|[from] item: Leftovers
|-heal|p1a: Hephaistos|89\/100|[from] Grassy Terrain
|upkeep
|turn|68
|
|t:|1621717663
|move|p2a: Noivern|U-turn|p1a: Hephaistos
|-resisted|p1a: Hephaistos
|-damage|p1a: Hephaistos|87\/100
|
|t:|1621717666
|switch|p2a: Nidoqueen|Nidoqueen, F|100\/100|[from]move: U-turn
|move|p1a: Hephaistos|Toxic|p2a: Nidoqueen
|-immune|p2a: Nidoqueen
|
|-heal|p1a: Hephaistos|93\/100|[from] item: Leftovers
|-heal|p1a: Hephaistos|99\/100|[from] Grassy Terrain
|upkeep
|turn|69
|
|t:|1621717675
|switch|p1a: Eileithyia|Blissey, F|92\/100
|switch|p2a: Tapu Bulu|Tapu Bulu|46\/100 tox
|
|-heal|p2a: Tapu Bulu|53\/100 tox|[from] item: Leftovers
|-heal|p2a: Tapu Bulu|59\/100 tox|[from] Grassy Terrain
|-heal|p1a: Eileithyia|98\/100|[from] Grassy Terrain
|-damage|p2a: Tapu Bulu|53\/100 tox|[from] psn
|upkeep
|turn|70
|
|t:|1621717679
|switch|p1a: Zeus|Zapdos|34\/100
|move|p2a: Tapu Bulu|Horn Leech|p1a: Zeus
|-resisted|p1a: Zeus
|-damage|p1a: Zeus|17\/100
|-heal|p2a: Tapu Bulu|62\/100 tox|[from] drain|[of] p1a: Zeus
|
|-heal|p2a: Tapu Bulu|68\/100 tox|[from] item: Leftovers
|-heal|p2a: Tapu Bulu|74\/100 tox|[from] Grassy Terrain
|-fieldend|move: Grassy Terrain
|-damage|p2a: Tapu Bulu|62\/100 tox|[from] psn
|upkeep
|turn|71
|
|t:|1621717689
|switch|p2a: Nidoqueen|Nidoqueen, F|100\/100
|move|p1a: Zeus|Roost|p1a: Zeus
|-heal|p1a: Zeus|67\/100
|-singleturn|p1a: Zeus|move: Roost
|
|upkeep
|turn|72
|
|t:|1621717702
|switch|p1a: Eileithyia|Blissey, F|98\/100
|move|p2a: Nidoqueen|Ice Beam|p1a: Eileithyia
|-damage|p1a: Eileithyia|91\/100
|
|upkeep
|turn|73
|c|☆exploziff|well gg i can't win this
|-message|exploziff forfeited.
|
|win|IsoCon
|c|☆IsoCon|gg
|l| GottaGoPrettyQuick
|c|☆exploziff|zama is so bad ._.
|c|☆IsoCon|just gimme a few minutes im gonna have a drink 
|c|☆exploziff|sure
|l|☆exploziff</script>
</div>
<div class="battle-log battle-log-inline"><div class="inner"><div class="battle-options"><div style="padding-top: 3px; padding-right: 3px; text-align: right"><button class="icon button" name="openBattleOptions" title="Options">Battle Options</button></div></div><div class="inner message-log"><div class="chat"><small>☆IsoCon and ☆exploziff joined</small></div><div class=""><small>Format:</small> <br><strong>[Gen 8] M4A Suspect</strong></div><div class=""><small><em>HP Percentage Mod:</em> HP is shown in percentages</small></div><div class=""><small><em>Endless Battle Clause:</em> Forcing endless battles is banned</small></div><div class=""><small><em>OHKO Clause:</em> OHKO moves are banned</small></div><div class=""><small><em>Evasion Moves Clause:</em> Evasion moves are banned</small></div><div class=""><small><em>Species Clause:</em> Limit one of each Pokémon</small></div><div class=""><small><em>Dynamax Clause:</em> You cannot dynamax</small></div><div class=""><small><em>Sleep Clause Mod:</em> Limit one foe put to sleep</small></div><div class=""><small><em>Freeze Clause Mod:</em> Limit one foe frozen</small></div><div class="chat"><img src="https://www.smogon.com/forums/attachments/banner_2-png.302358/" height="65" width="381"></div><div class="spacer battle-history"><br></div><div class="battle-history"><small>Welcome to Megas for All!</small><br></div><div class="battle-history"><small>This is a National Dex-based format where we aim to give a new Mega Evolution to every Pokémon.</small><br></div><div class="battle-history"><small>Just like any official format, you can still only Mega Evolve one Pokémon per team!</small><br></div><div class="battle-history"><small>You can find our thread and metagame resources here:</small><br></div><div class="battle-history"><small>https://www.smogon.com/forums/threads/3671140/</small><br></div><div class="chat battle-history"><strong>IsoCon's team:</strong> <em style="color:#445566;display:block;">Lurantis / Garchomp / Zapdos / Jirachi / Heatran / Blissey</em></div><div class="chat battle-history"><strong>exploziff's team:</strong> <em style="color:#445566;display:block;">Zamazenta-Crowned / Toxapex / Tapu Bulu / Zapdos / Noivern / Nidoqueen</em></div><div class="chat chatmessage-exploziff"><strong style="color:#70a52f"><small>☆</small><span class="username" data-name="exploziff">exploziff</span>:</strong> <em>gl hf</em></div><div class="chat chatmessage-isocon"><strong style="color:#616adf"><small>☆</small><span class="username" data-name="IsoCon">IsoCon</span>:</strong> <em>glhf</em></div><div class="chat"><small> Sticky Paulao⌐◼_◼ joined</small></div><div class="spacer battle-history"><br></div><div class="battle-history">Battle started between IsoCon and exploziff!<br></div><div class="spacer battle-history"><br></div><div class="battle-history">Go! Zeus (<strong>Zapdos</strong>)!<br></div><div class="spacer battle-history"><br></div><div class="battle-history">exploziff sent out <strong>Nidoqueen</strong>!<br></div><div class="spacer battle-history"><br></div><h2 class="battle-history">Turn 1</h2><div class="chat"><small>+inkbug1 joined</small></div><div class="spacer battle-history"><br></div><div class="battle-history">Zeus used <strong>Hurricane</strong>!<br></div><div class="battle-history"><small>The opposing Nidoqueen avoided the attack!</small><br></div><div class="spacer battle-history"><br></div><div class="battle-history">The opposing Nidoqueen used <strong>Ice Beam</strong>!<br></div><div class="battle-history"><small>It's super effective!</small><br></div><div class="battle-history"><small>(Zeus lost 44% of its health!)</small><br></div><div class="spacer battle-history"><br></div><h2 class="battle-history">Turn 2</h2><div class="chat"><small> Time to chill joined</small></div><div class="spacer battle-history"><br></div><div class="battle-history">Zeus used <strong>Roost</strong>!<br></div><div class="battle-history"><small>Zeus had its HP restored.</small><br></div><div class="battle-history"><small>(Zeus loses Flying type this turn.)</small><br></div><div class="spacer battle-history"><br></div><div class="battle-history">The opposing Nidoqueen used <strong>Stealth Rock</strong>!<br></div><div class="battle-history"><small>Pointed stones float in the air around your team!</small><br></div><div class="spacer battle-history"><br></div><h2 class="battle-history">Turn 3</h2><div class="spacer battle-history"><br></div><div class="battle-history">Zeus used <strong>Hurricane</strong>!<br></div><div class="battle-history"><small>(The opposing Nidoqueen lost 46% of its health!)</small><br></div><div class="battle-history"><small>The opposing Nidoqueen became confused!</small><br></div><div class="spacer battle-history"><br></div><div class="battle-history"><small>The opposing Nidoqueen is confused!</small><br></div><div class="battle-history">The opposing Nidoqueen used <strong>Ice Beam</strong>!<br></div><div class="battle-history"><small>It's super effective!</small><br></div><div class="battle-history"><small>(Zeus lost 44% of its health!)</small><br></div><div class="spacer battle-history"><br></div><div class="battle-history"><small>The opposing Nidoqueen restored a little HP using its Black Sludge!</small><br></div><div class="spacer battle-history"><br></div><h2 class="battle-history">Turn 4</h2><div class="spacer battle-history"><br></div><div class="battle-history">Zeus used <strong>Defog</strong>!<br></div><div class="battle-history"><small>The opposing Nidoqueen's evasiveness fell!</small><br></div><div class="battle-history"><small>The pointed stones disappeared from around your team!</small><br></div><div class="spacer battle-history"><br></div><div class="battle-history"><small>The opposing Nidoqueen is confused!</small><br></div><div class="battle-history">It hurt itself in its confusion!<br></div><div class="spacer battle-history"><br></div><div class="battle-history"><small>The opposing Nidoqueen restored a little HP using its Black Sludge!</small><br></div><div class="spacer battle-history"><br></div><h2 class="battle-history">Turn 5</h2><div class="spacer battle-history"><br></div><div class="battle-history">Zeus, come back!<br></div><div class="battle-history">Go! Eileithyia (<strong>Blissey</strong>)!<br></div><div class="battle-history"><small>The opposing Nidoqueen snapped out of its confusion!</small><br></div><div class="spacer battle-history"><br></div><div class="battle-history">The opposing Nidoqueen used <strong>Milk Drink</strong>!<br></div><div class="battle-history"><small>The opposing Nidoqueen had its HP restored.</small><br></div><div class="spacer battle-history"><br></div><h2 class="battle-history">Turn 6</h2><div class="spacer battle-history"><br></div><div class="battle-history">The opposing Nidoqueen used <strong>Stealth Rock</strong>!<br></div><div class="battle-history"><small>Pointed stones float in the air around your team!</small><br></div><div class="spacer battle-history"><br></div><div class="battle-history">Eileithyia used <strong>Teleport</strong>!<br></div><div class="chat"><small> Coppersmith joined</small></div><div class="spacer battle-history"><br></div><div class="battle-history">Eileithyia, come back!<br></div><div class="battle-history">Go! Ares (<strong>Garchomp</strong>)!<br></div><div class="battle-history"><small>Pointed stones dug into Ares!</small><br></div><div class="spacer battle-history"><br></div><h2 class="battle-history">Turn 7</h2><div class="spacer battle-history"><br></div><div class="battle-history">exploziff withdrew Nidoqueen!<br></div><div class="battle-history">exploziff sent out <strong>Tapu Bulu</strong>!<br></div><div class="battle-history">[The opposing Tapu Bulu's Grassy Surge]<br><small>Grass grew to cover the battlefield!</small><br></div><div class="spacer battle-history"><br></div><div class="battle-history">Ares used <strong>Earthquake</strong>!<br></div><div class="battle-history"><small>It's not very effective...</small><br></div><div class="battle-history"><small>(The opposing Tapu Bulu lost 16% of its health!)</small><br></div><div class="battle-history"><small>Ares lost some of its HP!</small><br></div><div class="spacer battle-history"><br></div><div class="battle-history"><small>Ares's HP was restored.</small><br></div><div class="battle-history"><small>The opposing Tapu Bulu restored a little HP using its Leftovers!</small><br></div><div class="battle-history"><small>The opposing Tapu Bulu's HP was restored.</small><br></div><div class="spacer battle-history"><br></div><h2 class="battle-history">Turn 8</h2><div class="spacer battle-history"><br></div><div class="battle-history">Ares, come back!<br></div><div class="battle-history">Go! <strong>Lurantis</strong>!<br></div><div class="battle-history"><small>Pointed stones dug into Lurantis!</small><br></div><div class="spacer battle-history"><br></div><div class="battle-history">exploziff withdrew Tapu Bulu!<br></div><div class="battle-history">exploziff sent out <strong>Nidoqueen</strong>!<br></div><div class="spacer battle-history"><br></div><div class="battle-history"><small>Lurantis's HP was restored.</small><br></div><div class="spacer battle-history"><br></div><h2 class="battle-history">Turn 9</h2><div class="spacer battle-history"><br></div><div class="battle-history">Lurantis, come back!<br></div><div class="battle-history">Go! Eileithyia (<strong>Blissey</strong>)!<br></div><div class="spacer battle-history"><br></div><div class="battle-history">exploziff withdrew Nidoqueen!<br></div><div class="battle-history">exploziff sent out <strong>Toxapex</strong>!<br></div><div class="spacer battle-history"><br></div><h2 class="battle-history">Turn 10</h2><div class="spacer battle-history"><br></div><div class="battle-history">The opposing Toxapex used <strong>Scald</strong>!<br></div><div class="battle-history"><small>(Eileithyia lost 5% of its health!)</small><br></div><div class="battle-history"><small>Eileithyia was burned!</small><br></div><div class="spacer battle-history"><br></div><div class="battle-history">Eileithyia used <strong>Teleport</strong>!<br></div><div class="chat"><small> GottaGoPrettyQuick renamed from stickypaulao.</small></div><div class="spacer battle-history"><br></div><div class="battle-history">Eileithyia, come back!<br></div><div class="battle-history">Go! <strong>Lurantis</strong>!<br></div><div class="battle-history"><small>Pointed stones dug into Lurantis!</small><br></div><div class="spacer battle-history"><br></div><div class="battle-history"><small>Lurantis's HP was restored.</small><br></div><div class="spacer battle-history"><br></div><h2 class="battle-history">Turn 11</h2><div class="spacer battle-history"><br></div><div class="battle-history"><small>Lurantis's Lurantisite is reacting to the Key Stone!</small><br>Lurantis has Mega Evolved into Mega Lurantis!<br></div><div class="chat"><ul class="utilichart"><li class="result"><span class="col pokemonnamecol" style="white-space: nowrap">Lurantis-Mega</span> <span class="col typecol"><img src="https://play.pokemonshowdown.com/sprites/types/Grass.png" alt="Grass" height="14" width="32"><img src="https://play.pokemonshowdown.com/sprites/types/Fairy.png" alt="Fairy" height="14" width="32"></span> <span style="float: left ; min-height: 26px"><span class="col abilitycol">Elegance</span><span class="col abilitycol"></span></span><span style="float: left ; min-height: 26px"><span class="col statcol"><em>HP</em><br>70</span> <span class="col statcol"><em>Atk</em><br>125</span> <span class="col statcol"><em>Def</em><br>110</span> <span class="col statcol"><em>SpA</em><br>100</span> <span class="col statcol"><em>SpD</em><br>110</span> <span class="col statcol"><em>Spe</em><br>65</span> </span></li><li style="clear: both"></li></ul></div><div class="spacer battle-history"><br></div><div class="battle-history">Lurantis used <strong>Substitute</strong>!<br></div><div class="battle-history"><small>Lurantis put in a substitute!</small><br></div><div class="battle-history"><small>(Lurantis lost 25% of its health!)</small><br></div><div class="spacer battle-history"><br></div><div class="battle-history">The opposing Toxapex used <strong>Toxic Spikes</strong>!<br></div><div class="battle-history"><small>Poison spikes were scattered on the ground all around your team!</small><br></div><div class="spacer battle-history"><br></div><div class="battle-history"><small>Lurantis's HP was restored.</small><br></div><div class="battle-history"><small>The grass disappeared from the battlefield.</small><br></div><div class="spacer battle-history"><br></div><h2 class="battle-history">Turn 12</h2><div class="spacer battle-history"><br></div><div class="battle-history">Lurantis used <strong>Energy Ball</strong>!<br></div><div class="battle-history"><small>A critical hit!</small><br></div><div class="battle-history"><small>(The opposing Toxapex lost 35% of its health!)</small><br></div><div class="battle-history"><small>The opposing Toxapex's Sp. Def fell!</small><br></div><div class="spacer battle-history"><br></div><div class="battle-history">The opposing Toxapex used <strong>Toxic Spikes</strong>!<br></div><div class="battle-history"><small>Poison spikes were scattered on the ground all around your team!</small><br></div><div class="spacer battle-history"><br></div><div class="battle-history"><small>The opposing Toxapex restored a little HP using its Black Sludge!</small><br></div><div class="spacer battle-history"><br></div><h2 class="battle-history">Turn 13</h2><div class="spacer battle-history"><br></div><div class="battle-history">exploziff withdrew Toxapex!<br></div><div class="battle-history">exploziff sent out <strong>Zapdos</strong>!<br></div><div class="spacer battle-history"><br></div><div class="battle-history">Lurantis used <strong>Silver Wind</strong>!<br></div><div class="battle-history"><small>It's not very effective...</small><br></div><div class="battle-history"><small>(The opposing Zapdos lost 7% of its health!)</small><br></div><div class="battle-history"><small>Lurantis's Attack rose!</small><br></div><div class="battle-history"><small>Lurantis's Defense rose!</small><br></div><div class="battle-history"><small>Lurantis's Sp. Atk rose!</small><br></div><div class="battle-history"><small>Lurantis's Sp. Def rose!</small><br></div><div class="battle-history"><small>Lurantis's Speed rose!</small><br></div><div class="spacer battle-history"><br></div><h2 class="battle-history">Turn 14</h2><div class="spacer battle-history"><br></div><div class="battle-history">Lurantis used <strong>Silver Wind</strong>!<br></div><div class="battle-history"><small>It's not very effective...</small><br></div><div class="battle-history"><small>(The opposing Zapdos lost 10% of its health!)</small><br></div><div class="battle-history"><small>Lurantis's Attack rose!</small><br></div><div class="battle-history"><small>Lurantis's Defense rose!</small><br></div><div class="battle-history"><small>Lurantis's Sp. Atk rose!</small><br></div><div class="battle-history"><small>Lurantis's Sp. Def rose!</small><br></div><div class="battle-history"><small>Lurantis's Speed rose!</small><br></div><div class="spacer battle-history"><br></div><div class="battle-history">The opposing Zapdos used <strong>Heat Wave</strong>!<br></div><div class="battle-history"><small>It's super effective!</small><br></div><div class="battle-history"><small>A critical hit!</small><br></div><div class="battle-history"><small>Lurantis's substitute faded!</small><br></div><div class="spacer battle-history"><br></div><h2 class="battle-history">Turn 15</h2><div class="spacer battle-history"><br></div><div class="battle-history">exploziff withdrew Zapdos!<br></div><div class="battle-history">exploziff sent out <strong>Toxapex</strong>!<br></div><div class="spacer battle-history"><br></div><div class="battle-history">Lurantis used <strong>Silver Wind</strong>!<br></div><div class="battle-history"><small>It's not very effective...</small><br></div><div class="battle-history"><small>(The opposing Toxapex lost 10% of its health!)</small><br></div><div class="battle-history"><small>Lurantis's Attack rose!</small><br></div><div class="battle-history"><small>Lurantis's Defense rose!</small><br></div><div class="battle-history"><small>Lurantis's Sp. Atk rose!</small><br></div><div class="battle-history"><small>Lurantis's Sp. Def rose!</small><br></div><div class="battle-history"><small>Lurantis's Speed rose!</small><br></div><div class="spacer battle-history"><br></div><div class="battle-history"><small>The opposing Toxapex restored a little HP using its Black Sludge!</small><br></div><div class="spacer battle-history"><br></div><h2 class="battle-history">Turn 16</h2><div class="spacer battle-history"><br></div><div class="battle-history">Lurantis used <strong>Energy Ball</strong>!<br></div><div class="battle-history"><small>(The opposing Toxapex lost 64% of its health!)</small><br></div><div class="battle-history"><small>The opposing Toxapex's Sp. Def fell!</small><br></div><div class="spacer battle-history"><br></div><div class="battle-history">The opposing Toxapex used <strong>Haze</strong>!<br></div><div class="battle-history"><small>All stat changes were eliminated!</small><br></div><div class="spacer battle-history"><br></div><div class="battle-history"><small>The opposing Toxapex restored a little HP using its Black Sludge!</small><br></div><div class="spacer battle-history"><br></div><h2 class="battle-history">Turn 17</h2><div class="spacer battle-history"><br></div><div class="battle-history">exploziff withdrew Toxapex!<br></div><div class="battle-history">exploziff sent out Zamazenta (<strong>Zamazenta-Crowned</strong>)!<br></div><div class="battle-history">[The opposing Zamazenta's Dauntless Shield]<br></div><div class="battle-history"><small>The opposing Zamazenta's Defense rose!</small><br></div><div class="spacer battle-history"><br></div><div class="battle-history">Lurantis used <strong>Energy Ball</strong>!<br></div><div class="battle-history"><small>It's not very effective...</small><br></div><div class="battle-history"><small>(The opposing Zamazenta lost 11% of its health!)</small><br></div><div class="battle-history"><small>The opposing Zamazenta's Sp. Def fell!</small><br></div><div class="spacer battle-history"><br></div><h2 class="battle-history">Turn 18</h2><div class="spacer battle-history"><br></div><div class="battle-history">Lurantis, come back!<br></div><div class="battle-history">Go! Zeus (<strong>Zapdos</strong>)!<br></div><div class="spacer battle-history"><br></div><div class="battle-history">The opposing Zamazenta used <strong>Ice Fang</strong>!<br></div><div class="battle-history"><small>It's super effective!</small><br></div><div class="battle-history"><small>(Zeus lost 32% of its health!)</small><br></div><div class="battle-history">[Zeus's Static]<br><small>The opposing Zamazenta is paralyzed! It may be unable to move!</small><br></div><div class="spacer battle-history"><br></div><h2 class="battle-history">Turn 19</h2><div class="spacer battle-history"><br></div><div class="battle-history">Zeus used <strong>Roost</strong>!<br></div><div class="battle-history"><small>Zeus had its HP restored.</small><br></div><div class="battle-history"><small>(Zeus loses Flying type this turn.)</small><br></div><div class="spacer battle-history"><br></div><div class="battle-history">The opposing Zamazenta used <strong>Ice Fang</strong>!<br></div><div class="battle-history"><small>A critical hit!</small><br></div><div class="battle-history"><small>(Zeus lost 25% of its health!)</small><br></div><div class="spacer battle-history"><br></div><h2 class="battle-history">Turn 20</h2><div class="spacer battle-history"><br></div><div class="battle-history">Zeus used <strong>Defog</strong>!<br></div><div class="battle-history"><small>The opposing Zamazenta's evasiveness fell!</small><br></div><div class="battle-history"><small>The poison spikes disappeared from the ground around your team!</small><br></div><div class="battle-history"><small>The pointed stones disappeared from around your team!</small><br></div><div class="spacer battle-history"><br></div><div class="battle-history">The opposing Zamazenta used <strong>Ice Fang</strong>!<br></div><div class="battle-history"><small>It's super effective!</small><br></div><div class="battle-history"><small>(Zeus lost 33% of its health!)</small><br></div><div class="spacer battle-history"><br></div><h2 class="battle-history">Turn 21</h2><div class="spacer battle-history"><br></div><div class="battle-history">Zeus used <strong>Roost</strong>!<br></div><div class="battle-history"><small>Zeus had its HP restored.</small><br></div><div class="battle-history"><small>(Zeus loses Flying type this turn.)</small><br></div><div class="spacer battle-history"><br></div><div class="battle-history">The opposing Zamazenta used <strong>Close Combat</strong>!<br></div><div class="battle-history"><small>(Zeus lost 43% of its health!)</small><br></div><div class="battle-history"><small>The opposing Zamazenta's Defense fell!</small><br></div><div class="battle-history"><small>The opposing Zamazenta's Sp. Def fell!</small><br></div><div class="spacer battle-history"><br></div><h2 class="battle-history">Turn 22</h2><div class="chat chatmessage-exploziff"><strong style="color:#70a52f"><small>☆</small><span class="username" data-name="exploziff">exploziff</span>:</strong> <em>zamaznta suck</em></div><div class="chat chatmessage-gottagoprettyquick"><strong style="color:#0e9549"><small> </small><span class="username" data-name="GottaGoPrettyQuick">GottaGoPrettyQuick</span>:</strong> <em>tru</em></div><div class="spacer battle-history"><br></div><div class="battle-history">exploziff withdrew Zamazenta!<br></div><div class="battle-history">exploziff sent out <strong>Nidoqueen</strong>!<br></div><div class="spacer battle-history"><br></div><div class="battle-history">Zeus used <strong>Roost</strong>!<br></div><div class="battle-history"><small>Zeus had its HP restored.</small><br></div><div class="battle-history"><small>(Zeus loses Flying type this turn.)</small><br></div><div class="spacer battle-history"><br></div><h2 class="battle-history">Turn 23</h2><div class="spacer battle-history"><br></div><div class="battle-history">Zeus, come back!<br></div><div class="battle-history">Go! Eileithyia (<strong>Blissey</strong>)!<br></div><div class="spacer battle-history"><br></div><div class="battle-history">The opposing Nidoqueen used <strong>Stealth Rock</strong>!<br></div><div class="battle-history"><small>Pointed stones float in the air around your team!</small><br></div><div class="spacer battle-history"><br></div><h2 class="battle-history">Turn 24</h2><div class="spacer battle-history"><br></div><div class="battle-history">exploziff withdrew Nidoqueen!<br></div><div class="battle-history">exploziff sent out <strong>Toxapex</strong>!<br></div><div class="spacer battle-history"><br></div><div class="battle-history">Eileithyia used <strong>Stealth Rock</strong>!<br></div><div class="battle-history"><small>Pointed stones float in the air around the opposing team!</small><br></div><div class="spacer battle-history"><br></div><div class="battle-history"><small>The opposing Toxapex restored a little HP using its Black Sludge!</small><br></div><div class="spacer battle-history"><br></div><h2 class="battle-history">Turn 25</h2><div class="spacer battle-history"><br></div><div class="battle-history">The opposing Toxapex used <strong>Toxic Spikes</strong>!<br></div><div class="battle-history"><small>Poison spikes were scattered on the ground all around your team!</small><br></div><div class="spacer battle-history"><br></div><div class="battle-history">Eileithyia used <strong>Teleport</strong>!<br></div><div class="spacer battle-history"><br></div><div class="battle-history">Eileithyia, come back!<br></div><div class="battle-history">Go! Zeus (<strong>Zapdos</strong>)!<br></div><div class="spacer battle-history"><br></div><div class="battle-history"><small>The opposing Toxapex restored a little HP using its Black Sludge!</small><br></div><div class="spacer battle-history"><br></div><h2 class="battle-history">Turn 26</h2><div class="spacer battle-history"><br></div><div class="battle-history">Zeus used <strong>Defog</strong>!<br></div><div class="battle-history"><small>The opposing Toxapex's evasiveness fell!</small><br></div><div class="battle-history"><small>The pointed stones disappeared from around the opposing team!</small><br></div><div class="battle-history"><small>The poison spikes disappeared from the ground around your team!</small><br></div><div class="battle-history"><small>The pointed stones disappeared from around your team!</small><br></div><div class="spacer battle-history"><br></div><div class="battle-history">The opposing Toxapex used <strong>Scald</strong>!<br></div><div class="battle-history"><small>(Zeus lost 16% of its health!)</small><br></div><div class="spacer battle-history"><br></div><div class="battle-history"><small>The opposing Toxapex restored a little HP using its Black Sludge!</small><br></div><div class="spacer battle-history"><br></div><h2 class="battle-history">Turn 27</h2><div class="spacer battle-history"><br></div><div class="battle-history">Zeus used <strong>Discharge</strong>!<br></div><div class="battle-history"><small>It's super effective!</small><br></div><div class="battle-history"><small>(The opposing Toxapex lost 55% of its health!)</small><br></div><div class="battle-history"><small>The opposing Toxapex is paralyzed! It may be unable to move!</small><br></div><div class="spacer battle-history"><br></div><div class="battle-history">The opposing Toxapex used <strong>Toxic Spikes</strong>!<br></div><div class="battle-history"><small>Poison spikes were scattered on the ground all around your team!</small><br></div><div class="spacer battle-history"><br></div><div class="battle-history"><small>The opposing Toxapex restored a little HP using its Black Sludge!</small><br></div><div class="spacer battle-history"><br></div><h2 class="battle-history">Turn 28</h2><div class="spacer battle-history"><br></div><div class="battle-history">exploziff withdrew Toxapex!<br></div><div class="battle-history">exploziff sent out <strong>Nidoqueen</strong>!<br></div><div class="spacer battle-history"><br></div><div class="battle-history">Zeus used <strong>Roost</strong>!<br></div><div class="battle-history"><small>Zeus had its HP restored.</small><br></div><div class="battle-history"><small>(Zeus loses Flying type this turn.)</small><br></div><div class="spacer battle-history"><br></div><h2 class="battle-history">Turn 29</h2><div class="spacer battle-history"><br></div><div class="battle-history">Zeus, come back!<br></div><div class="battle-history">Go! Eileithyia (<strong>Blissey</strong>)!<br></div><div class="spacer battle-history"><br></div><div class="battle-history">The opposing Nidoqueen used <strong>Ice Beam</strong>!<br></div><div class="battle-history"><small>(Eileithyia lost 8% of its health!)</small><br></div><div class="spacer battle-history"><br></div><h2 class="battle-history">Turn 30</h2><div class="spacer battle-history"><br></div><div class="battle-history">The opposing Nidoqueen used <strong>Stealth Rock</strong>!<br></div><div class="battle-history"><small>Pointed stones float in the air around your team!</small><br></div><div class="spacer battle-history"><br></div><div class="battle-history">Eileithyia used <strong>Teleport</strong>!<br></div><div class="spacer battle-history"><br></div><div class="battle-history">Eileithyia, come back!<br></div><div class="battle-history">Go! Zeus (<strong>Zapdos</strong>)!<br></div><div class="spacer battle-history"><br></div><h2 class="battle-history">Turn 31</h2><div class="spacer battle-history"><br></div><div class="battle-history">Zeus, come back!<br></div><div class="battle-history">Go! Eileithyia (<strong>Blissey</strong>)!<br></div><div class="spacer battle-history"><br></div><div class="battle-history">The opposing Nidoqueen used <strong>Ice Beam</strong>!<br></div><div class="battle-history"><small>(Eileithyia lost 8% of its health!)</small><br></div><div class="spacer battle-history"><br></div><h2 class="battle-history">Turn 32</h2><div class="spacer battle-history"><br></div><div class="battle-history">The opposing Nidoqueen used <strong>Earth Power</strong>!<br></div><div class="battle-history"><small>(Eileithyia lost 11% of its health!)</small><br></div><div class="spacer battle-history"><br></div><div class="battle-history">Eileithyia used <strong>Stealth Rock</strong>!<br></div><div class="battle-history"><small>Pointed stones float in the air around the opposing team!</small><br></div><div class="spacer battle-history"><br></div><h2 class="battle-history">Turn 33</h2><div class="spacer battle-history"><br></div><div class="battle-history">exploziff withdrew Nidoqueen!<br></div><div class="battle-history">exploziff sent out Zamazenta (<strong>Zamazenta-Crowned</strong>)!<br></div><div class="battle-history"><small>Pointed stones dug into the opposing Zamazenta!</small><br></div><div class="battle-history">[The opposing Zamazenta's Dauntless Shield]<br></div><div class="battle-history"><small>The opposing Zamazenta's Defense rose!</small><br></div><div class="spacer battle-history"><br></div><div class="battle-history">Eileithyia used <strong>Soft-Boiled</strong>!<br></div><div class="battle-history"><small>Eileithyia had its HP restored.</small><br></div><div class="spacer battle-history"><br></div><h2 class="battle-history">Turn 34</h2><div class="spacer battle-history"><br></div><div class="battle-history">Eileithyia, come back!<br></div><div class="battle-history">Go! Zeus (<strong>Zapdos</strong>)!<br></div><div class="spacer battle-history"><br></div><div class="battle-history">The opposing Zamazenta is paralyzed! It can't move!<br></div><div class="spacer battle-history"><br></div><h2 class="battle-history">Turn 35</h2><div class="spacer battle-history"><br></div><div class="battle-history">Zeus used <strong>Hurricane</strong>!<br></div><div class="battle-history"><small>A critical hit!</small><br></div><div class="battle-history"><small>(The opposing Zamazenta lost 57% of its health!)</small><br></div><div class="spacer battle-history"><br></div><div class="battle-history">The opposing Zamazenta used <strong>Ice Fang</strong>!<br></div><div class="battle-history"><small>It's super effective!</small><br></div><div class="battle-history"><small>(Zeus lost 34% of its health!)</small><br></div><div class="battle-history"><small>Zeus was frozen solid!</small><br></div><div class="spacer battle-history"><br></div><h2 class="battle-history">Turn 36</h2><div class="spacer battle-history"><br></div><div class="battle-history">Zeus is frozen solid!<br></div><div class="spacer battle-history"><br></div><div class="battle-history">The opposing Zamazenta used <strong>Ice Fang</strong>!<br></div><div class="battle-history"><small>It's super effective!</small><br></div><div class="battle-history"><small>(Zeus lost 31% of its health!)</small><br></div><div class="spacer battle-history"><br></div><h2 class="battle-history">Turn 37</h2><div class="spacer battle-history"><br></div><div class="battle-history">Zeus is frozen solid!<br></div><div class="spacer battle-history"><br></div><div class="battle-history">The opposing Zamazenta used <strong>Ice Fang</strong>!<br></div><div class="battle-history"><small>It's super effective!</small><br></div><div class="battle-history"><small>(Zeus lost 30% of its health!)</small><br></div><div class="spacer battle-history"><br></div><h2 class="battle-history">Turn 38</h2><div class="spacer battle-history"><br></div><div class="battle-history"><small>Zeus thawed out!</small><br></div><div class="spacer battle-history"><br></div><div class="battle-history">Zeus used <strong>Roost</strong>!<br></div><div class="battle-history"><small>Zeus had its HP restored.</small><br></div><div class="battle-history"><small>(Zeus loses Flying type this turn.)</small><br></div><div class="spacer battle-history"><br></div><div class="battle-history">The opposing Zamazenta used <strong>Behemoth Bash</strong>!<br></div><div class="battle-history"><small>It's not very effective...</small><br></div><div class="battle-history"><small>(Zeus lost 19% of its health!)</small><br></div><div class="spacer battle-history"><br></div><h2 class="battle-history">Turn 39</h2><div class="spacer battle-history"><br></div><div class="battle-history">Zeus used <strong>Roost</strong>!<br></div><div class="battle-history"><small>Zeus had its HP restored.</small><br></div><div class="battle-history"><small>(Zeus loses Flying type this turn.)</small><br></div><div class="spacer battle-history"><br></div><div class="battle-history">The opposing Zamazenta used <strong>Ice Fang</strong>!<br></div><div class="battle-history"><small>(Zeus lost 16% of its health!)</small><br></div><div class="spacer battle-history"><br></div><h2 class="battle-history">Turn 40</h2><div class="spacer battle-history"><br></div><div class="battle-history">Zeus, come back!<br></div><div class="battle-history">Go! Lurantis (<strong>Lurantis-Mega</strong>)!<br></div><div class="battle-history"><small>Pointed stones dug into Lurantis!</small><br></div><div class="battle-history"><small>Lurantis was poisoned!</small><br></div><div class="spacer battle-history"><br></div><div class="battle-history">The opposing Zamazenta used <strong>Ice Fang</strong>!<br></div><div class="battle-history"><small>It's super effective!</small><br></div><div class="battle-history"><small>(Lurantis lost 45% of its health!)</small><br></div><div class="spacer battle-history"><br></div><div class="battle-history"><small>Lurantis was hurt by poison!</small><br></div><div class="spacer battle-history"><br></div><div class="battle-history">Lurantis fainted!<br></div><div class="spacer battle-history"><br></div><div class="battle-history">Go! Theia (<strong>Jirachi</strong>)!<br></div><div class="battle-history"><small>Pointed stones dug into Theia!</small><br></div><div class="spacer battle-history"><br></div><h2 class="battle-history">Turn 41</h2><div class="spacer battle-history"><br></div><div class="battle-history"><small>Theia surrounded itself with its Z-Power!</small><br></div><div class="spacer battle-history"><br></div><div class="battle-history">Theia used <strong>Z-Happy Hour</strong>!<br></div><div class="battle-history"><small>Theia boosted its Attack using its Z-Power!</small><br></div><div class="battle-history"><small>Theia boosted its Defense using its Z-Power!</small><br></div><div class="battle-history"><small>Theia boosted its Sp. Atk using its Z-Power!</small><br></div><div class="battle-history"><small>Theia boosted its Sp. Def using its Z-Power!</small><br></div><div class="battle-history"><small>Theia boosted its Speed using its Z-Power!</small><br></div><div class="spacer battle-history"><br></div><div class="battle-history">The opposing Zamazenta used <strong>Close Combat</strong>!<br></div><div class="battle-history"><small>(Theia lost 48% of its health!)</small><br></div><div class="battle-history"><small>The opposing Zamazenta's Defense fell!</small><br></div><div class="battle-history"><small>The opposing Zamazenta's Sp. Def fell!</small><br></div><div class="spacer battle-history"><br></div><h2 class="battle-history">Turn 42</h2><div class="spacer battle-history"><br></div><div class="battle-history">Theia used <strong>Stored Power</strong>!<br></div><div class="battle-history"><small>(The opposing Zamazenta lost 29% of its health!)</small><br></div><div class="spacer battle-history"><br></div><div class="battle-history">The opposing Zamazenta fainted!<br></div><div class="spacer battle-history"><br></div><div class="battle-history">exploziff sent out <strong>Noivern</strong>!<br></div><div class="battle-history"><small>Pointed stones dug into the opposing Noivern!</small><br></div><div class="battle-history">[The opposing Noivern's Frisk]<br><small>The opposing Noivern frisked Theia and found its Normalium Z!</small><br></div><div class="spacer battle-history"><br></div><h2 class="battle-history">Turn 43</h2><div class="spacer battle-history"><br></div><div class="battle-history"><small>The opposing Noivern's Noivernite is reacting to the Key Stone!</small><br>The opposing Noivern has Mega Evolved into Mega Noivern!<br></div><div class="chat"><ul class="utilichart"><li class="result"><span class="col pokemonnamecol" style="white-space: nowrap">Noivern-Mega</span> <span class="col typecol"><img src="https://play.pokemonshowdown.com/sprites/types/Psychic.png" alt="Psychic" height="14" width="32"><img src="https://play.pokemonshowdown.com/sprites/types/Dragon.png" alt="Dragon" height="14" width="32"></span> <span style="float: left ; min-height: 26px"><span class="col abilitycol">Trace</span><span class="col abilitycol"></span></span><span style="float: left ; min-height: 26px"><span class="col statcol"><em>HP</em><br>85</span> <span class="col statcol"><em>Atk</em><br>70</span> <span class="col statcol"><em>Def</em><br>95</span> <span class="col statcol"><em>SpA</em><br>120</span> <span class="col statcol"><em>SpD</em><br>95</span> <span class="col statcol"><em>Spe</em><br>170</span> </span></li><li style="clear: both"></li></ul></div><div class="battle-history">[The opposing Noivern's Trace]<br>[The opposing Noivern's Serene Grace]<br><small>The opposing Noivern traced Theia's Serene Grace!</small><br></div><div class="spacer battle-history"><br></div><div class="battle-history">Theia used <strong>Iron Head</strong>!<br></div><div class="battle-history"><small>(The opposing Noivern lost 45% of its health!)</small><br></div><div class="spacer battle-history"><br></div><div class="battle-history">The opposing Noivern flinched and couldn't move!<br></div><div class="spacer battle-history"><br></div><h2 class="battle-history">Turn 44</h2><div class="chat"><small> JosJet joined</small></div><div class="spacer battle-history"><br></div><div class="battle-history">exploziff withdrew Noivern!<br></div><div class="battle-history">exploziff sent out <strong>Toxapex</strong>!<br></div><div class="battle-history"><small>Pointed stones dug into the opposing Toxapex!</small><br></div><div class="spacer battle-history"><br></div><div class="battle-history">Theia used <strong>Iron Head</strong>!<br></div><div class="battle-history"><small>It's not very effective...</small><br></div><div class="battle-history"><small>(The opposing Toxapex lost 13% of its health!)</small><br></div><div class="spacer battle-history"><br></div><div class="battle-history"><small>The opposing Toxapex restored a little HP using its Black Sludge!</small><br></div><div class="spacer battle-history"><br></div><h2 class="battle-history">Turn 45</h2><div class="spacer battle-history"><br></div><div class="battle-history">Theia used <strong>Stored Power</strong>!<br></div><div class="battle-history"><small>It's super effective!</small><br></div><div class="battle-history"><small>(The opposing Toxapex lost 54% of its health!)</small><br></div><div class="spacer battle-history"><br></div><div class="battle-history">The opposing Toxapex fainted!<br></div><div class="spacer battle-history"><br></div><div class="battle-history">exploziff sent out <strong>Tapu Bulu</strong>!<br></div><div class="battle-history"><small>Pointed stones dug into the opposing Tapu Bulu!</small><br></div><div class="battle-history">[The opposing Tapu Bulu's Grassy Surge]<br><small>Grass grew to cover the battlefield!</small><br></div><div class="spacer battle-history"><br></div><h2 class="battle-history">Turn 46</h2><div class="spacer battle-history"><br></div><div class="battle-history">exploziff withdrew Tapu Bulu!<br></div><div class="battle-history">exploziff sent out <strong>Zapdos</strong>!<br></div><div class="spacer battle-history"><br></div><div class="battle-history">Theia used <strong>Iron Head</strong>!<br></div><div class="battle-history"><small>It's not very effective...</small><br></div><div class="battle-history"><small>(The opposing Zapdos lost 15% of its health!)</small><br></div><div class="battle-history">[The opposing Zapdos's Static]<br><small>Theia is paralyzed! It may be unable to move!</small><br></div><div class="spacer battle-history"><br></div><div class="battle-history"><small>Theia's HP was restored.</small><br></div><div class="spacer battle-history"><br></div><h2 class="battle-history">Turn 47</h2><div class="spacer battle-history"><br></div><div class="battle-history">The opposing Zapdos used <strong>Heat Wave</strong>!<br></div><div class="battle-history"><small>Theia avoided the attack!</small><br></div><div class="spacer battle-history"><br></div><div class="battle-history">Theia used <strong>Stored Power</strong>!<br></div><div class="battle-history"><small>(The opposing Zapdos lost 68% of its health!)</small><br></div><div class="spacer battle-history"><br></div><div class="battle-history">The opposing Zapdos fainted!<br></div><div class="spacer battle-history"><br></div><div class="battle-history"><small>Theia's HP was restored.</small><br></div><div class="spacer battle-history"><br></div><div class="battle-history">exploziff sent out Noivern (<strong>Noivern-Mega</strong>)!<br></div><div class="battle-history"><small>Pointed stones dug into the opposing Noivern!</small><br></div><div class="battle-history">[The opposing Noivern's Trace]<br>[The opposing Noivern's Serene Grace]<br><small>The opposing Noivern traced Theia's Serene Grace!</small><br></div><div class="spacer battle-history"><br></div><h2 class="battle-history">Turn 48</h2><div class="spacer battle-history"><br></div><div class="battle-history">The opposing Noivern used <strong>Roost</strong>!<br></div><div class="battle-history"><small>The opposing Noivern had its HP restored.</small><br></div><div class="spacer battle-history"><br></div><div class="battle-history">Theia is paralyzed! It can't move!<br></div><div class="spacer battle-history"><br></div><div class="battle-history"><small>The opposing Noivern's HP was restored.</small><br></div><div class="battle-history"><small>Theia's HP was restored.</small><br></div><div class="spacer battle-history"><br></div><h2 class="battle-history">Turn 49</h2><div class="spacer battle-history"><br></div><div class="battle-history">The opposing Noivern used <strong>Flamethrower</strong>!<br></div><div class="battle-history"><small>It's super effective!</small><br></div><div class="battle-history"><small>(Theia lost 39% of its health!)</small><br></div><div class="spacer battle-history"><br></div><div class="battle-history">Theia used <strong>Iron Head</strong>!<br></div><div class="battle-history"><small>(The opposing Noivern lost 44% of its health!)</small><br></div><div class="spacer battle-history"><br></div><div class="battle-history"><small>The opposing Noivern's HP was restored.</small><br></div><div class="battle-history"><small>Theia's HP was restored.</small><br></div><div class="spacer battle-history"><br></div><h2 class="battle-history">Turn 50</h2><div class="spacer battle-history"><br></div><div class="battle-history">The opposing Noivern used <strong>Roost</strong>!<br></div><div class="battle-history"><small>The opposing Noivern had its HP restored.</small><br></div><div class="spacer battle-history"><br></div><div class="battle-history">Theia used <strong>Iron Head</strong>!<br></div><div class="battle-history"><small>(The opposing Noivern lost 46% of its health!)</small><br></div><div class="spacer battle-history"><br></div><div class="battle-history"><small>The opposing Noivern's HP was restored.</small><br></div><div class="battle-history"><small>Theia's HP was restored.</small><br></div><div class="battle-history"><small>The grass disappeared from the battlefield.</small><br></div><div class="spacer battle-history"><br></div><h2 class="battle-history">Turn 51</h2><div class="spacer battle-history"><br></div><div class="battle-history">The opposing Noivern used <strong>Roost</strong>!<br></div><div class="battle-history"><small>The opposing Noivern had its HP restored.</small><br></div><div class="spacer battle-history"><br></div><div class="battle-history">Theia used <strong>Iron Head</strong>!<br></div><div class="battle-history"><small>(The opposing Noivern lost 44% of its health!)</small><br></div><div class="spacer battle-history"><br></div><h2 class="battle-history">Turn 52</h2><div class="spacer battle-history"><br></div><div class="battle-history">The opposing Noivern used <strong>Roost</strong>!<br></div><div class="battle-history"><small>The opposing Noivern had its HP restored.</small><br></div><div class="spacer battle-history"><br></div><div class="battle-history">Theia used <strong>Thunderbolt</strong>!<br></div><div class="battle-history"><small>It's not very effective...</small><br></div><div class="battle-history"><small>(The opposing Noivern lost 18% of its health!)</small><br></div><div class="spacer battle-history"><br></div><h2 class="battle-history">Turn 53</h2><div class="spacer battle-history"><br></div><div class="battle-history">The opposing Noivern used <strong>Flamethrower</strong>!<br></div><div class="battle-history"><small>It's super effective!</small><br></div><div class="battle-history"><small>(Theia lost 37% of its health!)</small><br></div><div class="spacer battle-history"><br></div><div class="battle-history">Theia fainted!<br></div><div class="spacer battle-history"><br></div><div class="battle-history">Go! Hephaistos (<strong>Heatran</strong>)!<br></div><div class="battle-history"><small>Pointed stones dug into Hephaistos!</small><br></div><div class="spacer battle-history"><br></div><h2 class="battle-history">Turn 54</h2><div class="spacer battle-history"><br></div><div class="battle-history">The opposing Noivern used <strong>Draco Meteor</strong>!<br></div><div class="battle-history"><small>It's not very effective...</small><br></div><div class="battle-history"><small>(Hephaistos lost 22% of its health!)</small><br></div><div class="battle-history"><small>The opposing Noivern's Sp. Atk fell harshly!</small><br></div><div class="spacer battle-history"><br></div><div class="battle-history">Hephaistos used <strong>Magma Storm</strong>!<br></div><div class="battle-history"><small>It's not very effective...</small><br></div><div class="battle-history"><small>(The opposing Noivern lost 23% of its health!)</small><br></div><div class="battle-history"><small>The opposing Noivern became trapped by swirling magma!</small><br></div><div class="spacer battle-history"><br></div><div class="battle-history"><small>Hephaistos restored a little HP using its Leftovers!</small><br></div><div class="battle-history"><small>The opposing Noivern is hurt by Magma Storm!</small><br></div><div class="spacer battle-history"><br></div><h2 class="battle-history">Turn 55</h2><div class="spacer battle-history"><br></div><div class="battle-history">The opposing Noivern used <strong>Roost</strong>!<br></div><div class="battle-history"><small>The opposing Noivern had its HP restored.</small><br></div><div class="spacer battle-history"><br></div><div class="battle-history">Hephaistos used <strong>Taunt</strong>!<br></div><div class="battle-history"><small>The opposing Noivern fell for the taunt!</small><br></div><div class="spacer battle-history"><br></div><div class="battle-history"><small>Hephaistos restored a little HP using its Leftovers!</small><br></div><div class="battle-history"><small>The opposing Noivern is hurt by Magma Storm!</small><br></div><div class="spacer battle-history"><br></div><h2 class="battle-history">Turn 56</h2><div class="spacer battle-history"><br></div><div class="battle-history">The opposing Noivern used <strong>U-turn</strong>!<br></div><div class="battle-history"><small>It's not very effective...</small><br></div><div class="battle-history"><small>(Hephaistos lost 3% of its health!)</small><br></div><div class="spacer battle-history"><br></div><div class="battle-history">The opposing Noivern went back to exploziff!<br></div><div class="battle-history">exploziff sent out <strong>Tapu Bulu</strong>!<br></div><div class="battle-history"><small>Pointed stones dug into the opposing Tapu Bulu!</small><br></div><div class="battle-history">[The opposing Tapu Bulu's Grassy Surge]<br><small>Grass grew to cover the battlefield!</small><br></div><div class="spacer battle-history"><br></div><div class="battle-history">Hephaistos used <strong>Toxic</strong>!<br></div><div class="battle-history"><small>The opposing Tapu Bulu was badly poisoned!</small><br></div><div class="spacer battle-history"><br></div><div class="battle-history"><small>Hephaistos restored a little HP using its Leftovers!</small><br></div><div class="battle-history"><small>Hephaistos's HP was restored.</small><br></div><div class="battle-history"><small>The opposing Tapu Bulu restored a little HP using its Leftovers!</small><br></div><div class="battle-history"><small>The opposing Tapu Bulu's HP was restored.</small><br></div><div class="battle-history"><small>The opposing Tapu Bulu was hurt by poison!</small><br></div><div class="spacer battle-history"><br></div><h2 class="battle-history">Turn 57</h2><div class="spacer battle-history"><br></div><div class="battle-history">Hephaistos, come back!<br></div><div class="battle-history">Go! Zeus (<strong>Zapdos</strong>)!<br></div><div class="spacer battle-history"><br></div><div class="battle-history">The opposing Tapu Bulu used <strong>Close Combat</strong>!<br></div><div class="battle-history"><small>It's not very effective...</small><br></div><div class="battle-history"><small>(Zeus lost 14% of its health!)</small><br></div><div class="battle-history"><small>The opposing Tapu Bulu's Defense fell!</small><br></div><div class="battle-history"><small>The opposing Tapu Bulu's Sp. Def fell!</small><br></div><div class="spacer battle-history"><br></div><div class="battle-history"><small>The opposing Tapu Bulu restored a little HP using its Leftovers!</small><br></div><div class="battle-history"><small>The opposing Tapu Bulu's HP was restored.</small><br></div><div class="battle-history"><small>The opposing Tapu Bulu was hurt by poison!</small><br></div><div class="spacer battle-history"><br></div><h2 class="battle-history">Turn 58</h2><div class="spacer battle-history"><br></div><div class="battle-history">exploziff withdrew Tapu Bulu!<br></div><div class="battle-history">exploziff sent out <strong>Nidoqueen</strong>!<br></div><div class="battle-history"><small>Pointed stones dug into the opposing Nidoqueen!</small><br></div><div class="spacer battle-history"><br></div><div class="battle-history">Zeus used <strong>Defog</strong>!<br></div><div class="battle-history"><small>The opposing Nidoqueen's evasiveness fell!</small><br></div><div class="battle-history"><small>The pointed stones disappeared from around the opposing team!</small><br></div><div class="battle-history"><small>The poison spikes disappeared from the ground around your team!</small><br></div><div class="battle-history"><small>The pointed stones disappeared from around your team!</small><br></div><div class="battle-history"><small>The grass disappeared from the battlefield.</small><br></div><div class="spacer battle-history"><br></div><div class="battle-history"><small>The opposing Nidoqueen restored a little HP using its Black Sludge!</small><br></div><div class="spacer battle-history"><br></div><h2 class="battle-history">Turn 59</h2><div class="spacer battle-history"><br></div><div class="battle-history">Zeus, come back!<br></div><div class="battle-history">Go! Eileithyia (<strong>Blissey</strong>)!<br></div><div class="spacer battle-history"><br></div><div class="battle-history">The opposing Nidoqueen used <strong>Ice Beam</strong>!<br></div><div class="battle-history"><small>(Eileithyia lost 8% of its health!)</small><br></div><div class="spacer battle-history"><br></div><h2 class="battle-history">Turn 60</h2><div class="spacer battle-history"><br></div><div class="battle-history">Eileithyia, come back!<br></div><div class="battle-history">Go! Ares (<strong>Garchomp</strong>)!<br></div><div class="spacer battle-history"><br></div><div class="battle-history">The opposing Nidoqueen used <strong>Stealth Rock</strong>!<br></div><div class="battle-history"><small>Pointed stones float in the air around your team!</small><br></div><div class="spacer battle-history"><br></div><h2 class="battle-history">Turn 61</h2><div class="spacer battle-history"><br></div><div class="battle-history">exploziff withdrew Nidoqueen!<br></div><div class="battle-history">exploziff sent out <strong>Tapu Bulu</strong>!<br></div><div class="battle-history">[The opposing Tapu Bulu's Grassy Surge]<br><small>Grass grew to cover the battlefield!</small><br></div><div class="spacer battle-history"><br></div><div class="battle-history">Ares used <strong>Earthquake</strong>!<br></div><div class="battle-history"><small>It's not very effective...</small><br></div><div class="battle-history"><small>(The opposing Tapu Bulu lost 15% of its health!)</small><br></div><div class="battle-history"><small>Ares lost some of its HP!</small><br></div><div class="spacer battle-history"><br></div><div class="battle-history"><small>Ares's HP was restored.</small><br></div><div class="battle-history"><small>The opposing Tapu Bulu restored a little HP using its Leftovers!</small><br></div><div class="battle-history"><small>The opposing Tapu Bulu's HP was restored.</small><br></div><div class="battle-history"><small>The opposing Tapu Bulu was hurt by poison!</small><br></div><div class="spacer battle-history"><br></div><h2 class="battle-history">Turn 62</h2><div class="spacer battle-history"><br></div><div class="battle-history">Ares, come back!<br></div><div class="battle-history">Go! Zeus (<strong>Zapdos</strong>)!<br></div><div class="spacer battle-history"><br></div><div class="battle-history">exploziff withdrew Tapu Bulu!<br></div><div class="battle-history">exploziff sent out <strong>Nidoqueen</strong>!<br></div><div class="spacer battle-history"><br></div><h2 class="battle-history">Turn 63</h2><div class="spacer battle-history"><br></div><div class="battle-history">Zeus used <strong>Roost</strong>!<br></div><div class="battle-history"><small>Zeus had its HP restored.</small><br></div><div class="battle-history"><small>(Zeus loses Flying type this turn.)</small><br></div><div class="spacer battle-history"><br></div><div class="battle-history">The opposing Nidoqueen used <strong>Earth Power</strong>!<br></div><div class="battle-history"><small>It's super effective!</small><br></div><div class="battle-history"><small>(Zeus lost 65% of its health!)</small><br></div><div class="spacer battle-history"><br></div><div class="battle-history"><small>Zeus's HP was restored.</small><br></div><div class="spacer battle-history"><br></div><h2 class="battle-history">Turn 64</h2><div class="spacer battle-history"><br></div><div class="battle-history">Zeus used <strong>Roost</strong>!<br></div><div class="battle-history"><small>Zeus had its HP restored.</small><br></div><div class="battle-history"><small>(Zeus loses Flying type this turn.)</small><br></div><div class="spacer battle-history"><br></div><div class="battle-history">The opposing Nidoqueen used <strong>Earth Power</strong>!<br></div><div class="battle-history"><small>It's super effective!</small><br></div><div class="battle-history"><small>(Zeus lost 63% of its health!)</small><br></div><div class="spacer battle-history"><br></div><div class="battle-history"><small>Zeus's HP was restored.</small><br></div><div class="spacer battle-history"><br></div><h2 class="battle-history">Turn 65</h2><div class="spacer battle-history"><br></div><div class="battle-history">Zeus, come back!<br></div><div class="battle-history">Go! Eileithyia (<strong>Blissey</strong>)!<br></div><div class="spacer battle-history"><br></div><div class="battle-history">The opposing Nidoqueen used <strong>Earth Power</strong>!<br></div><div class="battle-history"><small>(Eileithyia lost 12% of its health!)</small><br></div><div class="spacer battle-history"><br></div><div class="battle-history"><small>Eileithyia's HP was restored.</small><br></div><div class="battle-history"><small>The grass disappeared from the battlefield.</small><br></div><div class="spacer battle-history"><br></div><h2 class="battle-history">Turn 66</h2><div class="spacer battle-history"><br></div><div class="battle-history">exploziff withdrew Nidoqueen!<br></div><div class="battle-history">exploziff sent out <strong>Tapu Bulu</strong>!<br></div><div class="battle-history">[The opposing Tapu Bulu's Grassy Surge]<br><small>Grass grew to cover the battlefield!</small><br></div><div class="spacer battle-history"><br></div><div class="battle-history">Eileithyia used <strong>Seismic Toss</strong>!<br></div><div class="battle-history"><small>(The opposing Tapu Bulu lost 29% of its health!)</small><br></div><div class="spacer battle-history"><br></div><div class="battle-history"><small>The opposing Tapu Bulu restored a little HP using its Leftovers!</small><br></div><div class="battle-history"><small>The opposing Tapu Bulu's HP was restored.</small><br></div><div class="battle-history"><small>Eileithyia's HP was restored.</small><br></div><div class="battle-history"><small>The opposing Tapu Bulu was hurt by poison!</small><br></div><div class="spacer battle-history"><br></div><h2 class="battle-history">Turn 67</h2><div class="spacer battle-history"><br></div><div class="battle-history">exploziff withdrew Tapu Bulu!<br></div><div class="battle-history">exploziff sent out Noivern (<strong>Noivern-Mega</strong>)!<br></div><div class="battle-history">[The opposing Noivern's Trace]<br>[The opposing Noivern's Natural Cure]<br><small>The opposing Noivern traced Eileithyia's Natural Cure!</small><br></div><div class="spacer battle-history"><br></div><div class="battle-history">Eileithyia, come back!<br></div><div class="battle-history">Go! Hephaistos (<strong>Heatran</strong>)!<br></div><div class="battle-history"><small>Pointed stones dug into Hephaistos!</small><br></div><div class="spacer battle-history"><br></div><div class="battle-history"><small>The opposing Noivern's HP was restored.</small><br></div><div class="battle-history"><small>Hephaistos restored a little HP using its Leftovers!</small><br></div><div class="battle-history"><small>Hephaistos's HP was restored.</small><br></div><div class="spacer battle-history"><br></div><h2 class="battle-history">Turn 68</h2><div class="spacer battle-history"><br></div><div class="battle-history">The opposing Noivern used <strong>U-turn</strong>!<br></div><div class="battle-history"><small>It's not very effective...</small><br></div><div class="battle-history"><small>(Hephaistos lost 2% of its health!)</small><br></div><div class="spacer battle-history"><br></div><div class="battle-history">The opposing Noivern went back to exploziff!<br></div><div class="battle-history">exploziff sent out <strong>Nidoqueen</strong>!<br></div><div class="spacer battle-history"><br></div><div class="battle-history">Hephaistos used <strong>Toxic</strong>!<br></div><div class="battle-history"><small>It doesn't affect the opposing Nidoqueen...</small><br></div><div class="spacer battle-history"><br></div><div class="battle-history"><small>Hephaistos restored a little HP using its Leftovers!</small><br></div><div class="battle-history"><small>Hephaistos's HP was restored.</small><br></div><div class="spacer battle-history"><br></div><h2 class="battle-history">Turn 69</h2><div class="spacer battle-history"><br></div><div class="battle-history">Hephaistos, come back!<br></div><div class="battle-history">Go! Eileithyia (<strong>Blissey</strong>)!<br></div><div class="spacer battle-history"><br></div><div class="battle-history">exploziff withdrew Nidoqueen!<br></div><div class="battle-history">exploziff sent out <strong>Tapu Bulu</strong>!<br></div><div class="spacer battle-history"><br></div><div class="battle-history"><small>The opposing Tapu Bulu restored a little HP using its Leftovers!</small><br></div><div class="battle-history"><small>The opposing Tapu Bulu's HP was restored.</small><br></div><div class="battle-history"><small>Eileithyia's HP was restored.</small><br></div><div class="battle-history"><small>The opposing Tapu Bulu was hurt by poison!</small><br></div><div class="spacer battle-history"><br></div><h2 class="battle-history">Turn 70</h2><div class="spacer battle-history"><br></div><div class="battle-history">Eileithyia, come back!<br></div><div class="battle-history">Go! Zeus (<strong>Zapdos</strong>)!<br></div><div class="spacer battle-history"><br></div><div class="battle-history">The opposing Tapu Bulu used <strong>Horn Leech</strong>!<br></div><div class="battle-history"><small>It's not very effective...</small><br></div><div class="battle-history"><small>(Zeus lost 17% of its health!)</small><br></div><div class="battle-history"><small>Zeus had its energy drained!</small><br></div><div class="spacer battle-history"><br></div><div class="battle-history"><small>The opposing Tapu Bulu restored a little HP using its Leftovers!</small><br></div><div class="battle-history"><small>The opposing Tapu Bulu's HP was restored.</small><br></div><div class="battle-history"><small>The grass disappeared from the battlefield.</small><br></div><div class="battle-history"><small>The opposing Tapu Bulu was hurt by poison!</small><br></div><div class="spacer battle-history"><br></div><h2 class="battle-history">Turn 71</h2><div class="spacer battle-history"><br></div><div class="battle-history">exploziff withdrew Tapu Bulu!<br></div><div class="battle-history">exploziff sent out <strong>Nidoqueen</strong>!<br></div><div class="spacer battle-history"><br></div><div class="battle-history">Zeus used <strong>Roost</strong>!<br></div><div class="battle-history"><small>Zeus had its HP restored.</small><br></div><div class="battle-history"><small>(Zeus loses Flying type this turn.)</small><br></div><div class="spacer battle-history"><br></div><h2 class="battle-history">Turn 72</h2><div class="spacer battle-history"><br></div><div class="battle-history">Zeus, come back!<br></div><div class="battle-history">Go! Eileithyia (<strong>Blissey</strong>)!<br></div><div class="spacer battle-history"><br></div><div class="battle-history">The opposing Nidoqueen used <strong>Ice Beam</strong>!<br></div><div class="battle-history"><small>(Eileithyia lost 7% of its health!)</small><br></div><div class="spacer battle-history"><br></div><h2 class="battle-history">Turn 73</h2><div class="chat chatmessage-exploziff"><strong style="color:#70a52f"><small>☆</small><span class="username" data-name="exploziff">exploziff</span>:</strong> <em>well gg i can't win this</em></div><div class="spacer battle-history"><br></div><div class="battle-history"><small>exploziff forfeited.</small><br></div><div class="spacer battle-history"><br></div><div class="battle-history"><strong>IsoCon</strong> won the battle!<br></div><div class="chat chatmessage-isocon"><strong style="color:#616adf"><small>☆</small><span class="username" data-name="IsoCon">IsoCon</span>:</strong> <em>gg</em></div><div class="chat chatmessage-exploziff"><strong style="color:#70a52f"><small>☆</small><span class="username" data-name="exploziff">exploziff</span>:</strong> <em>zama is so bad ._.</em></div><div class="chat chatmessage-isocon"><strong style="color:#616adf"><small>☆</small><span class="username" data-name="IsoCon">IsoCon</span>:</strong> <em>just gimme a few minutes im gonna have a drink </em></div><div class="chat chatmessage-exploziff"><strong style="color:#70a52f"><small>☆</small><span class="username" data-name="exploziff">exploziff</span>:</strong> <em>sure</em></div><div class="chat"><small> GottaGoPrettyQuick and ☆exploziff left</small></div></div><div class="inner-preempt message-log"></div></div></div>
</div>
<script>
let daily = Math.floor(Date.now()/1000/60/60/24);document.write('<script src="https://dragonheaven.herokuapp.com/js/replay-embed.js?version'+daily+'"></'+'script>');
</script>
