<!DOCTYPE html>
<meta charset="utf-8" />
<!-- version 1 -->
<title>[Gen 8] M4A Random Battle replay: H2OPulse vs. inkbug1</title>
<style>
html,body {font-family:Verdana, sans-serif;font-size:10pt;margin:0;padding:0;}body{padding:12px 0;} .battle-log {font-family:Verdana, sans-serif;font-size:10pt;} .battle-log-inline {border:1px solid #AAAAAA;background:#EEF2F5;color:black;max-width:640px;margin:0 auto 80px;padding-bottom:5px;} .battle-log .inner {padding:4px 8px 0px 8px;} .battle-log .inner-preempt {padding:0 8px 4px 8px;} .battle-log .inner-after {margin-top:0.5em;} .battle-log h2 {margin:0.5em -8px;padding:4px 8px;border:1px solid #AAAAAA;background:#E0E7EA;border-left:0;border-right:0;font-family:Verdana, sans-serif;font-size:13pt;} .battle-log .chat {vertical-align:middle;padding:3px 0 3px 0;font-size:8pt;} .battle-log .chat strong {color:#40576A;} .battle-log .chat em {padding:1px 4px 1px 3px;color:#000000;font-style:normal;} .chat.mine {background:rgba(0,0,0,0.05);margin-left:-8px;margin-right:-8px;padding-left:8px;padding-right:8px;} .spoiler {color:#BBBBBB;background:#BBBBBB;padding:0px 3px;} .spoiler:hover, .spoiler:active, .spoiler-shown {color:#000000;background:#E2E2E2;padding:0px 3px;} .spoiler a {color:#BBBBBB;} .spoiler:hover a, .spoiler:active a, .spoiler-shown a {color:#2288CC;} .chat code, .chat .spoiler:hover code, .chat .spoiler:active code, .chat .spoiler-shown code {border:1px solid #C0C0C0;background:#EEEEEE;color:black;padding:0 2px;} .chat .spoiler code {border:1px solid #CCCCCC;background:#CCCCCC;color:#CCCCCC;} .battle-log .rated {padding:3px 4px;} .battle-log .rated strong {color:white;background:#89A;padding:1px 4px;border-radius:4px;} .spacer {margin-top:0.5em;} .message-announce {background:#6688AA;color:white;padding:1px 4px 2px;} .message-announce a, .broadcast-green a, .broadcast-blue a, .broadcast-red a {color:#DDEEFF;} .broadcast-green {background-color:#559955;color:white;padding:2px 4px;} .broadcast-blue {background-color:#6688AA;color:white;padding:2px 4px;} .infobox {border:1px solid #6688AA;padding:2px 4px;} .infobox-limited {max-height:200px;overflow:auto;overflow-x:hidden;} .broadcast-red {background-color:#AA5544;color:white;padding:2px 4px;} .message-learn-canlearn {font-weight:bold;color:#228822;text-decoration:underline;} .message-learn-cannotlearn {font-weight:bold;color:#CC2222;text-decoration:underline;} .message-effect-weak {font-weight:bold;color:#CC2222;} .message-effect-resist {font-weight:bold;color:#6688AA;} .message-effect-immune {font-weight:bold;color:#666666;} .message-learn-list {margin-top:0;margin-bottom:0;} .message-throttle-notice, .message-error {color:#992222;} .message-overflow, .chat small.message-overflow {font-size:0pt;} .message-overflow::before {font-size:9pt;content:'...';} .subtle {color:#3A4A66;}
</style>
<div class="wrapper replay-wrapper" style="max-width:1180px;margin:0 auto">
<input type="hidden" name="replayid" value="dragonheaven-gen8m4arandombattle-286" />
<div class="battle"></div><div class="battle-log"></div><div class="replay-controls"></div><div class="replay-controls-2"></div>
<h1 style="font-weight:normal;text-align:center"><strong>[Gen 8] M4A Random Battle</strong><br /><a href="http://pokemonshowdown.com/users/h2opulse" class="subtle" target="_blank">H2OPulse</a> vs. <a href="http://pokemonshowdown.com/users/inkbug1" class="subtle" target="_blank">inkbug1</a></h1>
<script type="text/plain" class="battle-log-data">|j|☆H2OPulse
|j|☆inkbug1

|t:|1608419340
|player|p1|H2OPulse|aetherfoundation|
|player|p2|inkbug1|burgh|
|teamsize|p1|6
|teamsize|p2|6
|gametype|singles
|gen|8
|tier|[Gen 8] M4A Random Battle
|rule|Dynamax Clause: You cannot dynamax
|rule|Species Clause: Limit one of each Pokémon
|rule|HP Percentage Mod: HP is shown in percentages
|rule|Sleep Clause Mod: Limit one foe put to sleep
|
|t:|1608419341
|start
|switch|p1a: Pincurchin|Pincurchin, L88, M|100\/100
|switch|p2a: Articuno|Articuno, L88|302\/302
|-ability|p2a: Articuno|Pressure
|-fieldstart|move: Electric Terrain|[from] ability: Electric Surge|[of] p1a: Pincurchin
|turn|1
|c|☆H2OPulse|Ah nice!!! Good luck and have fun!!!
|
|t:|1608419370
|switch|p2a: Excadrill|Excadrill, L80, M|307\/307
|switch|p1a: Coalossal|Coalossal, L80, F|100\/100
|
|upkeep
|turn|2
|
|t:|1608419383
|switch|p1a: Sigilyph|Sigilyph, L86, F|100\/100
|move|p2a: Excadrill|Earthquake|p1a: Sigilyph
|-immune|p1a: Sigilyph
|
|upkeep
|turn|3
|
|t:|1608419399
|switch|p2a: Talonflame|Talonflame, L84, M|267\/267
|move|p1a: Sigilyph|Heat Wave|p2a: Talonflame
|-resisted|p2a: Talonflame
|-damage|p2a: Talonflame|187\/267
|
|upkeep
|turn|4
|c|☆H2OPulse|Oh good call
|c|☆H2OPulse|OH is this!!
|
|t:|1608419420
|switch|p1a: Empoleon|Empoleon, L82, F|100\/100
|detailschange|p2a: Talonflame|Talonflame-Mega, L84, M
|-mega|p2a: Talonflame|Talonflame|Talonflite
|raw|<ul class="utilichart"><li class="result"><span class="col pokemonnamecol" style="white-space: nowrap">Talonflame-Mega<\/span> <span class="col typecol"><img src="https:\/\/play.pokemonshowdown.com\/sprites\/types\/Fire.png" alt="Fire" height="14" width="32"><img src="https:\/\/play.pokemonshowdown.com\/sprites\/types\/Flying.png" alt="Flying" height="14" width="32"><\/span> <span style="float: left ; min-height: 26px"><span class="col abilitycol">Bird of Prey<\/span><span class="col abilitycol"><\/span><\/span><span style="float: left ; min-height: 26px"><span class="col statcol"><em>HP<\/em><br>78<\/span> <span class="col statcol"><em>Atk<\/em><br>81<\/span> <span class="col statcol"><em>Def<\/em><br>71<\/span> <span class="col statcol"><em>SpA<\/em><br>134<\/span> <span class="col statcol"><em>SpD<\/em><br>69<\/span> <span class="col statcol"><em>Spe<\/em><br>166<\/span> <\/span><\/li><li style="clear: both"><\/li><\/ul>
|move|p2a: Talonflame|Heat Wave|p1a: Empoleon
|-damage|p1a: Empoleon|56\/100
|
|upkeep
|turn|5
|c|☆inkbug1|yeah that was probably wise
|
|t:|1608419430
|switch|p2a: Whimsicott|Whimsicott, L86, F|243\/243
|move|p1a: Empoleon|Hydro Pump|p2a: Whimsicott|[miss]
|-miss|p1a: Empoleon|p2a: Whimsicott
|
|-fieldend|move: Electric Terrain
|upkeep
|turn|6
|
|t:|1608419440
|move|p2a: Whimsicott|Stun Spore|p1a: Empoleon|[miss]
|-miss|p2a: Whimsicott|p1a: Empoleon
|move|p1a: Empoleon|Ice Beam|p2a: Whimsicott
|-supereffective|p2a: Whimsicott
|-damage|p2a: Whimsicott|58\/243
|-damage|p1a: Empoleon|46\/100|[from] item: Life Orb
|
|-heal|p2a: Whimsicott|73\/243|[from] item: Leftovers
|upkeep
|turn|7
|
|t:|1608419462
|move|p2a: Whimsicott|Stun Spore|p1a: Empoleon
|-status|p1a: Empoleon|par
|move|p1a: Empoleon|Ice Beam|p2a: Whimsicott
|-supereffective|p2a: Whimsicott
|-damage|p2a: Whimsicott|0 fnt
|-damage|p1a: Empoleon|37\/100 par|[from] item: Life Orb
|faint|p2a: Whimsicott
|
|upkeep
|
|t:|1608419473
|switch|p2a: Mr. Rime|Mr. Rime, L88, F|284\/284
|turn|8
|c|☆H2OPulse|Aah sorry hi! My dad came in for a sec
|c|☆inkbug1|dw
|
|t:|1608419543
|switch|p1a: Type: Null|Type: Null, L88|100\/100
|move|p2a: Mr. Rime|Freeze-Dry|p1a: Type: Null
|-damage|p1a: Type: Null|74\/100
|
|upkeep
|turn|9
|
|t:|1608419565
|move|p2a: Mr. Rime|Focus Blast|p1a: Type: Null
|-supereffective|p1a: Type: Null
|-damage|p1a: Type: Null|16\/100
|move|p1a: Type: Null|Swords Dance|p1a: Type: Null
|-boost|p1a: Type: Null|atk|2
|
|upkeep
|turn|10
|c|☆H2OPulse|Oh ow
|c|☆inkbug1|damn you are tankier than i thought
|
|t:|1608419585
|move|p2a: Mr. Rime|Focus Blast|p1a: Type: Null
|-supereffective|p1a: Type: Null
|-damage|p1a: Type: Null|0 fnt
|faint|p1a: Type: Null
|
|upkeep
|
|t:|1608419593
|switch|p1a: Pincurchin|Pincurchin, L88, M|100\/100
|-fieldstart|move: Electric Terrain|[from] ability: Electric Surge|[of] p1a: Pincurchin
|turn|11
|
|t:|1608419601
|switch|p2a: Copperajah|Copperajah, L84, F|342\/342
|move|p1a: Pincurchin|Scald|p2a: Copperajah
|-damage|p2a: Copperajah|272\/342
|
|upkeep
|turn|12
|c|☆inkbug1|ok that was a dumb move
|
|t:|1608419611
|move|p2a: Copperajah|Stealth Rock|p1a: Pincurchin
|-sidestart|p1: H2OPulse|move: Stealth Rock
|move|p1a: Pincurchin|Rising Voltage|p2a: Copperajah
|-damage|p2a: Copperajah|28\/342
|
|upkeep
|turn|13
|
|t:|1608419623
|move|p2a: Copperajah|Earthquake|p1a: Pincurchin
|-supereffective|p1a: Pincurchin
|-damage|p1a: Pincurchin|9\/100
|-damage|p2a: Copperajah|0 fnt|[from] item: Life Orb
|faint|p2a: Copperajah
|move|p1a: Pincurchin|Spikes|p2: Copperajah
|-sidestart|p2: inkbug1|Spikes
|
|upkeep
|
|t:|1608419630
|switch|p2a: Mr. Rime|Mr. Rime, L88, F|284\/284
|turn|14
|
|t:|1608419634
|move|p1a: Pincurchin|Sucker Punch|p2a: Mr. Rime
|-supereffective|p2a: Mr. Rime
|-damage|p2a: Mr. Rime|170\/284
|move|p2a: Mr. Rime|Rapid Spin|p1a: Pincurchin
|-damage|p1a: Pincurchin|0 fnt
|-boost|p2a: Mr. Rime|spe|1
|-sideend|p2: inkbug1|Spikes|[from] move: Rapid Spin|[of] p2a: Mr. Rime
|faint|p1a: Pincurchin
|
|upkeep
|j| BlaueBrause
|c|☆inkbug1|oh damn nice sucker punch
|
|t:|1608419656
|switch|p1a: Sigilyph|Sigilyph, L86, F|100\/100
|turn|15
|
|t:|1608419668
|move|p2a: Mr. Rime|Freeze-Dry|p1a: Sigilyph
|-supereffective|p1a: Sigilyph
|-damage|p1a: Sigilyph|25\/100
|move|p1a: Sigilyph|Air Slash|p2a: Mr. Rime
|-damage|p2a: Mr. Rime|89\/284
|
|-fieldend|move: Electric Terrain
|upkeep
|turn|16
|c|☆H2OPulse|Haha okay was expecting Talonflame again
|
|t:|1608419695
|move|p2a: Mr. Rime|Freeze-Dry|p1a: Sigilyph
|-supereffective|p1a: Sigilyph
|-damage|p1a: Sigilyph|0 fnt
|faint|p1a: Sigilyph
|
|upkeep
|
|t:|1608419701
|switch|p1a: Coalossal|Coalossal, L80, F|100\/100
|turn|17
|c|☆inkbug1|probably could have hahah
|
|t:|1608419709
|move|p2a: Mr. Rime|Focus Blast|p1a: Coalossal|[miss]
|-miss|p2a: Mr. Rime|p1a: Coalossal
|move|p1a: Coalossal|Stone Edge|p2a: Mr. Rime|[miss]
|-miss|p1a: Coalossal|p2a: Mr. Rime
|
|upkeep
|turn|18
|c|☆inkbug1|yeah ok 
|c|☆H2OPulse|Pffff
|
|t:|1608419718
|move|p2a: Mr. Rime|Focus Blast|p1a: Coalossal
|-supereffective|p1a: Coalossal
|-damage|p1a: Coalossal|31\/100
|move|p1a: Coalossal|Stone Edge|p2a: Mr. Rime
|-supereffective|p2a: Mr. Rime
|-damage|p2a: Mr. Rime|0 fnt
|faint|p2a: Mr. Rime
|
|upkeep
|
|t:|1608419733
|switch|p2a: Excadrill|Excadrill, L80, M|307\/307
|turn|19
|
|t:|1608419745
|switch|p1a: Dragonite|Dragonite, L80, M|100\/100
|-damage|p1a: Dragonite|76\/100|[from] Stealth Rock
|move|p2a: Excadrill|Earthquake|p1a: Dragonite
|-immune|p1a: Dragonite
|
|upkeep
|turn|20
|c|☆inkbug1|e e p 
|
|t:|1608419772
|move|p2a: Excadrill|Swords Dance|p2a: Excadrill
|-boost|p2a: Excadrill|atk|2
|move|p1a: Dragonite|Roost|p1a: Dragonite
|-heal|p1a: Dragonite|100\/100
|-singleturn|p1a: Dragonite|move: Roost
|
|upkeep
|turn|21
|
|t:|1608419781
|move|p2a: Excadrill|Rock Slide|p1a: Dragonite
|-supereffective|p1a: Dragonite
|-damage|p1a: Dragonite|41\/100
|-damage|p2a: Excadrill|277\/307|[from] item: Life Orb
|cant|p1a: Dragonite|flinch
|
|upkeep
|turn|22
|c|☆inkbug1|oh my god 
|
|t:|1608419792
|detailschange|p1a: Dragonite|Dragonite-Mega, L80, M
|-mega|p1a: Dragonite|Dragonite|Draconite
|raw|<ul class="utilichart"><li class="result"><span class="col pokemonnamecol" style="white-space: nowrap">Dragonite-Mega<\/span> <span class="col typecol"><img src="https:\/\/play.pokemonshowdown.com\/sprites\/types\/Dragon.png" alt="Dragon" height="14" width="32"><img src="https:\/\/play.pokemonshowdown.com\/sprites\/types\/Flying.png" alt="Flying" height="14" width="32"><\/span> <span style="float: left ; min-height: 26px"><span class="col abilitycol">Tough Claws<\/span><span class="col abilitycol"><\/span><\/span><span style="float: left ; min-height: 26px"><span class="col statcol"><em>HP<\/em><br>91<\/span> <span class="col statcol"><em>Atk<\/em><br>164<\/span> <span class="col statcol"><em>Def<\/em><br>110<\/span> <span class="col statcol"><em>SpA<\/em><br>122<\/span> <span class="col statcol"><em>SpD<\/em><br>122<\/span> <span class="col statcol"><em>Spe<\/em><br>91<\/span> <\/span><\/li><li style="clear: both"><\/li><\/ul>
|move|p1a: Dragonite|Roost|p1a: Dragonite
|-heal|p1a: Dragonite|91\/100
|-singleturn|p1a: Dragonite|move: Roost
|move|p2a: Excadrill|Rock Slide|p1a: Dragonite
|-damage|p1a: Dragonite|38\/100
|-damage|p2a: Excadrill|247\/307|[from] item: Life Orb
|
|upkeep
|turn|23
|c|☆H2OPulse|Yeah I don't think I can win this :'D
|
|t:|1608419813
|move|p1a: Dragonite|Dragon Dance|p1a: Dragonite
|-boost|p1a: Dragonite|atk|1
|-boost|p1a: Dragonite|spe|1
|move|p2a: Excadrill|Rock Slide|p1a: Dragonite
|-supereffective|p1a: Dragonite
|-damage|p1a: Dragonite|0 fnt
|-damage|p2a: Excadrill|217\/307|[from] item: Life Orb
|faint|p1a: Dragonite
|
|upkeep
|
|t:|1608419817
|switch|p1a: Empoleon|Empoleon, L82, F|37\/100 par
|-damage|p1a: Empoleon|30\/100 par|[from] Stealth Rock
|turn|24
|c|☆inkbug1|thaaats fair
|c|☆H2OPulse|Good game!!!!
|
|t:|1608419825
|move|p2a: Excadrill|Earthquake|p1a: Empoleon
|-supereffective|p1a: Empoleon
|-damage|p1a: Empoleon|0 fnt
|-damage|p2a: Excadrill|187\/307|[from] item: Life Orb
|faint|p1a: Empoleon
|
|upkeep
|c|☆inkbug1|its ok excadrill is basically cheating anyways
|
|t:|1608419841
|switch|p1a: Coalossal|Coalossal, L80, F|31\/100
|turn|25
|
|t:|1608419845
|move|p2a: Excadrill|Earthquake|p1a: Coalossal
|-supereffective|p1a: Coalossal
|-damage|p1a: Coalossal|0 fnt
|-damage|p2a: Excadrill|157\/307|[from] item: Life Orb
|faint|p1a: Coalossal
|
|win|inkbug1
|c|☆H2OPulse|~~You say that like I didn't have a Mega Dragonite~~
|c|☆H2OPulse|Good game!!!
|c|☆inkbug1|fair,,,
|l| BlaueBrause
|c|☆inkbug1|gg! </script>
</div>
<div class="battle-log battle-log-inline"><div class="inner"><div class="battle-options"><div style="padding-top: 3px; padding-right: 3px; text-align: right"><button class="icon button" name="openBattleOptions" title="Options">Battle Options</button></div></div><div class="inner message-log"><div class="chat"><small>☆H2OPulse and ☆inkbug1 joined</small></div><div class=""><small>Format:</small> <br><strong>[Gen 8] M4A Random Battle</strong></div><div class=""><small><em>Dynamax Clause:</em> You cannot dynamax</small></div><div class=""><small><em>Species Clause:</em> Limit one of each Pokémon</small></div><div class=""><small><em>HP Percentage Mod:</em> HP is shown in percentages</small></div><div class=""><small><em>Sleep Clause Mod:</em> Limit one foe put to sleep</small></div><div class="spacer battle-history"><br></div><div class="battle-history">Battle started between H2OPulse and inkbug1!<br></div><div class="spacer battle-history"><br></div><div class="battle-history">H2OPulse sent out <strong>Pincurchin</strong>!<br></div><div class="spacer battle-history"><br></div><div class="battle-history">Go! <strong>Articuno</strong>!<br></div><div class="battle-history">[Articuno's Pressure]<br><small>Articuno is exerting its pressure!</small><br></div><div class="battle-history">[The opposing Pincurchin's Electric Surge]<br><small>An electric current ran across the battlefield!</small><br></div><div class="spacer battle-history"><br></div><h2 class="battle-history">Turn 1</h2><div class="chat chatmessage-h2opulse"><strong style="color:#6e8c2b"><small>☆</small><span class="username" data-name="H2OPulse">H2OPulse</span>:</strong> <em>Ah nice!!! Good luck and have fun!!!</em></div><div class="spacer battle-history"><br></div><div class="battle-history">Articuno, come back!<br></div><div class="battle-history">Go! <strong>Excadrill</strong>!<br></div><div class="spacer battle-history"><br></div><div class="battle-history">H2OPulse withdrew Pincurchin!<br></div><div class="battle-history">H2OPulse sent out <strong>Coalossal</strong>!<br></div><div class="spacer battle-history"><br></div><h2 class="battle-history">Turn 2</h2><div class="spacer battle-history"><br></div><div class="battle-history">H2OPulse withdrew Coalossal!<br></div><div class="battle-history">H2OPulse sent out <strong>Sigilyph</strong>!<br></div><div class="spacer battle-history"><br></div><div class="battle-history">Excadrill used <strong>Earthquake</strong>!<br></div><div class="battle-history"><small>It doesn't affect the opposing Sigilyph...</small><br></div><div class="spacer battle-history"><br></div><h2 class="battle-history">Turn 3</h2><div class="spacer battle-history"><br></div><div class="battle-history">Excadrill, come back!<br></div><div class="battle-history">Go! <strong>Talonflame</strong>!<br></div><div class="spacer battle-history"><br></div><div class="battle-history">The opposing Sigilyph used <strong>Heat Wave</strong>!<br></div><div class="battle-history"><small>It's not very effective...</small><br></div><div class="battle-history"><small>(Talonflame lost <abbr title="−80/267">30.0%</abbr> of its health!)</small><br></div><div class="spacer battle-history"><br></div><h2 class="battle-history">Turn 4</h2><div class="chat chatmessage-h2opulse"><strong style="color:#6e8c2b"><small>☆</small><span class="username" data-name="H2OPulse">H2OPulse</span>:</strong> <em>Oh good call</em></div><div class="chat chatmessage-h2opulse"><strong style="color:#6e8c2b"><small>☆</small><span class="username" data-name="H2OPulse">H2OPulse</span>:</strong> <em>OH is this!!</em></div><div class="spacer battle-history"><br></div><div class="battle-history">H2OPulse withdrew Sigilyph!<br></div><div class="battle-history">H2OPulse sent out <strong>Empoleon</strong>!<br></div><div class="spacer battle-history"><br></div><div class="battle-history"><small>Talonflame's Talonflite is reacting to the Key Stone!</small><br>Talonflame has Mega Evolved into Mega Talonflame!<br></div><div class="chat"><ul class="utilichart"><li class="result"><span class="col pokemonnamecol" style="white-space: nowrap">Talonflame-Mega</span> <span class="col typecol"><img src="https://play.pokemonshowdown.com/sprites/types/Fire.png" alt="Fire" height="14" width="32"><img src="https://play.pokemonshowdown.com/sprites/types/Flying.png" alt="Flying" height="14" width="32"></span> <span style="float: left ; min-height: 26px"><span class="col abilitycol">Bird of Prey</span><span class="col abilitycol"></span></span><span style="float: left ; min-height: 26px"><span class="col statcol"><em>HP</em><br>78</span> <span class="col statcol"><em>Atk</em><br>81</span> <span class="col statcol"><em>Def</em><br>71</span> <span class="col statcol"><em>SpA</em><br>134</span> <span class="col statcol"><em>SpD</em><br>69</span> <span class="col statcol"><em>Spe</em><br>166</span> </span></li><li style="clear: both"></li></ul></div><div class="spacer battle-history"><br></div><div class="battle-history">Talonflame used <strong>Heat Wave</strong>!<br></div><div class="battle-history"><small>(The opposing Empoleon lost 44% of its health!)</small><br></div><div class="spacer battle-history"><br></div><h2 class="battle-history">Turn 5</h2><div class="chat chatmessage-inkbug1 mine"><strong style="color:#e46e0f"><small>☆</small><span class="username" data-name="inkbug1">inkbug1</span>:</strong> <em>yeah that was probably wise</em></div><div class="spacer battle-history"><br></div><div class="battle-history">Talonflame, come back!<br></div><div class="battle-history">Go! <strong>Whimsicott</strong>!<br></div><div class="spacer battle-history"><br></div><div class="battle-history">The opposing Empoleon used <strong>Hydro Pump</strong>!<br></div><div class="battle-history"><small>Whimsicott avoided the attack!</small><br></div><div class="spacer battle-history"><br></div><div class="battle-history"><small>The electricity disappeared from the battlefield.</small><br></div><div class="spacer battle-history"><br></div><h2 class="battle-history">Turn 6</h2><div class="spacer battle-history"><br></div><div class="battle-history">Whimsicott used <strong>Stun Spore</strong>!<br></div><div class="battle-history"><small>The opposing Empoleon avoided the attack!</small><br></div><div class="spacer battle-history"><br></div><div class="battle-history">The opposing Empoleon used <strong>Ice Beam</strong>!<br></div><div class="battle-history"><small>It's super effective!</small><br></div><div class="battle-history"><small>(Whimsicott lost <abbr title="−185/243">76.1%</abbr> of its health!)</small><br></div><div class="battle-history"><small>The opposing Empoleon lost some of its HP!</small><br></div><div class="spacer battle-history"><br></div><div class="battle-history"><small>Whimsicott restored a little HP using its Leftovers!</small><br></div><div class="spacer battle-history"><br></div><h2 class="battle-history">Turn 7</h2><div class="spacer battle-history"><br></div><div class="battle-history">Whimsicott used <strong>Stun Spore</strong>!<br></div><div class="battle-history"><small>The opposing Empoleon is paralyzed! It may be unable to move!</small><br></div><div class="spacer battle-history"><br></div><div class="battle-history">The opposing Empoleon used <strong>Ice Beam</strong>!<br></div><div class="battle-history"><small>It's super effective!</small><br></div><div class="battle-history"><small>(Whimsicott lost <abbr title="−73/243">30.0%</abbr> of its health!)</small><br></div><div class="battle-history"><small>The opposing Empoleon lost some of its HP!</small><br></div><div class="spacer battle-history"><br></div><div class="battle-history">Whimsicott fainted!<br></div><div class="spacer battle-history"><br></div><div class="battle-history">Go! <strong>Mr. Rime</strong>!<br></div><div class="spacer battle-history"><br></div><h2 class="battle-history">Turn 8</h2><div class="chat chatmessage-h2opulse"><strong style="color:#6e8c2b"><small>☆</small><span class="username" data-name="H2OPulse">H2OPulse</span>:</strong> <em>Aah sorry hi! My dad came in for a sec</em></div><div class="chat chatmessage-inkbug1 mine"><strong style="color:#e46e0f"><small>☆</small><span class="username" data-name="inkbug1">inkbug1</span>:</strong> <em>dw</em></div><div class="spacer battle-history"><br></div><div class="battle-history">H2OPulse withdrew Empoleon!<br></div><div class="battle-history">H2OPulse sent out <strong>Type: Null</strong>!<br></div><div class="spacer battle-history"><br></div><div class="battle-history">Mr. Rime used <strong>Freeze-Dry</strong>!<br></div><div class="battle-history"><small>(The opposing Type: Null lost 26% of its health!)</small><br></div><div class="spacer battle-history"><br></div><h2 class="battle-history">Turn 9</h2><div class="spacer battle-history"><br></div><div class="battle-history">Mr. Rime used <strong>Focus Blast</strong>!<br></div><div class="battle-history"><small>It's super effective!</small><br></div><div class="battle-history"><small>(The opposing Type: Null lost 58% of its health!)</small><br></div><div class="spacer battle-history"><br></div><div class="battle-history">The opposing Type: Null used <strong>Swords Dance</strong>!<br></div><div class="battle-history"><small>The opposing Type: Null's Attack rose sharply!</small><br></div><div class="spacer battle-history"><br></div><h2 class="battle-history">Turn 10</h2><div class="chat chatmessage-h2opulse"><strong style="color:#6e8c2b"><small>☆</small><span class="username" data-name="H2OPulse">H2OPulse</span>:</strong> <em>Oh ow</em></div><div class="chat chatmessage-inkbug1 mine"><strong style="color:#e46e0f"><small>☆</small><span class="username" data-name="inkbug1">inkbug1</span>:</strong> <em>damn you are tankier than i thought</em></div><div class="spacer battle-history"><br></div><div class="battle-history">Mr. Rime used <strong>Focus Blast</strong>!<br></div><div class="battle-history"><small>It's super effective!</small><br></div><div class="battle-history"><small>(The opposing Type: Null lost 16% of its health!)</small><br></div><div class="spacer battle-history"><br></div><div class="battle-history">The opposing Type: Null fainted!<br></div><div class="spacer battle-history"><br></div><div class="battle-history">H2OPulse sent out <strong>Pincurchin</strong>!<br></div><div class="battle-history">[The opposing Pincurchin's Electric Surge]<br><small>An electric current ran across the battlefield!</small><br></div><div class="spacer battle-history"><br></div><h2 class="battle-history">Turn 11</h2><div class="spacer battle-history"><br></div><div class="battle-history">Mr. Rime, come back!<br></div><div class="battle-history">Go! <strong>Copperajah</strong>!<br></div><div class="spacer battle-history"><br></div><div class="battle-history">The opposing Pincurchin used <strong>Scald</strong>!<br></div><div class="battle-history"><small>(Copperajah lost <abbr title="−70/342">20.5%</abbr> of its health!)</small><br></div><div class="spacer battle-history"><br></div><h2 class="battle-history">Turn 12</h2><div class="chat chatmessage-inkbug1 mine"><strong style="color:#e46e0f"><small>☆</small><span class="username" data-name="inkbug1">inkbug1</span>:</strong> <em>ok that was a dumb move</em></div><div class="spacer battle-history"><br></div><div class="battle-history">Copperajah used <strong>Stealth Rock</strong>!<br></div><div class="battle-history"><small>Pointed stones float in the air around the opposing team!</small><br></div><div class="spacer battle-history"><br></div><div class="battle-history">The opposing Pincurchin used <strong>Rising Voltage</strong>!<br></div><div class="battle-history"><small>(Copperajah lost <abbr title="−244/342">71.3%</abbr> of its health!)</small><br></div><div class="spacer battle-history"><br></div><h2 class="battle-history">Turn 13</h2><div class="spacer battle-history"><br></div><div class="battle-history">Copperajah used <strong>Earthquake</strong>!<br></div><div class="battle-history"><small>It's super effective!</small><br></div><div class="battle-history"><small>(The opposing Pincurchin lost 91% of its health!)</small><br></div><div class="battle-history"><small>Copperajah lost some of its HP!</small><br></div><div class="spacer battle-history"><br></div><div class="battle-history">Copperajah fainted!<br></div><div class="battle-history">The opposing Pincurchin used <strong>Spikes</strong>!<br></div><div class="battle-history"><small>Spikes were scattered on the ground all around your team!</small><br></div><div class="spacer battle-history"><br></div><div class="battle-history">Go! <strong>Mr. Rime</strong>!<br></div><div class="spacer battle-history"><br></div><h2 class="battle-history">Turn 14</h2><div class="spacer battle-history"><br></div><div class="battle-history">The opposing Pincurchin used <strong>Sucker Punch</strong>!<br></div><div class="battle-history"><small>It's super effective!</small><br></div><div class="battle-history"><small>(Mr. Rime lost <abbr title="−114/284">40.1%</abbr> of its health!)</small><br></div><div class="spacer battle-history"><br></div><div class="battle-history">Mr. Rime used <strong>Rapid Spin</strong>!<br></div><div class="battle-history"><small>(The opposing Pincurchin lost 9% of its health!)</small><br></div><div class="battle-history"><small>Mr. Rime's Speed rose!</small><br></div><div class="battle-history"><small>The spikes disappeared from the ground around your team!</small><br></div><div class="spacer battle-history"><br></div><div class="battle-history">The opposing Pincurchin fainted!<br></div><div class="chat"><small> BlaueBrause joined</small></div><div class="chat chatmessage-inkbug1 mine"><strong style="color:#e46e0f"><small>☆</small><span class="username" data-name="inkbug1">inkbug1</span>:</strong> <em>oh damn nice sucker punch</em></div><div class="spacer battle-history"><br></div><div class="battle-history">H2OPulse sent out <strong>Sigilyph</strong>!<br></div><div class="spacer battle-history"><br></div><h2 class="battle-history">Turn 15</h2><div class="spacer battle-history"><br></div><div class="battle-history">Mr. Rime used <strong>Freeze-Dry</strong>!<br></div><div class="battle-history"><small>It's super effective!</small><br></div><div class="battle-history"><small>(The opposing Sigilyph lost 75% of its health!)</small><br></div><div class="spacer battle-history"><br></div><div class="battle-history">The opposing Sigilyph used <strong>Air Slash</strong>!<br></div><div class="battle-history"><small>(Mr. Rime lost <abbr title="−81/284">28.5%</abbr> of its health!)</small><br></div><div class="spacer battle-history"><br></div><div class="battle-history"><small>The electricity disappeared from the battlefield.</small><br></div><div class="spacer battle-history"><br></div><h2 class="battle-history">Turn 16</h2><div class="chat chatmessage-h2opulse"><strong style="color:#6e8c2b"><small>☆</small><span class="username" data-name="H2OPulse">H2OPulse</span>:</strong> <em>Haha okay was expecting Talonflame again</em></div><div class="spacer battle-history"><br></div><div class="battle-history">Mr. Rime used <strong>Freeze-Dry</strong>!<br></div><div class="battle-history"><small>It's super effective!</small><br></div><div class="battle-history"><small>(The opposing Sigilyph lost 25% of its health!)</small><br></div><div class="spacer battle-history"><br></div><div class="battle-history">The opposing Sigilyph fainted!<br></div><div class="spacer battle-history"><br></div><div class="battle-history">H2OPulse sent out <strong>Coalossal</strong>!<br></div><div class="spacer battle-history"><br></div><h2 class="battle-history">Turn 17</h2><div class="chat chatmessage-inkbug1 mine"><strong style="color:#e46e0f"><small>☆</small><span class="username" data-name="inkbug1">inkbug1</span>:</strong> <em>probably could have hahah</em></div><div class="spacer battle-history"><br></div><div class="battle-history">Mr. Rime used <strong>Focus Blast</strong>!<br></div><div class="battle-history"><small>The opposing Coalossal avoided the attack!</small><br></div><div class="spacer battle-history"><br></div><div class="battle-history">The opposing Coalossal used <strong>Stone Edge</strong>!<br></div><div class="battle-history"><small>Mr. Rime avoided the attack!</small><br></div><div class="spacer battle-history"><br></div><h2 class="battle-history">Turn 18</h2><div class="chat chatmessage-inkbug1 mine"><strong style="color:#e46e0f"><small>☆</small><span class="username" data-name="inkbug1">inkbug1</span>:</strong> <em>yeah ok </em></div><div class="chat chatmessage-h2opulse"><strong style="color:#6e8c2b"><small>☆</small><span class="username" data-name="H2OPulse">H2OPulse</span>:</strong> <em>Pffff</em></div><div class="spacer battle-history"><br></div><div class="battle-history">Mr. Rime used <strong>Focus Blast</strong>!<br></div><div class="battle-history"><small>It's super effective!</small><br></div><div class="battle-history"><small>(The opposing Coalossal lost 69% of its health!)</small><br></div><div class="spacer battle-history"><br></div><div class="battle-history">The opposing Coalossal used <strong>Stone Edge</strong>!<br></div><div class="battle-history"><small>It's super effective!</small><br></div><div class="battle-history"><small>(Mr. Rime lost <abbr title="−89/284">31.3%</abbr> of its health!)</small><br></div><div class="spacer battle-history"><br></div><div class="battle-history">Mr. Rime fainted!<br></div><div class="spacer battle-history"><br></div><div class="battle-history">Go! <strong>Excadrill</strong>!<br></div><div class="spacer battle-history"><br></div><h2 class="battle-history">Turn 19</h2><div class="spacer battle-history"><br></div><div class="battle-history">H2OPulse withdrew Coalossal!<br></div><div class="battle-history">H2OPulse sent out <strong>Dragonite</strong>!<br></div><div class="battle-history"><small>Pointed stones dug into the opposing Dragonite!</small><br></div><div class="spacer battle-history"><br></div><div class="battle-history">Excadrill used <strong>Earthquake</strong>!<br></div><div class="battle-history"><small>It doesn't affect the opposing Dragonite...</small><br></div><div class="spacer battle-history"><br></div><h2 class="battle-history">Turn 20</h2><div class="chat chatmessage-inkbug1 mine"><strong style="color:#e46e0f"><small>☆</small><span class="username" data-name="inkbug1">inkbug1</span>:</strong> <em>e e p </em></div><div class="spacer battle-history"><br></div><div class="battle-history">Excadrill used <strong>Swords Dance</strong>!<br></div><div class="battle-history"><small>Excadrill's Attack rose sharply!</small><br></div><div class="spacer battle-history"><br></div><div class="battle-history">The opposing Dragonite used <strong>Roost</strong>!<br></div><div class="battle-history"><small>The opposing Dragonite had its HP restored.</small><br></div><div class="battle-history"><small>(The opposing Dragonite loses Flying type this turn.)</small><br></div><div class="spacer battle-history"><br></div><h2 class="battle-history">Turn 21</h2><div class="spacer battle-history"><br></div><div class="battle-history">Excadrill used <strong>Rock Slide</strong>!<br></div><div class="battle-history"><small>It's super effective!</small><br></div><div class="battle-history"><small>(The opposing Dragonite lost 59% of its health!)</small><br></div><div class="battle-history"><small>Excadrill lost some of its HP!</small><br></div><div class="spacer battle-history"><br></div><div class="battle-history">The opposing Dragonite flinched and couldn't move!<br></div><div class="spacer battle-history"><br></div><h2 class="battle-history">Turn 22</h2><div class="chat chatmessage-inkbug1 mine"><strong style="color:#e46e0f"><small>☆</small><span class="username" data-name="inkbug1">inkbug1</span>:</strong> <em>oh my god </em></div><div class="spacer battle-history"><br></div><div class="battle-history"><small>The opposing Dragonite's Draconite is reacting to the Key Stone!</small><br>The opposing Dragonite has Mega Evolved into Mega Dragonite!<br></div><div class="chat"><ul class="utilichart"><li class="result"><span class="col pokemonnamecol" style="white-space: nowrap">Dragonite-Mega</span> <span class="col typecol"><img src="https://play.pokemonshowdown.com/sprites/types/Dragon.png" alt="Dragon" height="14" width="32"><img src="https://play.pokemonshowdown.com/sprites/types/Flying.png" alt="Flying" height="14" width="32"></span> <span style="float: left ; min-height: 26px"><span class="col abilitycol">Tough Claws</span><span class="col abilitycol"></span></span><span style="float: left ; min-height: 26px"><span class="col statcol"><em>HP</em><br>91</span> <span class="col statcol"><em>Atk</em><br>164</span> <span class="col statcol"><em>Def</em><br>110</span> <span class="col statcol"><em>SpA</em><br>122</span> <span class="col statcol"><em>SpD</em><br>122</span> <span class="col statcol"><em>Spe</em><br>91</span> </span></li><li style="clear: both"></li></ul></div><div class="spacer battle-history"><br></div><div class="battle-history">The opposing Dragonite used <strong>Roost</strong>!<br></div><div class="battle-history"><small>The opposing Dragonite had its HP restored.</small><br></div><div class="spacer battle-history"><br></div><div class="battle-history">Excadrill used <strong>Rock Slide</strong>!<br></div><div class="battle-history"><small>(The opposing Dragonite lost 53% of its health!)</small><br></div><div class="battle-history"><small>Excadrill lost some of its HP!</small><br></div><div class="spacer battle-history"><br></div><h2 class="battle-history">Turn 23</h2><div class="chat chatmessage-h2opulse"><strong style="color:#6e8c2b"><small>☆</small><span class="username" data-name="H2OPulse">H2OPulse</span>:</strong> <em>Yeah I don't think I can win this :'D</em></div><div class="spacer battle-history"><br></div><div class="battle-history">The opposing Dragonite used <strong>Dragon Dance</strong>!<br></div><div class="battle-history"><small>The opposing Dragonite's Attack rose!</small><br></div><div class="battle-history"><small>The opposing Dragonite's Speed rose!</small><br></div><div class="spacer battle-history"><br></div><div class="battle-history">Excadrill used <strong>Rock Slide</strong>!<br></div><div class="battle-history"><small>It's super effective!</small><br></div><div class="battle-history"><small>(The opposing Dragonite lost 38% of its health!)</small><br></div><div class="battle-history"><small>Excadrill lost some of its HP!</small><br></div><div class="spacer battle-history"><br></div><div class="battle-history">The opposing Dragonite fainted!<br></div><div class="spacer battle-history"><br></div><div class="battle-history">H2OPulse sent out <strong>Empoleon</strong>!<br></div><div class="battle-history"><small>Pointed stones dug into the opposing Empoleon!</small><br></div><div class="spacer battle-history"><br></div><h2 class="battle-history">Turn 24</h2><div class="chat chatmessage-inkbug1 mine"><strong style="color:#e46e0f"><small>☆</small><span class="username" data-name="inkbug1">inkbug1</span>:</strong> <em>thaaats fair</em></div><div class="chat chatmessage-h2opulse"><strong style="color:#6e8c2b"><small>☆</small><span class="username" data-name="H2OPulse">H2OPulse</span>:</strong> <em>Good game!!!!</em></div><div class="spacer battle-history"><br></div><div class="battle-history">Excadrill used <strong>Earthquake</strong>!<br></div><div class="battle-history"><small>It's super effective!</small><br></div><div class="battle-history"><small>(The opposing Empoleon lost 30% of its health!)</small><br></div><div class="battle-history"><small>Excadrill lost some of its HP!</small><br></div><div class="spacer battle-history"><br></div><div class="battle-history">The opposing Empoleon fainted!<br></div><div class="chat chatmessage-inkbug1 mine"><strong style="color:#e46e0f"><small>☆</small><span class="username" data-name="inkbug1">inkbug1</span>:</strong> <em>its ok excadrill is basically cheating anyways</em></div><div class="spacer battle-history"><br></div><div class="battle-history">H2OPulse sent out <strong>Coalossal</strong>!<br></div><div class="spacer battle-history"><br></div><h2 class="battle-history">Turn 25</h2><div class="spacer battle-history"><br></div><div class="battle-history">Excadrill used <strong>Earthquake</strong>!<br></div><div class="battle-history"><small>It's super effective!</small><br></div><div class="battle-history"><small>(The opposing Coalossal lost 31% of its health!)</small><br></div><div class="battle-history"><small>Excadrill lost some of its HP!</small><br></div><div class="spacer battle-history"><br></div><div class="battle-history">The opposing Coalossal fainted!<br></div><div class="spacer battle-history"><br></div><div class="battle-history"><strong>inkbug1</strong> won the battle!<br></div><div class="chat chatmessage-h2opulse"><strong style="color:#6e8c2b"><small>☆</small><span class="username" data-name="H2OPulse">H2OPulse</span>:</strong> <em><s>You say that like I didn't have a Mega Dragonite</s></em></div><div class="chat chatmessage-h2opulse"><strong style="color:#6e8c2b"><small>☆</small><span class="username" data-name="H2OPulse">H2OPulse</span>:</strong> <em>Good game!!!</em></div><div class="chat chatmessage-inkbug1 mine"><strong style="color:#e46e0f"><small>☆</small><span class="username" data-name="inkbug1">inkbug1</span>:</strong> <em>fair,,,</em></div><div class="chat"><small> BlaueBrause left</small></div><div class="chat chatmessage-inkbug1 mine"><strong style="color:#e46e0f"><small>☆</small><span class="username" data-name="inkbug1">inkbug1</span>:</strong> <em>gg! </em></div></div><div class="inner-preempt message-log"></div></div></div>
</div>
<script>
let daily = Math.floor(Date.now()/1000/60/60/24);document.write('<script src="https://play.pokemonshowdown.com/js/replay-embed.js?version'+daily+'"></'+'script>');
</script>
