<!DOCTYPE html>
<meta charset="utf-8" />
<!-- version 1 -->
<title>[Gen 8] Megas for All replay: pupugugu vs. Testes do bos.</title>
<style>
html,body {font-family:Verdana, sans-serif;font-size:10pt;margin:0;padding:0;}body{padding:12px 0;} .battle-log {font-family:Verdana, sans-serif;font-size:10pt;} .battle-log-inline {border:1px solid #AAAAAA;background:#EEF2F5;color:black;max-width:640px;margin:0 auto 80px;padding-bottom:5px;} .battle-log .inner {padding:4px 8px 0px 8px;} .battle-log .inner-preempt {padding:0 8px 4px 8px;} .battle-log .inner-after {margin-top:0.5em;} .battle-log h2 {margin:0.5em -8px;padding:4px 8px;border:1px solid #AAAAAA;background:#E0E7EA;border-left:0;border-right:0;font-family:Verdana, sans-serif;font-size:13pt;} .battle-log .chat {vertical-align:middle;padding:3px 0 3px 0;font-size:8pt;} .battle-log .chat strong {color:#40576A;} .battle-log .chat em {padding:1px 4px 1px 3px;color:#000000;font-style:normal;} .chat.mine {background:rgba(0,0,0,0.05);margin-left:-8px;margin-right:-8px;padding-left:8px;padding-right:8px;} .spoiler {color:#BBBBBB;background:#BBBBBB;padding:0px 3px;} .spoiler:hover, .spoiler:active, .spoiler-shown {color:#000000;background:#E2E2E2;padding:0px 3px;} .spoiler a {color:#BBBBBB;} .spoiler:hover a, .spoiler:active a, .spoiler-shown a {color:#2288CC;} .chat code, .chat .spoiler:hover code, .chat .spoiler:active code, .chat .spoiler-shown code {border:1px solid #C0C0C0;background:#EEEEEE;color:black;padding:0 2px;} .chat .spoiler code {border:1px solid #CCCCCC;background:#CCCCCC;color:#CCCCCC;} .battle-log .rated {padding:3px 4px;} .battle-log .rated strong {color:white;background:#89A;padding:1px 4px;border-radius:4px;} .spacer {margin-top:0.5em;} .message-announce {background:#6688AA;color:white;padding:1px 4px 2px;} .message-announce a, .broadcast-green a, .broadcast-blue a, .broadcast-red a {color:#DDEEFF;} .broadcast-green {background-color:#559955;color:white;padding:2px 4px;} .broadcast-blue {background-color:#6688AA;color:white;padding:2px 4px;} .infobox {border:1px solid #6688AA;padding:2px 4px;} .infobox-limited {max-height:200px;overflow:auto;overflow-x:hidden;} .broadcast-red {background-color:#AA5544;color:white;padding:2px 4px;} .message-learn-canlearn {font-weight:bold;color:#228822;text-decoration:underline;} .message-learn-cannotlearn {font-weight:bold;color:#CC2222;text-decoration:underline;} .message-effect-weak {font-weight:bold;color:#CC2222;} .message-effect-resist {font-weight:bold;color:#6688AA;} .message-effect-immune {font-weight:bold;color:#666666;} .message-learn-list {margin-top:0;margin-bottom:0;} .message-throttle-notice, .message-error {color:#992222;} .message-overflow, .chat small.message-overflow {font-size:0pt;} .message-overflow::before {font-size:9pt;content:'...';} .subtle {color:#3A4A66;}
</style>
<div class="wrapper replay-wrapper" style="max-width:1180px;margin:0 auto">
<input type="hidden" name="replayid" value="gen8megasforall-1318557282" />
<div class="battle"></div><div class="battle-log"></div><div class="replay-controls"></div><div class="replay-controls-2"></div>
<h1 style="font-weight:normal;text-align:center"><strong>[Gen 8] Megas for All</strong><br /><a href="http://pokemonshowdown.com/users/pupugugu" class="subtle" target="_blank">pupugugu</a> vs. <a href="http://pokemonshowdown.com/users/testesdobos" class="subtle" target="_blank">Testes do bos.</a></h1>
<script type="text/plain" class="battle-log-data">|j|☆pupugugu
|j|☆Testes do bos.
|t:|1618012191
|gametype|singles
|player|p1|pupugugu|psychicf|
|player|p2|Testes do bos.|bugcatcher|
|teamsize|p1|6
|teamsize|p2|6
|gen|8
|tier|[Gen 8] Megas for All
|clearpoke
|poke|p1|Empoleon, M|
|poke|p1|Gliscor, F|
|poke|p1|Latios, M|
|poke|p1|Marowak-Alola, F|
|poke|p1|Moltres-Galar|
|poke|p1|Heliolisk, F|
|poke|p2|Meowstic-F, F|
|poke|p2|Heatran, F|
|poke|p2|Hoopa-Unbound|
|poke|p2|Weezing-Galar, M|
|poke|p2|Porygon2|
|poke|p2|Bronzong|
|rule|HP Percentage Mod: HP is shown in percentages
|rule|Endless Battle Clause: Forcing endless battles is banned
|rule|OHKO Clause: OHKO moves are banned
|rule|Evasion Moves Clause: Evasion moves are banned
|rule|Species Clause: Limit one of each Pokémon
|rule|Dynamax Clause: You cannot dynamax
|rule|Sleep Clause Mod: Limit one foe put to sleep
|rule|Freeze Clause Mod: Limit one foe frozen
|raw|<img src="https:\/\/www.smogon.com\/forums\/attachments\/banner_2-png.302358\/" height="65" width="381">
|-message|Welcome to Megas for All!
|-message|This is a National Dex-based format where we aim to give a new Mega Evolution to every Pokémon.
|-message|Just like any official format, you can still only Mega Evolve one Pokémon per team!
|-message|You can find our thread and metagame resources here:
|-message|https:\/\/www.smogon.com\/forums\/threads\/3671140\/
|teampreview
|
|t:|1618012210
|start
|switch|p1a: Hyperion|Heliolisk, F|100\/100
|switch|p2a: Porygon2|Porygon2|100\/100
|-ability|p2a: Porygon2|Dry Skin|[from] ability: Trace|[of] p1a: Hyperion
|turn|1
|
|t:|1618012227
|move|p1a: Hyperion|Volt Switch|p2a: Porygon2
|-damage|p2a: Porygon2|87\/100
|
|t:|1618012229
|switch|p1a: Kamehameha|Marowak-Alola, F|100\/100|[from]move: Volt Switch
|move|p2a: Porygon2|Ice Beam|p1a: Kamehameha
|-resisted|p1a: Kamehameha
|-damage|p1a: Kamehameha|87\/100
|
|upkeep
|turn|2
|
|t:|1618012237
|move|p2a: Porygon2|Toxic|p1a: Kamehameha
|-status|p1a: Kamehameha|tox
|move|p1a: Kamehameha|Toxic|p2a: Porygon2
|-status|p2a: Porygon2|tox
|
|-damage|p2a: Porygon2|80\/100 tox|[from] psn
|-damage|p1a: Kamehameha|81\/100 tox|[from] psn
|upkeep
|turn|3
|
|t:|1618012252
|switch|p2a: Heatran|Heatran, F|100\/100
|move|p1a: Kamehameha|Stealth Rock|p2a: Heatran
|-sidestart|p2: Testes do bos.|move: Stealth Rock
|
|-damage|p1a: Kamehameha|69\/100 tox|[from] psn
|upkeep
|turn|4
|
|t:|1618012267
|switch|p2a: Weezing|Weezing-Galar, M|100\/100
|-damage|p2a: Weezing|88\/100|[from] Stealth Rock
|switch|p1a: Qinglong|Latios, M|100\/100
|
|upkeep
|turn|5
|
|t:|1618012277
|switch|p2a: Bronzong|Bronzong|100\/100
|-damage|p2a: Bronzong|94\/100|[from] Stealth Rock
|move|p1a: Qinglong|Psychic|p2a: Bronzong
|-resisted|p2a: Bronzong
|-damage|p2a: Bronzong|85\/100
|-damage|p1a: Qinglong|91\/100|[from] item: Life Orb
|
|-heal|p2a: Bronzong|91\/100|[from] item: Leftovers
|upkeep
|turn|6
|
|t:|1618012291
|switch|p1a: Kamehameha|Marowak-Alola, F|69\/100 tox
|move|p2a: Bronzong|Earthquake|p1a: Kamehameha
|-supereffective|p1a: Kamehameha
|-damage|p1a: Kamehameha|31\/100 tox
|
|-heal|p2a: Bronzong|98\/100|[from] item: Leftovers
|-damage|p1a: Kamehameha|25\/100 tox|[from] psn
|upkeep
|turn|7
|
|t:|1618012308
|switch|p2a: Heatran|Heatran, F|100\/100
|-damage|p2a: Heatran|88\/100|[from] Stealth Rock
|move|p1a: Kamehameha|Poltergeist|p2a: Heatran
|-activate|p2a: Heatran|move: Poltergeist|Firium Z
|-damage|p2a: Heatran|4\/100
|
|-damage|p1a: Kamehameha|13\/100 tox|[from] psn
|upkeep
|turn|8
|
|t:|1618012332
|switch|p1a: Qinglong|Latios, M|91\/100
|-zpower|p2a: Heatran
|move|p2a: Heatran|Inferno Overdrive|p1a: Qinglong|[zeffect]
|-resisted|p1a: Qinglong
|-damage|p1a: Qinglong|38\/100
|
|upkeep
|turn|9
|
|t:|1618012345
|move|p1a: Qinglong|Roost|p1a: Qinglong
|-heal|p1a: Qinglong|88\/100
|-singleturn|p1a: Qinglong|move: Roost
|move|p2a: Heatran|Stealth Rock|p1a: Qinglong
|-sidestart|p1: pupugugu|move: Stealth Rock
|
|upkeep
|turn|10
|
|t:|1618012354
|move|p1a: Qinglong|Psychic|p2a: Heatran
|-resisted|p2a: Heatran
|-damage|p2a: Heatran|0 fnt
|-damage|p1a: Qinglong|78\/100|[from] item: Life Orb
|faint|p2a: Heatran
|
|upkeep
|
|t:|1618012371
|switch|p2a: Meowstic|Meowstic-F, F|100\/100
|-damage|p2a: Meowstic|88\/100|[from] Stealth Rock
|turn|11
|
|t:|1618012380
|switch|p1a: Neptune|Empoleon, M|100\/100
|-damage|p1a: Neptune|94\/100|[from] Stealth Rock
|detailschange|p2a: Meowstic|Meowstic-F-Mega, F
|-mega|p2a: Meowstic|Meowstic|Meowsticite
|-ability|p2a: Meowstic|Fairy Aura
|-start|p2a: Meowstic|typechange|Psychic\/Fairy|[silent]
|raw|<ul class="utilichart"><li class="result"><span class="col pokemonnamecol" style="white-space: nowrap">Meowstic-F-Mega<\/span> <span class="col typecol"><img src="https:\/\/play.pokemonshowdown.com\/sprites\/types\/Psychic.png" alt="Psychic" height="14" width="32"><img src="https:\/\/play.pokemonshowdown.com\/sprites\/types\/Fairy.png" alt="Fairy" height="14" width="32"><\/span> <span style="float: left ; min-height: 26px"><span class="col abilitycol">Fairy Aura<\/span><span class="col abilitycol"><\/span><\/span><span style="float: left ; min-height: 26px"><span class="col statcol"><em>HP<\/em><br>74<\/span> <span class="col statcol"><em>Atk<\/em><br>48<\/span> <span class="col statcol"><em>Def<\/em><br>91<\/span> <span class="col statcol"><em>SpA<\/em><br>133<\/span> <span class="col statcol"><em>SpD<\/em><br>96<\/span> <span class="col statcol"><em>Spe<\/em><br>124<\/span> <\/span><\/li><li style="clear: both"><\/li><\/ul>
|move|p2a: Meowstic|Moonblast|p1a: Neptune
|-resisted|p1a: Neptune
|-damage|p1a: Neptune|74\/100
|
|upkeep
|turn|12
|
|t:|1618012396
|switch|p2a: Bronzong|Bronzong|98\/100
|-damage|p2a: Bronzong|91\/100|[from] Stealth Rock
|detailschange|p1a: Neptune|Empoleon-Mega, M
|-mega|p1a: Neptune|Empoleon|Empoleonite
|-start|p1a: Neptune|typechange|Water\/Steel|[silent]
|raw|<ul class="utilichart"><li class="result"><span class="col pokemonnamecol" style="white-space: nowrap">Empoleon-Mega<\/span> <span class="col typecol"><img src="https:\/\/play.pokemonshowdown.com\/sprites\/types\/Water.png" alt="Water" height="14" width="32"><img src="https:\/\/play.pokemonshowdown.com\/sprites\/types\/Steel.png" alt="Steel" height="14" width="32"><\/span> <span style="float: left ; min-height: 26px"><span class="col abilitycol">Lightning Rod<\/span><span class="col abilitycol"><\/span><\/span><span style="float: left ; min-height: 26px"><span class="col statcol"><em>HP<\/em><br>84<\/span> <span class="col statcol"><em>Atk<\/em><br>86<\/span> <span class="col statcol"><em>Def<\/em><br>103<\/span> <span class="col statcol"><em>SpA<\/em><br>131<\/span> <span class="col statcol"><em>SpD<\/em><br>141<\/span> <span class="col statcol"><em>Spe<\/em><br>85<\/span> <\/span><\/li><li style="clear: both"><\/li><\/ul>
|move|p1a: Neptune|Flash Cannon|p2a: Bronzong
|-resisted|p2a: Bronzong
|-damage|p2a: Bronzong|80\/100
|
|-heal|p2a: Bronzong|87\/100|[from] item: Leftovers
|upkeep
|turn|13
|
|t:|1618012415
|move|p1a: Neptune|Haze|p1a: Neptune
|-clearallboost
|move|p2a: Bronzong|Earthquake|p1a: Neptune
|-supereffective|p1a: Neptune
|-damage|p1a: Neptune|35\/100
|
|-heal|p2a: Bronzong|93\/100|[from] item: Leftovers
|upkeep
|turn|14
|
|t:|1618012427
|move|p1a: Neptune|Roost|p1a: Neptune
|-heal|p1a: Neptune|85\/100
|-singleturn|p1a: Neptune|move: Roost
|move|p2a: Bronzong|Earthquake|p1a: Neptune
|-supereffective|p1a: Neptune
|-crit|p1a: Neptune
|-damage|p1a: Neptune|30\/100
|
|-heal|p2a: Bronzong|99\/100|[from] item: Leftovers
|upkeep
|turn|15
|
|t:|1618012439
|move|p1a: Neptune|Roost|p1a: Neptune
|-heal|p1a: Neptune|80\/100
|-singleturn|p1a: Neptune|move: Roost
|move|p2a: Bronzong|Body Press|p1a: Neptune
|-supereffective|p1a: Neptune
|-damage|p1a: Neptune|42\/100
|
|-heal|p2a: Bronzong|100\/100|[from] item: Leftovers
|upkeep
|turn|16
|
|t:|1618012450
|move|p1a: Neptune|Roost|p1a: Neptune
|-heal|p1a: Neptune|92\/100
|-singleturn|p1a: Neptune|move: Roost
|move|p2a: Bronzong|Earthquake|p1a: Neptune
|-supereffective|p1a: Neptune
|-damage|p1a: Neptune|52\/100
|
|upkeep
|turn|17
|
|t:|1618012457
|move|p1a: Neptune|Roost|p1a: Neptune
|-heal|p1a: Neptune|100\/100
|-singleturn|p1a: Neptune|move: Roost
|move|p2a: Bronzong|Earthquake|p1a: Neptune
|-supereffective|p1a: Neptune
|-damage|p1a: Neptune|60\/100
|
|upkeep
|turn|18
|
|t:|1618012464
|switch|p1a: Moltres|Moltres-Galar|100\/100
|move|p2a: Bronzong|Body Press|p1a: Moltres
|-damage|p1a: Moltres|79\/100
|
|upkeep
|turn|19
|
|t:|1618012482
|switch|p2a: Porygon2|Porygon2|80\/100 tox
|-damage|p2a: Porygon2|68\/100 tox|[from] Stealth Rock
|-ability|p2a: Porygon2|Berserk|[from] ability: Trace|[of] p1a: Moltres
|move|p1a: Moltres|Fiery Wrath|p2a: Porygon2
|-damage|p2a: Porygon2|52\/100 tox
|
|-damage|p2a: Porygon2|46\/100 tox|[from] psn
|upkeep
|turn|20
|
|t:|1618012494
|move|p1a: Moltres|U-turn|p2a: Porygon2
|-crit|p2a: Porygon2
|-damage|p2a: Porygon2|32\/100 tox
|
|t:|1618012496
|switch|p1a: Neptune|Empoleon-Mega, M|60\/100|[from]move: U-turn
|-start|p1a: Neptune|typechange|Water\/Steel|[silent]
|-damage|p1a: Neptune|54\/100|[from] Stealth Rock
|move|p2a: Porygon2|Recover|p2a: Porygon2
|-heal|p2a: Porygon2|82\/100 tox
|
|-damage|p2a: Porygon2|70\/100 tox|[from] psn
|upkeep
|turn|21
|
|t:|1618012508
|move|p1a: Neptune|Roost|p1a: Neptune
|-heal|p1a: Neptune|100\/100
|-singleturn|p1a: Neptune|move: Roost
|move|p2a: Porygon2|Teleport|p2a: Porygon2
|
|t:|1618012514
|switch|p2a: Hoopa|Hoopa-Unbound|100\/100|[from]move: Teleport
|-damage|p2a: Hoopa|88\/100|[from] Stealth Rock
|
|upkeep
|turn|22
|
|t:|1618012521
|switch|p1a: Vlad Dracula|Gliscor, F|100\/100
|-damage|p1a: Vlad Dracula|88\/100|[from] Stealth Rock
|move|p2a: Hoopa|Hyperspace Fury|p1a: Vlad Dracula
|-damage|p1a: Vlad Dracula|17\/100
|-unboost|p2a: Hoopa|def|1
|
|-status|p1a: Vlad Dracula|tox|[from] item: Toxic Orb
|upkeep
|turn|23
|
|t:|1618012536
|switch|p2a: Meowstic|Meowstic-F-Mega, F|88\/100
|-start|p2a: Meowstic|typechange|Psychic\/Fairy|[silent]
|-damage|p2a: Meowstic|76\/100|[from] Stealth Rock
|-ability|p2a: Meowstic|Fairy Aura
|move|p1a: Vlad Dracula|U-turn|p2a: Meowstic
|-damage|p2a: Meowstic|58\/100
|
|t:|1618012545
|switch|p1a: Neptune|Empoleon-Mega, M|100\/100|[from]move: U-turn
|-start|p1a: Neptune|typechange|Water\/Steel|[silent]
|-damage|p1a: Neptune|94\/100|[from] Stealth Rock
|
|upkeep
|turn|24
|inactive|Battle timer is ON: inactive players will automatically lose when time's up. (requested by Testes do bos.)
|
|t:|1618012559
|switch|p2a: Porygon2|Porygon2|70\/100 tox
|-damage|p2a: Porygon2|58\/100 tox|[from] Stealth Rock
|-ability|p2a: Porygon2|Lightning Rod|[from] ability: Trace|[of] p1a: Neptune
|move|p1a: Neptune|Flip Turn|p2a: Porygon2
|-damage|p2a: Porygon2|47\/100 tox
|
|t:|1618012578
|switch|p1a: Qinglong|Latios, M|78\/100|[from]move: Flip Turn
|-damage|p1a: Qinglong|66\/100|[from] Stealth Rock
|
|-damage|p2a: Porygon2|41\/100 tox|[from] psn
|upkeep
|turn|25
|
|t:|1618012586
|move|p1a: Qinglong|Earthquake|p2a: Porygon2
|-damage|p2a: Porygon2|23\/100 tox
|-damage|p1a: Qinglong|56\/100|[from] item: Life Orb
|move|p2a: Porygon2|Recover|p2a: Porygon2
|-heal|p2a: Porygon2|73\/100 tox
|
|-damage|p2a: Porygon2|61\/100 tox|[from] psn
|upkeep
|turn|26
|
|t:|1618012596
|move|p1a: Qinglong|Roost|p1a: Qinglong
|-heal|p1a: Qinglong|100\/100
|-singleturn|p1a: Qinglong|move: Roost
|move|p2a: Porygon2|Recover|p2a: Porygon2
|-heal|p2a: Porygon2|100\/100 tox
|
|-damage|p2a: Porygon2|82\/100 tox|[from] psn
|upkeep
|turn|27
|
|t:|1618012606
|move|p1a: Qinglong|Psychic|p2a: Porygon2
|-damage|p2a: Porygon2|55\/100 tox
|-damage|p1a: Qinglong|91\/100|[from] item: Life Orb
|move|p2a: Porygon2|Teleport|p2a: Porygon2
|
|t:|1618012614
|switch|p2a: Meowstic|Meowstic-F-Mega, F|58\/100|[from]move: Teleport
|-damage|p2a: Meowstic|45\/100|[from] Stealth Rock
|-start|p2a: Meowstic|typechange|Psychic\/Fairy|[silent]
|-ability|p2a: Meowstic|Fairy Aura
|
|upkeep
|turn|28
|
|t:|1618012626
|switch|p2a: Hoopa|Hoopa-Unbound|88\/100
|-damage|p2a: Hoopa|76\/100|[from] Stealth Rock
|switch|p1a: Neptune|Empoleon-Mega, M|94\/100
|-damage|p1a: Neptune|88\/100|[from] Stealth Rock
|-start|p1a: Neptune|typechange|Water\/Steel|[silent]
|
|upkeep
|turn|29
|
|t:|1618012641
|switch|p1a: Moltres|Moltres-Galar|79\/100
|move|p2a: Hoopa|Drain Punch|p1a: Moltres
|-damage|p1a: Moltres|28\/100
|-heal|p2a: Hoopa|100\/100|[from] drain|[of] p1a: Moltres
|-ability|p1a: Moltres|Berserk|boost
|-boost|p1a: Moltres|spa|1
|
|upkeep
|turn|30
|
|t:|1618012657
|switch|p2a: Porygon2|Porygon2|55\/100 tox
|-damage|p2a: Porygon2|43\/100 tox|[from] Stealth Rock
|-ability|p2a: Porygon2|Berserk|[from] ability: Trace|[of] p1a: Moltres
|move|p1a: Moltres|U-turn|p2a: Porygon2
|-damage|p2a: Porygon2|34\/100 tox
|
|t:|1618012667
|switch|p1a: Qinglong|Latios, M|91\/100|[from]move: U-turn
|-damage|p1a: Qinglong|78\/100|[from] Stealth Rock
|
|-damage|p2a: Porygon2|28\/100 tox|[from] psn
|upkeep
|turn|31
|
|t:|1618012676
|move|p1a: Qinglong|Draco Meteor|p2a: Porygon2
|-damage|p2a: Porygon2|0 fnt
|-unboost|p1a: Qinglong|spa|2
|-damage|p1a: Qinglong|68\/100|[from] item: Life Orb
|faint|p2a: Porygon2
|
|upkeep
|inactive|Testes do bos. has 270 seconds left.
|
|t:|1618012704
|switch|p2a: Hoopa|Hoopa-Unbound|100\/100
|-damage|p2a: Hoopa|88\/100|[from] Stealth Rock
|turn|32
|
|t:|1618012713
|move|p1a: Qinglong|Earthquake|p2a: Hoopa
|-damage|p2a: Hoopa|38\/100
|-damage|p1a: Qinglong|58\/100|[from] item: Life Orb
|move|p2a: Hoopa|Hyperspace Fury|p1a: Qinglong
|-supereffective|p1a: Qinglong
|-damage|p1a: Qinglong|0 fnt
|-unboost|p2a: Hoopa|def|1
|faint|p1a: Qinglong
|
|upkeep
|
|t:|1618012720
|switch|p1a: Moltres|Moltres-Galar|28\/100
|turn|33
|
|t:|1618012729
|switch|p2a: Weezing|Weezing-Galar, M|88\/100
|-damage|p2a: Weezing|76\/100|[from] Stealth Rock
|move|p1a: Moltres|U-turn|p2a: Weezing
|-resisted|p2a: Weezing
|-damage|p2a: Weezing|74\/100
|
|t:|1618012731
|switch|p1a: Vlad Dracula|Gliscor, F|17\/100 tox|[from]move: U-turn
|-damage|p1a: Vlad Dracula|5\/100 tox|[from] Stealth Rock
|
|-heal|p1a: Vlad Dracula|17\/100 tox|[from] ability: Poison Heal
|upkeep
|turn|34
|
|t:|1618012747
|switch|p2a: Meowstic|Meowstic-F-Mega, F|45\/100
|-damage|p2a: Meowstic|33\/100|[from] Stealth Rock
|-start|p2a: Meowstic|typechange|Psychic\/Fairy|[silent]
|-ability|p2a: Meowstic|Fairy Aura
|move|p1a: Vlad Dracula|Roost|p1a: Vlad Dracula
|-heal|p1a: Vlad Dracula|67\/100 tox
|-singleturn|p1a: Vlad Dracula|move: Roost
|
|-heal|p1a: Vlad Dracula|80\/100 tox|[from] ability: Poison Heal
|upkeep
|turn|35
|
|t:|1618012771
|switch|p2a: Hoopa|Hoopa-Unbound|38\/100
|-damage|p2a: Hoopa|26\/100|[from] Stealth Rock
|move|p1a: Vlad Dracula|Roost|p1a: Vlad Dracula
|-heal|p1a: Vlad Dracula|100\/100 tox
|-singleturn|p1a: Vlad Dracula|move: Roost
|
|upkeep
|turn|36
|
|t:|1618012783
|switch|p2a: Weezing|Weezing-Galar, M|74\/100
|-damage|p2a: Weezing|61\/100|[from] Stealth Rock
|move|p1a: Vlad Dracula|U-turn|p2a: Weezing
|-resisted|p2a: Weezing
|-damage|p2a: Weezing|59\/100
|
|t:|1618012789
|switch|p1a: Neptune|Empoleon-Mega, M|88\/100|[from]move: U-turn
|-damage|p1a: Neptune|82\/100|[from] Stealth Rock
|-start|p1a: Neptune|typechange|Water\/Steel|[silent]
|
|upkeep
|turn|37
|
|t:|1618012803
|move|p1a: Neptune|Flash Cannon|p2a: Weezing
|-supereffective|p2a: Weezing
|-damage|p2a: Weezing|0 fnt
|faint|p2a: Weezing
|
|upkeep
|
|t:|1618012809
|switch|p2a: Hoopa|Hoopa-Unbound|26\/100
|-damage|p2a: Hoopa|13\/100|[from] Stealth Rock
|turn|38
|
|t:|1618012814
|switch|p1a: Kamehameha|Marowak-Alola, F|13\/100 tox
|-damage|p1a: Kamehameha|0 fnt|[from] Stealth Rock
|faint|p1a: Kamehameha
|move|p2a: Hoopa|Ice Punch|p1: Kamehameha|[notarget]
|-fail|p2a: Hoopa
|
|upkeep
|
|t:|1618012816
|switch|p1a: Hyperion|Heliolisk, F|100\/100
|-damage|p1a: Hyperion|88\/100|[from] Stealth Rock
|turn|39
|
|t:|1618012825
|switch|p2a: Bronzong|Bronzong|100\/100
|-damage|p2a: Bronzong|94\/100|[from] Stealth Rock
|move|p1a: Hyperion|Thunderbolt|p2a: Bronzong
|-damage|p2a: Bronzong|66\/100
|
|-heal|p2a: Bronzong|72\/100|[from] item: Leftovers
|upkeep
|turn|40
|
|t:|1618012842
|switch|p1a: Vlad Dracula|Gliscor, F|100\/100 tox
|-damage|p1a: Vlad Dracula|88\/100 tox|[from] Stealth Rock
|move|p2a: Bronzong|Body Press|p1a: Vlad Dracula
|-resisted|p1a: Vlad Dracula
|-damage|p1a: Vlad Dracula|80\/100 tox
|
|-heal|p2a: Bronzong|78\/100|[from] item: Leftovers
|-heal|p1a: Vlad Dracula|92\/100 tox|[from] ability: Poison Heal
|upkeep
|turn|41
|
|t:|1618012857
|move|p1a: Vlad Dracula|U-turn|p2a: Bronzong
|-damage|p2a: Bronzong|64\/100
|
|t:|1618012860
|switch|p1a: Neptune|Empoleon-Mega, M|82\/100|[from]move: U-turn
|-start|p1a: Neptune|typechange|Water\/Steel|[silent]
|-damage|p1a: Neptune|76\/100|[from] Stealth Rock
|move|p2a: Bronzong|Body Press|p1a: Neptune
|-supereffective|p1a: Neptune
|-damage|p1a: Neptune|41\/100
|
|-heal|p2a: Bronzong|70\/100|[from] item: Leftovers
|upkeep
|turn|42
|
|t:|1618012871
|move|p1a: Neptune|Roost|p1a: Neptune
|-heal|p1a: Neptune|91\/100
|-singleturn|p1a: Neptune|move: Roost
|move|p2a: Bronzong|Body Press|p1a: Neptune
|-supereffective|p1a: Neptune
|-damage|p1a: Neptune|53\/100
|
|-heal|p2a: Bronzong|77\/100|[from] item: Leftovers
|upkeep
|turn|43
|
|t:|1618012881
|move|p1a: Neptune|Roost|p1a: Neptune
|-heal|p1a: Neptune|100\/100
|-singleturn|p1a: Neptune|move: Roost
|move|p2a: Bronzong|Body Press|p1a: Neptune
|-supereffective|p1a: Neptune
|-damage|p1a: Neptune|63\/100
|
|-heal|p2a: Bronzong|83\/100|[from] item: Leftovers
|upkeep
|turn|44
|
|t:|1618012890
|move|p1a: Neptune|Flip Turn|p2a: Bronzong
|-damage|p2a: Bronzong|67\/100
|
|t:|1618012893
|switch|p1a: Vlad Dracula|Gliscor, F|92\/100 tox|[from]move: Flip Turn
|-damage|p1a: Vlad Dracula|80\/100 tox|[from] Stealth Rock
|move|p2a: Bronzong|Earthquake|p1a: Vlad Dracula
|-immune|p1a: Vlad Dracula
|
|-heal|p2a: Bronzong|73\/100|[from] item: Leftovers
|-heal|p1a: Vlad Dracula|92\/100 tox|[from] ability: Poison Heal
|upkeep
|turn|45
|
|t:|1618012911
|move|p1a: Vlad Dracula|U-turn|p2a: Bronzong
|-damage|p2a: Bronzong|60\/100
|
|t:|1618012915
|switch|p1a: Moltres|Moltres-Galar|28\/100|[from]move: U-turn
|move|p2a: Bronzong|Heavy Slam|p1a: Moltres
|-damage|p1a: Moltres|9\/100
|
|-heal|p2a: Bronzong|66\/100|[from] item: Leftovers
|upkeep
|turn|46
|
|t:|1618012926
|switch|p2a: Meowstic|Meowstic-F-Mega, F|33\/100
|-damage|p2a: Meowstic|20\/100|[from] Stealth Rock
|-start|p2a: Meowstic|typechange|Psychic\/Fairy|[silent]
|-ability|p2a: Meowstic|Fairy Aura
|move|p1a: Moltres|Fiery Wrath|p2a: Meowstic
|-damage|p2a: Meowstic|0 fnt
|faint|p2a: Meowstic
|
|upkeep
|inactive|Testes do bos. has 270 seconds left.
|-message|Testes do bos. forfeited.
|
|win|pupugugu
|l|☆Testes do bos.
</script>
</div>
<div class="battle-log battle-log-inline"><div class="inner"><div class="battle-options"></div><div class="inner message-log"><div class="chat"><small>☆pupugugu and ☆Testes do bos. joined</small></div><div class=""><small>Format:</small> <br><strong>[Gen 8] Megas for All</strong></div><div class=""><small><em>HP Percentage Mod:</em> HP is shown in percentages</small></div><div class=""><small><em>Endless Battle Clause:</em> Forcing endless battles is banned</small></div><div class=""><small><em>OHKO Clause:</em> OHKO moves are banned</small></div><div class=""><small><em>Evasion Moves Clause:</em> Evasion moves are banned</small></div><div class=""><small><em>Species Clause:</em> Limit one of each Pokémon</small></div><div class=""><small><em>Dynamax Clause:</em> You cannot dynamax</small></div><div class=""><small><em>Sleep Clause Mod:</em> Limit one foe put to sleep</small></div><div class=""><small><em>Freeze Clause Mod:</em> Limit one foe frozen</small></div><div class="chat"><img src="https://www.smogon.com/forums/attachments/banner_2-png.302358/" height="65" width="381"></div><div class="spacer battle-history"><br></div><div class="battle-history"><small>Welcome to Megas for All!</small><br></div><div class="battle-history"><small>This is a National Dex-based format where we aim to give a new Mega Evolution to every Pokémon.</small><br></div><div class="battle-history"><small>Just like any official format, you can still only Mega Evolve one Pokémon per team!</small><br></div><div class="battle-history"><small>You can find our thread and metagame resources here:</small><br></div><div class="battle-history"><small>https://www.smogon.com/forums/threads/3671140/</small><br></div><div class="chat battle-history"><strong>pupugugu's team:</strong> <em style="color:#445566;display:block;">Empoleon / Gliscor / Latios / Marowak-Alola / Moltres-Galar / Heliolisk</em></div><div class="chat battle-history"><strong>Testes do bos.'s team:</strong> <em style="color:#445566;display:block;">Meowstic-F / Heatran / Hoopa-Unbound / Weezing-Galar / Porygon2 / Bronzong</em></div><div class="spacer battle-history"><br></div><div class="battle-history">Battle started between pupugugu and Testes do bos.!<br></div><div class="spacer battle-history"><br></div><div class="battle-history">Go! Hyperion (<strong>Heliolisk</strong>)!<br></div><div class="spacer battle-history"><br></div><div class="battle-history">Testes do bos. sent out <strong>Porygon2</strong>!<br></div><div class="battle-history">[The opposing Porygon2's Trace]<br>[The opposing Porygon2's Dry Skin]<br><small>The opposing Porygon2 traced Hyperion's Dry Skin!</small><br></div><div class="spacer battle-history"><br></div><h2 class="battle-history">Turn 1</h2><div class="spacer battle-history"><br></div><div class="battle-history">Hyperion used <strong>Volt Switch</strong>!<br></div><div class="battle-history"><small>(The opposing Porygon2 lost 13% of its health!)</small><br></div><div class="spacer battle-history"><br></div><div class="battle-history">Hyperion went back to pupugugu!<br></div><div class="battle-history">Go! Kamehameha (<strong>Marowak-Alola</strong>)!<br></div><div class="spacer battle-history"><br></div><div class="battle-history">The opposing Porygon2 used <strong>Ice Beam</strong>!<br></div><div class="battle-history"><small>It's not very effective...</small><br></div><div class="battle-history"><small>(Kamehameha lost 13% of its health!)</small><br></div><div class="spacer battle-history"><br></div><h2 class="battle-history">Turn 2</h2><div class="spacer battle-history"><br></div><div class="battle-history">The opposing Porygon2 used <strong>Toxic</strong>!<br></div><div class="battle-history"><small>Kamehameha was badly poisoned!</small><br></div><div class="spacer battle-history"><br></div><div class="battle-history">Kamehameha used <strong>Toxic</strong>!<br></div><div class="battle-history"><small>The opposing Porygon2 was badly poisoned!</small><br></div><div class="spacer battle-history"><br></div><div class="battle-history"><small>The opposing Porygon2 was hurt by poison!</small><br></div><div class="battle-history"><small>Kamehameha was hurt by poison!</small><br></div><div class="spacer battle-history"><br></div><h2 class="battle-history">Turn 3</h2><div class="spacer battle-history"><br></div><div class="battle-history">Testes do bos. withdrew Porygon2!<br></div><div class="battle-history">Testes do bos. sent out <strong>Heatran</strong>!<br></div><div class="spacer battle-history"><br></div><div class="battle-history">Kamehameha used <strong>Stealth Rock</strong>!<br></div><div class="battle-history"><small>Pointed stones float in the air around the opposing team!</small><br></div><div class="spacer battle-history"><br></div><div class="battle-history"><small>Kamehameha was hurt by poison!</small><br></div><div class="spacer battle-history"><br></div><h2 class="battle-history">Turn 4</h2><div class="spacer battle-history"><br></div><div class="battle-history">Testes do bos. withdrew Heatran!<br></div><div class="battle-history">Testes do bos. sent out Weezing (<strong>Weezing-Galar</strong>)!<br></div><div class="battle-history"><small>Pointed stones dug into the opposing Weezing!</small><br></div><div class="spacer battle-history"><br></div><div class="battle-history">Kamehameha, come back!<br></div><div class="battle-history">Go! Qinglong (<strong>Latios</strong>)!<br></div><div class="spacer battle-history"><br></div><h2 class="battle-history">Turn 5</h2><div class="spacer battle-history"><br></div><div class="battle-history">Testes do bos. withdrew Weezing!<br></div><div class="battle-history">Testes do bos. sent out <strong>Bronzong</strong>!<br></div><div class="battle-history"><small>Pointed stones dug into the opposing Bronzong!</small><br></div><div class="spacer battle-history"><br></div><div class="battle-history">Qinglong used <strong>Psychic</strong>!<br></div><div class="battle-history"><small>It's not very effective...</small><br></div><div class="battle-history"><small>(The opposing Bronzong lost 9% of its health!)</small><br></div><div class="battle-history"><small>Qinglong lost some of its HP!</small><br></div><div class="spacer battle-history"><br></div><div class="battle-history"><small>The opposing Bronzong restored a little HP using its Leftovers!</small><br></div><div class="spacer battle-history"><br></div><h2 class="battle-history">Turn 6</h2><div class="spacer battle-history"><br></div><div class="battle-history">Qinglong, come back!<br></div><div class="battle-history">Go! Kamehameha (<strong>Marowak-Alola</strong>)!<br></div><div class="spacer battle-history"><br></div><div class="battle-history">The opposing Bronzong used <strong>Earthquake</strong>!<br></div><div class="battle-history"><small>It's super effective!</small><br></div><div class="battle-history"><small>(Kamehameha lost 38% of its health!)</small><br></div><div class="spacer battle-history"><br></div><div class="battle-history"><small>The opposing Bronzong restored a little HP using its Leftovers!</small><br></div><div class="battle-history"><small>Kamehameha was hurt by poison!</small><br></div><div class="spacer battle-history"><br></div><h2 class="battle-history">Turn 7</h2><div class="spacer battle-history"><br></div><div class="battle-history">Testes do bos. withdrew Bronzong!<br></div><div class="battle-history">Testes do bos. sent out <strong>Heatran</strong>!<br></div><div class="battle-history"><small>Pointed stones dug into the opposing Heatran!</small><br></div><div class="spacer battle-history"><br></div><div class="battle-history">Kamehameha used <strong>Poltergeist</strong>!<br></div><div class="battle-history"><small>The opposing Heatran is about to be attacked by its Firium Z!</small><br></div><div class="battle-history"><small>(The opposing Heatran lost 84% of its health!)</small><br></div><div class="spacer battle-history"><br></div><div class="battle-history"><small>Kamehameha was hurt by poison!</small><br></div><div class="spacer battle-history"><br></div><h2 class="battle-history">Turn 8</h2><div class="spacer battle-history"><br></div><div class="battle-history">Kamehameha, come back!<br></div><div class="battle-history">Go! Qinglong (<strong>Latios</strong>)!<br></div><div class="battle-history"><small>The opposing Heatran surrounded itself with its Z-Power!</small><br></div><div class="spacer battle-history"><br></div><div class="battle-history"><small>The opposing Heatran unleashes its full-force Z-Move!</small><br>The opposing Heatran used <strong>Inferno Overdrive</strong>!<br></div><div class="battle-history"><small>It's not very effective...</small><br></div><div class="battle-history"><small>(Qinglong lost 53% of its health!)</small><br></div><div class="spacer battle-history"><br></div><h2 class="battle-history">Turn 9</h2><div class="spacer battle-history"><br></div><div class="battle-history">Qinglong used <strong>Roost</strong>!<br></div><div class="battle-history"><small>Qinglong had its HP restored.</small><br></div><div class="spacer battle-history"><br></div><div class="battle-history">The opposing Heatran used <strong>Stealth Rock</strong>!<br></div><div class="battle-history"><small>Pointed stones float in the air around your team!</small><br></div><div class="spacer battle-history"><br></div><h2 class="battle-history">Turn 10</h2><div class="spacer battle-history"><br></div><div class="battle-history">Qinglong used <strong>Psychic</strong>!<br></div><div class="battle-history"><small>It's not very effective...</small><br></div><div class="battle-history"><small>(The opposing Heatran lost 4% of its health!)</small><br></div><div class="battle-history"><small>Qinglong lost some of its HP!</small><br></div><div class="spacer battle-history"><br></div><div class="battle-history">The opposing Heatran fainted!<br></div><div class="spacer battle-history"><br></div><div class="battle-history">Testes do bos. sent out Meowstic (<strong>Meowstic-F</strong>)!<br></div><div class="battle-history"><small>Pointed stones dug into the opposing Meowstic!</small><br></div><div class="spacer battle-history"><br></div><h2 class="battle-history">Turn 11</h2><div class="spacer battle-history"><br></div><div class="battle-history">Qinglong, come back!<br></div><div class="battle-history">Go! Neptune (<strong>Empoleon</strong>)!<br></div><div class="battle-history"><small>Pointed stones dug into Neptune!</small><br></div><div class="spacer battle-history"><br></div><div class="battle-history"><small>The opposing Meowstic's Meowsticite is reacting to the Key Stone!</small><br>The opposing Meowstic has Mega Evolved into Mega Meowstic!<br></div><div class="battle-history">[The opposing Meowstic's Fairy Aura]<br><small>The opposing Meowstic is radiating a fairy aura!</small><br></div><div class="chat"><ul class="utilichart"><li class="result"><span class="col pokemonnamecol">Meowstic-F-Mega</span> <span class="col typecol"><img src="https://play.pokemonshowdown.com/sprites/types/Psychic.png" alt="Psychic" height="14" width="32"><img src="https://play.pokemonshowdown.com/sprites/types/Fairy.png" alt="Fairy" height="14" width="32"></span> <span><span class="col abilitycol">Fairy Aura</span><span class="col abilitycol"></span></span><span><span class="col statcol"><em>HP</em><br>74</span> <span class="col statcol"><em>Atk</em><br>48</span> <span class="col statcol"><em>Def</em><br>91</span> <span class="col statcol"><em>SpA</em><br>133</span> <span class="col statcol"><em>SpD</em><br>96</span> <span class="col statcol"><em>Spe</em><br>124</span> </span></li><li></li></ul></div><div class="spacer battle-history"><br></div><div class="battle-history">The opposing Meowstic used <strong>Moonblast</strong>!<br></div><div class="battle-history"><small>It's not very effective...</small><br></div><div class="battle-history"><small>(Neptune lost 20% of its health!)</small><br></div><div class="spacer battle-history"><br></div><h2 class="battle-history">Turn 12</h2><div class="spacer battle-history"><br></div><div class="battle-history">Testes do bos. withdrew Meowstic!<br></div><div class="battle-history">Testes do bos. sent out <strong>Bronzong</strong>!<br></div><div class="battle-history"><small>Pointed stones dug into the opposing Bronzong!</small><br></div><div class="spacer battle-history"><br></div><div class="battle-history"><small>Neptune's Empoleonite is reacting to the Key Stone!</small><br>Neptune has Mega Evolved into Mega Empoleon!<br></div><div class="chat"><ul class="utilichart"><li class="result"><span class="col pokemonnamecol">Empoleon-Mega</span> <span class="col typecol"><img src="https://play.pokemonshowdown.com/sprites/types/Water.png" alt="Water" height="14" width="32"><img src="https://play.pokemonshowdown.com/sprites/types/Steel.png" alt="Steel" height="14" width="32"></span> <span><span class="col abilitycol">Lightning Rod</span><span class="col abilitycol"></span></span><span><span class="col statcol"><em>HP</em><br>84</span> <span class="col statcol"><em>Atk</em><br>86</span> <span class="col statcol"><em>Def</em><br>103</span> <span class="col statcol"><em>SpA</em><br>131</span> <span class="col statcol"><em>SpD</em><br>141</span> <span class="col statcol"><em>Spe</em><br>85</span> </span></li><li></li></ul></div><div class="spacer battle-history"><br></div><div class="battle-history">Neptune used <strong>Flash Cannon</strong>!<br></div><div class="battle-history"><small>It's not very effective...</small><br></div><div class="battle-history"><small>(The opposing Bronzong lost 11% of its health!)</small><br></div><div class="spacer battle-history"><br></div><div class="battle-history"><small>The opposing Bronzong restored a little HP using its Leftovers!</small><br></div><div class="spacer battle-history"><br></div><h2 class="battle-history">Turn 13</h2><div class="spacer battle-history"><br></div><div class="battle-history">Neptune used <strong>Haze</strong>!<br></div><div class="battle-history"><small>All stat changes were eliminated!</small><br></div><div class="spacer battle-history"><br></div><div class="battle-history">The opposing Bronzong used <strong>Earthquake</strong>!<br></div><div class="battle-history"><small>It's super effective!</small><br></div><div class="battle-history"><small>(Neptune lost 39% of its health!)</small><br></div><div class="spacer battle-history"><br></div><div class="battle-history"><small>The opposing Bronzong restored a little HP using its Leftovers!</small><br></div><div class="spacer battle-history"><br></div><h2 class="battle-history">Turn 14</h2><div class="spacer battle-history"><br></div><div class="battle-history">Neptune used <strong>Roost</strong>!<br></div><div class="battle-history"><small>Neptune had its HP restored.</small><br></div><div class="spacer battle-history"><br></div><div class="battle-history">The opposing Bronzong used <strong>Earthquake</strong>!<br></div><div class="battle-history"><small>It's super effective!</small><br></div><div class="battle-history"><small>A critical hit!</small><br></div><div class="battle-history"><small>(Neptune lost 55% of its health!)</small><br></div><div class="spacer battle-history"><br></div><div class="battle-history"><small>The opposing Bronzong restored a little HP using its Leftovers!</small><br></div><div class="spacer battle-history"><br></div><h2 class="battle-history">Turn 15</h2><div class="spacer battle-history"><br></div><div class="battle-history">Neptune used <strong>Roost</strong>!<br></div><div class="battle-history"><small>Neptune had its HP restored.</small><br></div><div class="spacer battle-history"><br></div><div class="battle-history">The opposing Bronzong used <strong>Body Press</strong>!<br></div><div class="battle-history"><small>It's super effective!</small><br></div><div class="battle-history"><small>(Neptune lost 38% of its health!)</small><br></div><div class="spacer battle-history"><br></div><div class="battle-history"><small>The opposing Bronzong restored a little HP using its Leftovers!</small><br></div><div class="spacer battle-history"><br></div><h2 class="battle-history">Turn 16</h2><div class="spacer battle-history"><br></div><div class="battle-history">Neptune used <strong>Roost</strong>!<br></div><div class="battle-history"><small>Neptune had its HP restored.</small><br></div><div class="spacer battle-history"><br></div><div class="battle-history">The opposing Bronzong used <strong>Earthquake</strong>!<br></div><div class="battle-history"><small>It's super effective!</small><br></div><div class="battle-history"><small>(Neptune lost 40% of its health!)</small><br></div><div class="spacer battle-history"><br></div><h2 class="battle-history">Turn 17</h2><div class="spacer battle-history"><br></div><div class="battle-history">Neptune used <strong>Roost</strong>!<br></div><div class="battle-history"><small>Neptune had its HP restored.</small><br></div><div class="spacer battle-history"><br></div><div class="battle-history">The opposing Bronzong used <strong>Earthquake</strong>!<br></div><div class="battle-history"><small>It's super effective!</small><br></div><div class="battle-history"><small>(Neptune lost 40% of its health!)</small><br></div><div class="spacer battle-history"><br></div><h2 class="battle-history">Turn 18</h2><div class="spacer battle-history"><br></div><div class="battle-history">Neptune, come back!<br></div><div class="battle-history">Go! Moltres (<strong>Moltres-Galar</strong>)!<br></div><div class="spacer battle-history"><br></div><div class="battle-history">The opposing Bronzong used <strong>Body Press</strong>!<br></div><div class="battle-history"><small>(Moltres lost 21% of its health!)</small><br></div><div class="spacer battle-history"><br></div><h2 class="battle-history">Turn 19</h2><div class="spacer battle-history"><br></div><div class="battle-history">Testes do bos. withdrew Bronzong!<br></div><div class="battle-history">Testes do bos. sent out <strong>Porygon2</strong>!<br></div><div class="battle-history"><small>Pointed stones dug into the opposing Porygon2!</small><br></div><div class="battle-history">[The opposing Porygon2's Trace]<br>[The opposing Porygon2's Berserk]<br><small>The opposing Porygon2 traced Moltres's Berserk!</small><br></div><div class="spacer battle-history"><br></div><div class="battle-history">Moltres used <strong>Fiery Wrath</strong>!<br></div><div class="battle-history"><small>(The opposing Porygon2 lost 16% of its health!)</small><br></div><div class="spacer battle-history"><br></div><div class="battle-history"><small>The opposing Porygon2 was hurt by poison!</small><br></div><div class="spacer battle-history"><br></div><h2 class="battle-history">Turn 20</h2><div class="spacer battle-history"><br></div><div class="battle-history">Moltres used <strong>U-turn</strong>!<br></div><div class="battle-history"><small>A critical hit!</small><br></div><div class="battle-history"><small>(The opposing Porygon2 lost 14% of its health!)</small><br></div><div class="spacer battle-history"><br></div><div class="battle-history">Moltres went back to pupugugu!<br></div><div class="battle-history">Go! Neptune (<strong>Empoleon-Mega</strong>)!<br></div><div class="battle-history"><small>Pointed stones dug into Neptune!</small><br></div><div class="spacer battle-history"><br></div><div class="battle-history">The opposing Porygon2 used <strong>Recover</strong>!<br></div><div class="battle-history"><small>The opposing Porygon2 had its HP restored.</small><br></div><div class="spacer battle-history"><br></div><div class="battle-history"><small>The opposing Porygon2 was hurt by poison!</small><br></div><div class="spacer battle-history"><br></div><h2 class="battle-history">Turn 21</h2><div class="spacer battle-history"><br></div><div class="battle-history">Neptune used <strong>Roost</strong>!<br></div><div class="battle-history"><small>Neptune had its HP restored.</small><br></div><div class="spacer battle-history"><br></div><div class="battle-history">The opposing Porygon2 used <strong>Teleport</strong>!<br></div><div class="spacer battle-history"><br></div><div class="battle-history">Testes do bos. withdrew Porygon2!<br></div><div class="battle-history">Testes do bos. sent out Hoopa (<strong>Hoopa-Unbound</strong>)!<br></div><div class="battle-history"><small>Pointed stones dug into the opposing Hoopa!</small><br></div><div class="spacer battle-history"><br></div><h2 class="battle-history">Turn 22</h2><div class="spacer battle-history"><br></div><div class="battle-history">Neptune, come back!<br></div><div class="battle-history">Go! Vlad Dracula (<strong>Gliscor</strong>)!<br></div><div class="battle-history"><small>Pointed stones dug into Vlad Dracula!</small><br></div><div class="spacer battle-history"><br></div><div class="battle-history">The opposing Hoopa used <strong>Hyperspace Fury</strong>!<br></div><div class="battle-history"><small>(Vlad Dracula lost 71% of its health!)</small><br></div><div class="battle-history"><small>The opposing Hoopa's Defense fell!</small><br></div><div class="spacer battle-history"><br></div><div class="battle-history"><small>Vlad Dracula was badly poisoned!</small><br></div><div class="spacer battle-history"><br></div><h2 class="battle-history">Turn 23</h2><div class="spacer battle-history"><br></div><div class="battle-history">Testes do bos. withdrew Hoopa!<br></div><div class="battle-history">Testes do bos. sent out Meowstic (<strong>Meowstic-F-Mega</strong>)!<br></div><div class="battle-history"><small>Pointed stones dug into the opposing Meowstic!</small><br></div><div class="battle-history">[The opposing Meowstic's Fairy Aura]<br><small>The opposing Meowstic is radiating a fairy aura!</small><br></div><div class="spacer battle-history"><br></div><div class="battle-history">Vlad Dracula used <strong>U-turn</strong>!<br></div><div class="battle-history"><small>(The opposing Meowstic lost 18% of its health!)</small><br></div><div class="spacer battle-history"><br></div><div class="battle-history">Vlad Dracula went back to pupugugu!<br></div><div class="battle-history">Go! Neptune (<strong>Empoleon-Mega</strong>)!<br></div><div class="battle-history"><small>Pointed stones dug into Neptune!</small><br></div><div class="spacer battle-history"><br></div><h2 class="battle-history">Turn 24</h2><div class="chat message-error">Battle timer is ON: inactive players will automatically lose when time's up. (requested by Testes do bos.)</div><div class="spacer battle-history"><br></div><div class="battle-history">Testes do bos. withdrew Meowstic!<br></div><div class="battle-history">Testes do bos. sent out <strong>Porygon2</strong>!<br></div><div class="battle-history"><small>Pointed stones dug into the opposing Porygon2!</small><br></div><div class="battle-history">[The opposing Porygon2's Trace]<br>[The opposing Porygon2's Lightning Rod]<br><small>The opposing Porygon2 traced Neptune's Lightning Rod!</small><br></div><div class="spacer battle-history"><br></div><div class="battle-history">Neptune used <strong>Flip Turn</strong>!<br></div><div class="battle-history"><small>(The opposing Porygon2 lost 11% of its health!)</small><br></div><div class="spacer battle-history"><br></div><div class="battle-history">Neptune, come back!<br></div><div class="battle-history">Go! Qinglong (<strong>Latios</strong>)!<br></div><div class="battle-history"><small>Pointed stones dug into Qinglong!</small><br></div><div class="spacer battle-history"><br></div><div class="battle-history"><small>The opposing Porygon2 was hurt by poison!</small><br></div><div class="spacer battle-history"><br></div><h2 class="battle-history">Turn 25</h2><div class="spacer battle-history"><br></div><div class="battle-history">Qinglong used <strong>Earthquake</strong>!<br></div><div class="battle-history"><small>(The opposing Porygon2 lost 18% of its health!)</small><br></div><div class="battle-history"><small>Qinglong lost some of its HP!</small><br></div><div class="spacer battle-history"><br></div><div class="battle-history">The opposing Porygon2 used <strong>Recover</strong>!<br></div><div class="battle-history"><small>The opposing Porygon2 had its HP restored.</small><br></div><div class="spacer battle-history"><br></div><div class="battle-history"><small>The opposing Porygon2 was hurt by poison!</small><br></div><div class="spacer battle-history"><br></div><h2 class="battle-history">Turn 26</h2><div class="spacer battle-history"><br></div><div class="battle-history">Qinglong used <strong>Roost</strong>!<br></div><div class="battle-history"><small>Qinglong had its HP restored.</small><br></div><div class="spacer battle-history"><br></div><div class="battle-history">The opposing Porygon2 used <strong>Recover</strong>!<br></div><div class="battle-history"><small>The opposing Porygon2 had its HP restored.</small><br></div><div class="spacer battle-history"><br></div><div class="battle-history"><small>The opposing Porygon2 was hurt by poison!</small><br></div><div class="spacer battle-history"><br></div><h2 class="battle-history">Turn 27</h2><div class="spacer battle-history"><br></div><div class="battle-history">Qinglong used <strong>Psychic</strong>!<br></div><div class="battle-history"><small>(The opposing Porygon2 lost 27% of its health!)</small><br></div><div class="battle-history"><small>Qinglong lost some of its HP!</small><br></div><div class="spacer battle-history"><br></div><div class="battle-history">The opposing Porygon2 used <strong>Teleport</strong>!<br></div><div class="spacer battle-history"><br></div><div class="battle-history">Testes do bos. withdrew Porygon2!<br></div><div class="battle-history">Testes do bos. sent out Meowstic (<strong>Meowstic-F-Mega</strong>)!<br></div><div class="battle-history"><small>Pointed stones dug into the opposing Meowstic!</small><br></div><div class="battle-history">[The opposing Meowstic's Fairy Aura]<br><small>The opposing Meowstic is radiating a fairy aura!</small><br></div><div class="spacer battle-history"><br></div><h2 class="battle-history">Turn 28</h2><div class="spacer battle-history"><br></div><div class="battle-history">Testes do bos. withdrew Meowstic!<br></div><div class="battle-history">Testes do bos. sent out Hoopa (<strong>Hoopa-Unbound</strong>)!<br></div><div class="battle-history"><small>Pointed stones dug into the opposing Hoopa!</small><br></div><div class="spacer battle-history"><br></div><div class="battle-history">Qinglong, come back!<br></div><div class="battle-history">Go! Neptune (<strong>Empoleon-Mega</strong>)!<br></div><div class="battle-history"><small>Pointed stones dug into Neptune!</small><br></div><div class="spacer battle-history"><br></div><h2 class="battle-history">Turn 29</h2><div class="spacer battle-history"><br></div><div class="battle-history">Neptune, come back!<br></div><div class="battle-history">Go! Moltres (<strong>Moltres-Galar</strong>)!<br></div><div class="spacer battle-history"><br></div><div class="battle-history">The opposing Hoopa used <strong>Drain Punch</strong>!<br></div><div class="battle-history"><small>(Moltres lost 51% of its health!)</small><br></div><div class="battle-history"><small>Moltres had its energy drained!</small><br></div><div class="battle-history">[Moltres's Berserk]<br></div><div class="battle-history"><small>Moltres's Sp. Atk rose!</small><br></div><div class="spacer battle-history"><br></div><h2 class="battle-history">Turn 30</h2><div class="spacer battle-history"><br></div><div class="battle-history">Testes do bos. withdrew Hoopa!<br></div><div class="battle-history">Testes do bos. sent out <strong>Porygon2</strong>!<br></div><div class="battle-history"><small>Pointed stones dug into the opposing Porygon2!</small><br></div><div class="battle-history">[The opposing Porygon2's Trace]<br>[The opposing Porygon2's Berserk]<br><small>The opposing Porygon2 traced Moltres's Berserk!</small><br></div><div class="spacer battle-history"><br></div><div class="battle-history">Moltres used <strong>U-turn</strong>!<br></div><div class="battle-history"><small>(The opposing Porygon2 lost 9% of its health!)</small><br></div><div class="spacer battle-history"><br></div><div class="battle-history">Moltres went back to pupugugu!<br></div><div class="battle-history">Go! Qinglong (<strong>Latios</strong>)!<br></div><div class="battle-history"><small>Pointed stones dug into Qinglong!</small><br></div><div class="spacer battle-history"><br></div><div class="battle-history"><small>The opposing Porygon2 was hurt by poison!</small><br></div><div class="spacer battle-history"><br></div><h2 class="battle-history">Turn 31</h2><div class="spacer battle-history"><br></div><div class="battle-history">Qinglong used <strong>Draco Meteor</strong>!<br></div><div class="battle-history"><small>(The opposing Porygon2 lost 28% of its health!)</small><br></div><div class="battle-history"><small>Qinglong's Sp. Atk fell harshly!</small><br></div><div class="battle-history"><small>Qinglong lost some of its HP!</small><br></div><div class="spacer battle-history"><br></div><div class="battle-history">The opposing Porygon2 fainted!<br></div><div class="chat message-error">Testes do bos. has 270 seconds left.</div><div class="spacer battle-history"><br></div><div class="battle-history">Testes do bos. sent out Hoopa (<strong>Hoopa-Unbound</strong>)!<br></div><div class="battle-history"><small>Pointed stones dug into the opposing Hoopa!</small><br></div><div class="spacer battle-history"><br></div><h2 class="battle-history">Turn 32</h2><div class="spacer battle-history"><br></div><div class="battle-history">Qinglong used <strong>Earthquake</strong>!<br></div><div class="battle-history"><small>(The opposing Hoopa lost 50% of its health!)</small><br></div><div class="battle-history"><small>Qinglong lost some of its HP!</small><br></div><div class="spacer battle-history"><br></div><div class="battle-history">The opposing Hoopa used <strong>Hyperspace Fury</strong>!<br></div><div class="battle-history"><small>It's super effective!</small><br></div><div class="battle-history"><small>(Qinglong lost 58% of its health!)</small><br></div><div class="battle-history"><small>The opposing Hoopa's Defense fell!</small><br></div><div class="spacer battle-history"><br></div><div class="battle-history">Qinglong fainted!<br></div><div class="spacer battle-history"><br></div><div class="battle-history">Go! Moltres (<strong>Moltres-Galar</strong>)!<br></div><div class="spacer battle-history"><br></div><h2 class="battle-history">Turn 33</h2><div class="spacer battle-history"><br></div><div class="battle-history">Testes do bos. withdrew Hoopa!<br></div><div class="battle-history">Testes do bos. sent out Weezing (<strong>Weezing-Galar</strong>)!<br></div><div class="battle-history"><small>Pointed stones dug into the opposing Weezing!</small><br></div><div class="spacer battle-history"><br></div><div class="battle-history">Moltres used <strong>U-turn</strong>!<br></div><div class="battle-history"><small>It's not very effective...</small><br></div><div class="battle-history"><small>(The opposing Weezing lost 2% of its health!)</small><br></div><div class="spacer battle-history"><br></div><div class="battle-history">Moltres went back to pupugugu!<br></div><div class="battle-history">Go! Vlad Dracula (<strong>Gliscor</strong>)!<br></div><div class="battle-history"><small>Pointed stones dug into Vlad Dracula!</small><br></div><div class="spacer battle-history"><br></div><div class="battle-history">[Vlad Dracula's Poison Heal]<br><small>Vlad Dracula had its HP restored.</small><br></div><div class="spacer battle-history"><br></div><h2 class="battle-history">Turn 34</h2><div class="spacer battle-history"><br></div><div class="battle-history">Testes do bos. withdrew Weezing!<br></div><div class="battle-history">Testes do bos. sent out Meowstic (<strong>Meowstic-F-Mega</strong>)!<br></div><div class="battle-history"><small>Pointed stones dug into the opposing Meowstic!</small><br></div><div class="battle-history">[The opposing Meowstic's Fairy Aura]<br><small>The opposing Meowstic is radiating a fairy aura!</small><br></div><div class="spacer battle-history"><br></div><div class="battle-history">Vlad Dracula used <strong>Roost</strong>!<br></div><div class="battle-history"><small>Vlad Dracula had its HP restored.</small><br></div><div class="battle-history"><small>(Vlad Dracula loses Flying type this turn.)</small><br></div><div class="spacer battle-history"><br></div><div class="battle-history">[Vlad Dracula's Poison Heal]<br><small>Vlad Dracula had its HP restored.</small><br></div><div class="spacer battle-history"><br></div><h2 class="battle-history">Turn 35</h2><div class="spacer battle-history"><br></div><div class="battle-history">Testes do bos. withdrew Meowstic!<br></div><div class="battle-history">Testes do bos. sent out Hoopa (<strong>Hoopa-Unbound</strong>)!<br></div><div class="battle-history"><small>Pointed stones dug into the opposing Hoopa!</small><br></div><div class="spacer battle-history"><br></div><div class="battle-history">Vlad Dracula used <strong>Roost</strong>!<br></div><div class="battle-history"><small>Vlad Dracula had its HP restored.</small><br></div><div class="battle-history"><small>(Vlad Dracula loses Flying type this turn.)</small><br></div><div class="spacer battle-history"><br></div><h2 class="battle-history">Turn 36</h2><div class="spacer battle-history"><br></div><div class="battle-history">Testes do bos. withdrew Hoopa!<br></div><div class="battle-history">Testes do bos. sent out Weezing (<strong>Weezing-Galar</strong>)!<br></div><div class="battle-history"><small>Pointed stones dug into the opposing Weezing!</small><br></div><div class="spacer battle-history"><br></div><div class="battle-history">Vlad Dracula used <strong>U-turn</strong>!<br></div><div class="battle-history"><small>It's not very effective...</small><br></div><div class="battle-history"><small>(The opposing Weezing lost 2% of its health!)</small><br></div><div class="spacer battle-history"><br></div><div class="battle-history">Vlad Dracula went back to pupugugu!<br></div><div class="battle-history">Go! Neptune (<strong>Empoleon-Mega</strong>)!<br></div><div class="battle-history"><small>Pointed stones dug into Neptune!</small><br></div><div class="spacer battle-history"><br></div><h2 class="battle-history">Turn 37</h2><div class="spacer battle-history"><br></div><div class="battle-history">Neptune used <strong>Flash Cannon</strong>!<br></div><div class="battle-history"><small>It's super effective!</small><br></div><div class="battle-history"><small>(The opposing Weezing lost 59% of its health!)</small><br></div><div class="spacer battle-history"><br></div><div class="battle-history">The opposing Weezing fainted!<br></div><div class="spacer battle-history"><br></div><div class="battle-history">Testes do bos. sent out Hoopa (<strong>Hoopa-Unbound</strong>)!<br></div><div class="battle-history"><small>Pointed stones dug into the opposing Hoopa!</small><br></div><div class="spacer battle-history"><br></div><h2 class="battle-history">Turn 38</h2><div class="spacer battle-history"><br></div><div class="battle-history">Neptune, come back!<br></div><div class="battle-history">Go! Kamehameha (<strong>Marowak-Alola</strong>)!<br></div><div class="battle-history"><small>Pointed stones dug into Kamehameha!</small><br></div><div class="spacer battle-history"><br></div><div class="battle-history">Kamehameha fainted!<br></div><div class="battle-history">The opposing Hoopa used <strong>Ice Punch</strong>!<br></div><div class="battle-history"><small>But it failed!</small><br></div><div class="spacer battle-history"><br></div><div class="battle-history">Go! Hyperion (<strong>Heliolisk</strong>)!<br></div><div class="battle-history"><small>Pointed stones dug into Hyperion!</small><br></div><div class="spacer battle-history"><br></div><h2 class="battle-history">Turn 39</h2><div class="spacer battle-history"><br></div><div class="battle-history">Testes do bos. withdrew Hoopa!<br></div><div class="battle-history">Testes do bos. sent out <strong>Bronzong</strong>!<br></div><div class="battle-history"><small>Pointed stones dug into the opposing Bronzong!</small><br></div><div class="spacer battle-history"><br></div><div class="battle-history">Hyperion used <strong>Thunderbolt</strong>!<br></div><div class="battle-history"><small>(The opposing Bronzong lost 28% of its health!)</small><br></div><div class="spacer battle-history"><br></div><div class="battle-history"><small>The opposing Bronzong restored a little HP using its Leftovers!</small><br></div><div class="spacer battle-history"><br></div><h2 class="battle-history">Turn 40</h2><div class="spacer battle-history"><br></div><div class="battle-history">Hyperion, come back!<br></div><div class="battle-history">Go! Vlad Dracula (<strong>Gliscor</strong>)!<br></div><div class="battle-history"><small>Pointed stones dug into Vlad Dracula!</small><br></div><div class="spacer battle-history"><br></div><div class="battle-history">The opposing Bronzong used <strong>Body Press</strong>!<br></div><div class="battle-history"><small>It's not very effective...</small><br></div><div class="battle-history"><small>(Vlad Dracula lost 8% of its health!)</small><br></div><div class="spacer battle-history"><br></div><div class="battle-history"><small>The opposing Bronzong restored a little HP using its Leftovers!</small><br></div><div class="battle-history">[Vlad Dracula's Poison Heal]<br><small>Vlad Dracula had its HP restored.</small><br></div><div class="spacer battle-history"><br></div><h2 class="battle-history">Turn 41</h2><div class="spacer battle-history"><br></div><div class="battle-history">Vlad Dracula used <strong>U-turn</strong>!<br></div><div class="battle-history"><small>(The opposing Bronzong lost 14% of its health!)</small><br></div><div class="spacer battle-history"><br></div><div class="battle-history">Vlad Dracula went back to pupugugu!<br></div><div class="battle-history">Go! Neptune (<strong>Empoleon-Mega</strong>)!<br></div><div class="battle-history"><small>Pointed stones dug into Neptune!</small><br></div><div class="spacer battle-history"><br></div><div class="battle-history">The opposing Bronzong used <strong>Body Press</strong>!<br></div><div class="battle-history"><small>It's super effective!</small><br></div><div class="battle-history"><small>(Neptune lost 35% of its health!)</small><br></div><div class="spacer battle-history"><br></div><div class="battle-history"><small>The opposing Bronzong restored a little HP using its Leftovers!</small><br></div><div class="spacer battle-history"><br></div><h2 class="battle-history">Turn 42</h2><div class="spacer battle-history"><br></div><div class="battle-history">Neptune used <strong>Roost</strong>!<br></div><div class="battle-history"><small>Neptune had its HP restored.</small><br></div><div class="spacer battle-history"><br></div><div class="battle-history">The opposing Bronzong used <strong>Body Press</strong>!<br></div><div class="battle-history"><small>It's super effective!</small><br></div><div class="battle-history"><small>(Neptune lost 38% of its health!)</small><br></div><div class="spacer battle-history"><br></div><div class="battle-history"><small>The opposing Bronzong restored a little HP using its Leftovers!</small><br></div><div class="spacer battle-history"><br></div><h2 class="battle-history">Turn 43</h2><div class="spacer battle-history"><br></div><div class="battle-history">Neptune used <strong>Roost</strong>!<br></div><div class="battle-history"><small>Neptune had its HP restored.</small><br></div><div class="spacer battle-history"><br></div><div class="battle-history">The opposing Bronzong used <strong>Body Press</strong>!<br></div><div class="battle-history"><small>It's super effective!</small><br></div><div class="battle-history"><small>(Neptune lost 37% of its health!)</small><br></div><div class="spacer battle-history"><br></div><div class="battle-history"><small>The opposing Bronzong restored a little HP using its Leftovers!</small><br></div><div class="spacer battle-history"><br></div><h2 class="battle-history">Turn 44</h2><div class="spacer battle-history"><br></div><div class="battle-history">Neptune used <strong>Flip Turn</strong>!<br></div><div class="battle-history"><small>(The opposing Bronzong lost 16% of its health!)</small><br></div><div class="spacer battle-history"><br></div><div class="battle-history">Neptune, come back!<br></div><div class="battle-history">Go! Vlad Dracula (<strong>Gliscor</strong>)!<br></div><div class="battle-history"><small>Pointed stones dug into Vlad Dracula!</small><br></div><div class="spacer battle-history"><br></div><div class="battle-history">The opposing Bronzong used <strong>Earthquake</strong>!<br></div><div class="battle-history"><small>It doesn't affect Vlad Dracula...</small><br></div><div class="spacer battle-history"><br></div><div class="battle-history"><small>The opposing Bronzong restored a little HP using its Leftovers!</small><br></div><div class="battle-history">[Vlad Dracula's Poison Heal]<br><small>Vlad Dracula had its HP restored.</small><br></div><div class="spacer battle-history"><br></div><h2 class="battle-history">Turn 45</h2><div class="spacer battle-history"><br></div><div class="battle-history">Vlad Dracula used <strong>U-turn</strong>!<br></div><div class="battle-history"><small>(The opposing Bronzong lost 13% of its health!)</small><br></div><div class="spacer battle-history"><br></div><div class="battle-history">Vlad Dracula went back to pupugugu!<br></div><div class="battle-history">Go! Moltres (<strong>Moltres-Galar</strong>)!<br></div><div class="spacer battle-history"><br></div><div class="battle-history">The opposing Bronzong used <strong>Heavy Slam</strong>!<br></div><div class="battle-history"><small>(Moltres lost 19% of its health!)</small><br></div><div class="spacer battle-history"><br></div><div class="battle-history"><small>The opposing Bronzong restored a little HP using its Leftovers!</small><br></div><div class="spacer battle-history"><br></div><h2 class="battle-history">Turn 46</h2><div class="spacer battle-history"><br></div><div class="battle-history">Testes do bos. withdrew Bronzong!<br></div><div class="battle-history">Testes do bos. sent out Meowstic (<strong>Meowstic-F-Mega</strong>)!<br></div><div class="battle-history"><small>Pointed stones dug into the opposing Meowstic!</small><br></div><div class="battle-history">[The opposing Meowstic's Fairy Aura]<br><small>The opposing Meowstic is radiating a fairy aura!</small><br></div><div class="spacer battle-history"><br></div><div class="battle-history">Moltres used <strong>Fiery Wrath</strong>!<br></div><div class="battle-history"><small>(The opposing Meowstic lost 20% of its health!)</small><br></div><div class="spacer battle-history"><br></div><div class="battle-history">The opposing Meowstic fainted!<br></div><div class="chat message-error">Testes do bos. has 270 seconds left.</div><div class="spacer battle-history"><br></div><div class="battle-history"><small>Testes do bos. forfeited.</small><br></div><div class="spacer battle-history"><br></div><div class="battle-history"><strong>pupugugu</strong> won the battle!<br></div><div class="chat"><small>☆Testes do bos. left</small></div></div><div class="inner-preempt message-log"></div></div></div>
</div>
<script>
let daily = Math.floor(Date.now()/1000/60/60/24);document.write('<script src="https://play.pokemonshowdown.com/js/replay-embed.js?version'+daily+'"></'+'script>');
</script>
