<!DOCTYPE html>
<meta charset="utf-8" />
<!-- version 1 -->
<title>[Gen 8] Megas for All replay: pupugugu vs. SimpyShrimp</title>
<style>
html,body {font-family:Verdana, sans-serif;font-size:10pt;margin:0;padding:0;}body{padding:12px 0;} .battle-log {font-family:Verdana, sans-serif;font-size:10pt;} .battle-log-inline {border:1px solid #AAAAAA;background:#EEF2F5;color:black;max-width:640px;margin:0 auto 80px;padding-bottom:5px;} .battle-log .inner {padding:4px 8px 0px 8px;} .battle-log .inner-preempt {padding:0 8px 4px 8px;} .battle-log .inner-after {margin-top:0.5em;} .battle-log h2 {margin:0.5em -8px;padding:4px 8px;border:1px solid #AAAAAA;background:#E0E7EA;border-left:0;border-right:0;font-family:Verdana, sans-serif;font-size:13pt;} .battle-log .chat {vertical-align:middle;padding:3px 0 3px 0;font-size:8pt;} .battle-log .chat strong {color:#40576A;} .battle-log .chat em {padding:1px 4px 1px 3px;color:#000000;font-style:normal;} .chat.mine {background:rgba(0,0,0,0.05);margin-left:-8px;margin-right:-8px;padding-left:8px;padding-right:8px;} .spoiler {color:#BBBBBB;background:#BBBBBB;padding:0px 3px;} .spoiler:hover, .spoiler:active, .spoiler-shown {color:#000000;background:#E2E2E2;padding:0px 3px;} .spoiler a {color:#BBBBBB;} .spoiler:hover a, .spoiler:active a, .spoiler-shown a {color:#2288CC;} .chat code, .chat .spoiler:hover code, .chat .spoiler:active code, .chat .spoiler-shown code {border:1px solid #C0C0C0;background:#EEEEEE;color:black;padding:0 2px;} .chat .spoiler code {border:1px solid #CCCCCC;background:#CCCCCC;color:#CCCCCC;} .battle-log .rated {padding:3px 4px;} .battle-log .rated strong {color:white;background:#89A;padding:1px 4px;border-radius:4px;} .spacer {margin-top:0.5em;} .message-announce {background:#6688AA;color:white;padding:1px 4px 2px;} .message-announce a, .broadcast-green a, .broadcast-blue a, .broadcast-red a {color:#DDEEFF;} .broadcast-green {background-color:#559955;color:white;padding:2px 4px;} .broadcast-blue {background-color:#6688AA;color:white;padding:2px 4px;} .infobox {border:1px solid #6688AA;padding:2px 4px;} .infobox-limited {max-height:200px;overflow:auto;overflow-x:hidden;} .broadcast-red {background-color:#AA5544;color:white;padding:2px 4px;} .message-learn-canlearn {font-weight:bold;color:#228822;text-decoration:underline;} .message-learn-cannotlearn {font-weight:bold;color:#CC2222;text-decoration:underline;} .message-effect-weak {font-weight:bold;color:#CC2222;} .message-effect-resist {font-weight:bold;color:#6688AA;} .message-effect-immune {font-weight:bold;color:#666666;} .message-learn-list {margin-top:0;margin-bottom:0;} .message-throttle-notice, .message-error {color:#992222;} .message-overflow, .chat small.message-overflow {font-size:0pt;} .message-overflow::before {font-size:9pt;content:'...';} .subtle {color:#3A4A66;}
</style>
<div class="wrapper replay-wrapper" style="max-width:1180px;margin:0 auto">
<input type="hidden" name="replayid" value="dragonheaven-gen8megasforall-282" />
<div class="battle"></div><div class="battle-log"></div><div class="replay-controls"></div><div class="replay-controls-2"></div>
<h1 style="font-weight:normal;text-align:center"><strong>[Gen 8] Megas for All</strong><br /><a href="http://pokemonshowdown.com/users/pupugugu" class="subtle" target="_blank">pupugugu</a> vs. <a href="http://pokemonshowdown.com/users/simpyshrimp" class="subtle" target="_blank">SimpyShrimp</a></h1>
<script type="text/plain" class="battle-log-data">|j|☆pupugugu
|j|☆SimpyShrimp
|t:|1635142073
|player|p1|pupugugu|caitlin|
|player|p2|SimpyShrimp|dexio|
|teamsize|p1|6
|teamsize|p2|6
|gametype|singles
|gen|8
|tier|[Gen 8] Megas for All
|rated|Tournament battle
|clearpoke
|poke|p1|Araquanid, M|
|poke|p1|Blastoise, M|
|poke|p1|Mew|
|poke|p1|Salamence, F|
|poke|p1|Mr. Rime, F|
|poke|p1|Pincurchin, F|
|poke|p2|Aggron, M|
|poke|p2|Heracross, F|
|poke|p2|Kommo-o, F|
|poke|p2|Linoone, F|
|poke|p2|Mew|
|poke|p2|Volcanion|
|rule|HP Percentage Mod: HP is shown in percentages
|rule|Endless Battle Clause: Forcing endless battles is banned
|rule|OHKO Clause: OHKO moves are banned
|rule|Evasion Moves Clause: Evasion moves are banned
|rule|Species Clause: Limit one of each Pokémon
|rule|Dynamax Clause: You cannot dynamax
|rule|Sleep Clause Mod: Limit one foe put to sleep
|rule|Freeze Clause Mod: Limit one foe frozen
|raw|<img src="https:\/\/raw.githubusercontent.com\/scoopapa\/DH\/master\/data\/mods\/m4av6\/sprites\/m4a_banner.png" height="65" width="381">
|-message|Welcome to Megas for All!
|-message|This is a National Dex-based format where we aim to give a new Mega Evolution to every Pokémon.
|-message|Just like any official format, you can still only Mega Evolve one Pokémon per team!
|-message|You can find our thread and metagame resources here:
|-message|https:\/\/www.smogon.com\/forums\/threads\/3671140\/
|teampreview
|j| JosJet
|j|#inkbug1

|c|☆SimpyShrimp|glhf
|c| JosJet|glhf both
|c|☆pupugugu|glhf
|
|t:|1635142089
|start
|switch|p1a: Moustachio|Mr. Rime, F|100\/100
|switch|p2a: PlainPaul|Linoone, F|100\/100
|turn|1
|
|t:|1635142097
|move|p2a: PlainPaul|Belly Drum|p2a: PlainPaul
|-damage|p2a: PlainPaul|50\/100
|-setboost|p2a: PlainPaul|atk|6|[from] move: Belly Drum
|-enditem|p2a: PlainPaul|Sitrus Berry|[eat]
|-heal|p2a: PlainPaul|75\/100|[from] item: Sitrus Berry
|move|p1a: Moustachio|Ice Beam|p2a: PlainPaul
|-damage|p2a: PlainPaul|0 fnt
|faint|p2a: PlainPaul
|
|upkeep
|c|☆pupugugu|rip
|
|t:|1635142109
|switch|p2a: Swaggron|Aggron, M|100\/100
|turn|2
|c|☆pupugugu|you know you can run
|c|☆pupugugu|a bigger berry than sitrus
|c|☆pupugugu|bc of gluttony :0
|c|☆SimpyShrimp|ye
|c|☆SimpyShrimp|glut
|c|☆pupugugu|time to lose one to head smash i guess
|
|t:|1635142146
|switch|p1a: Smio|Mew|100\/100
|move|p2a: Swaggron|Rock Polish|p2a: Swaggron
|-boost|p2a: Swaggron|spe|2
|
|upkeep
|turn|3
|
|t:|1635142152
|move|p2a: Swaggron|Head Smash|p1a: Smio
|-damage|p1a: Smio|46\/100
|move|p1a: Smio|Will-O-Wisp|p2a: Swaggron
|-status|p2a: Swaggron|brn
|
|-heal|p1a: Smio|52\/100|[from] item: Leftovers
|-damage|p2a: Swaggron|94\/100 brn|[from] brn
|upkeep
|turn|4
|c|☆pupugugu|i'll take it
|
|t:|1635142161
|move|p2a: Swaggron|Head Smash|p1a: Smio|[miss]
|-miss|p2a: Swaggron|p1a: Smio
|move|p1a: Smio|Soft-Boiled|p1a: Smio
|-heal|p1a: Smio|100\/100
|
|-damage|p2a: Swaggron|88\/100 brn|[from] brn
|upkeep
|turn|5
|
|t:|1635142171
|move|p2a: Swaggron|Head Smash|p1a: Smio
|-damage|p1a: Smio|69\/100
|move|p1a: Smio|Stealth Rock|p2a: Swaggron
|-sidestart|p2: SimpyShrimp|move: Stealth Rock
|
|-heal|p1a: Smio|75\/100|[from] item: Leftovers
|-damage|p2a: Swaggron|82\/100 brn|[from] brn
|upkeep
|turn|6
|
|t:|1635142178
|move|p2a: Swaggron|Head Smash|p1a: Smio|[miss]
|-miss|p2a: Swaggron|p1a: Smio
|move|p1a: Smio|Soft-Boiled|p1a: Smio
|-heal|p1a: Smio|100\/100
|
|-damage|p2a: Swaggron|76\/100 brn|[from] brn
|upkeep
|turn|7
|c|☆SimpyShrimp|i have 2 version
|c|☆pupugugu|i was scared of choice band tbh
|c|☆SimpyShrimp|this team is generally worse
|
|t:|1635142197
|move|p2a: Swaggron|Head Smash|p1a: Smio
|-damage|p1a: Smio|72\/100
|move|p1a: Smio|U-turn|p2a: Swaggron
|-resisted|p2a: Swaggron
|-damage|p2a: Swaggron|71\/100 brn
|
|t:|1635142210
|switch|p1a: Azzy|Salamence, F|100\/100|[from]move: U-turn
|-ability|p1a: Azzy|Intimidate|boost
|-unboost|p2a: Swaggron|atk|1
|
|-damage|p2a: Swaggron|65\/100 brn|[from] brn
|upkeep
|turn|8
|
|t:|1635142217
|switch|p1a: Smio|Mew|72\/100
|move|p2a: Swaggron|Head Smash|p1a: Smio
|-damage|p1a: Smio|54\/100
|
|-heal|p1a: Smio|61\/100|[from] item: Leftovers
|-damage|p2a: Swaggron|59\/100 brn|[from] brn
|upkeep
|turn|9
|
|t:|1635142226
|move|p2a: Swaggron|Head Smash|p1a: Smio|[miss]
|-miss|p2a: Swaggron|p1a: Smio
|move|p1a: Smio|Soft-Boiled|p1a: Smio
|-heal|p1a: Smio|100\/100
|
|-damage|p2a: Swaggron|53\/100 brn|[from] brn
|upkeep
|turn|10
|
|t:|1635142238
|switch|p2a: Miao|Mew|100\/100
|-damage|p2a: Miao|88\/100|[from] Stealth Rock
|move|p1a: Smio|U-turn|p2a: Miao
|-supereffective|p2a: Miao
|-damage|p2a: Miao|60\/100
|
|t:|1635142248
|switch|p1a: Azzy|Salamence, F|100\/100|[from]move: U-turn
|-ability|p1a: Azzy|Intimidate|boost
|-unboost|p2a: Miao|atk|1
|
|-heal|p2a: Miao|66\/100|[from] item: Leftovers
|upkeep
|turn|11
|
|t:|1635142254
|move|p1a: Azzy|Hurricane|p2a: Miao
|-damage|p2a: Miao|40\/100
|move|p2a: Miao|Cosmic Power|p2a: Miao
|-boost|p2a: Miao|def|1
|-boost|p2a: Miao|spd|1
|
|-heal|p2a: Miao|46\/100|[from] item: Leftovers
|upkeep
|turn|12
|c|☆pupugugu|AW HELL NO GET ME OUT
|
|t:|1635142267
|switch|p1a: Moustachio|Mr. Rime, F|100\/100
|move|p2a: Miao|Soft-Boiled|p2a: Miao
|-heal|p2a: Miao|96\/100
|
|-heal|p2a: Miao|100\/100|[from] item: Leftovers
|upkeep
|turn|13
|
|t:|1635142275
|move|p1a: Moustachio|Ice Beam|p2a: Miao
|-crit|p2a: Miao
|-damage|p2a: Miao|38\/100
|move|p2a: Miao|Cosmic Power|p2a: Miao
|-boost|p2a: Miao|def|1
|-boost|p2a: Miao|spd|1
|
|-heal|p2a: Miao|44\/100|[from] item: Leftovers
|upkeep
|turn|14
|
|t:|1635142284
|switch|p1a: MURDER SPIDER|Araquanid, M|100\/100
|move|p2a: Miao|Soft-Boiled|p2a: Miao
|-heal|p2a: Miao|94\/100
|
|-heal|p2a: Miao|99\/100|[from] item: Leftovers
|upkeep
|turn|15
|
|t:|1635142304
|detailschange|p1a: MURDER SPIDER|Araquanid-Mega, M
|-mega|p1a: MURDER SPIDER|Araquanid|Araquanite
|-start|p1a: MURDER SPIDER|typechange|Water\/Bug|[silent]
|raw|<ul class="utilichart"><li class="result"><span class="col pokemonnamecol" style="white-space: nowrap">Araquanid-Mega<\/span> <span class="col typecol"><img src="https:\/\/play.pokemonshowdown.com\/sprites\/types\/Water.png" alt="Water" height="14" width="32"><img src="https:\/\/play.pokemonshowdown.com\/sprites\/types\/Bug.png" alt="Bug" height="14" width="32"><\/span> <span style="float: left ; min-height: 26px"><span class="col abilitycol">Body of Water<\/span><span class="col abilitycol"><\/span><\/span><span style="float: left ; min-height: 26px"><span class="col statcol"><em>HP<\/em><br>68<\/span> <span class="col statcol"><em>Atk<\/em><br>70<\/span> <span class="col statcol"><em>Def<\/em><br>147<\/span> <span class="col statcol"><em>SpA<\/em><br>50<\/span> <span class="col statcol"><em>SpD<\/em><br>177<\/span> <span class="col statcol"><em>Spe<\/em><br>42<\/span> <\/span><\/li><li style="clear: both"><\/li><\/ul>
|-hint|Araquanid-Mega was submitted by Hematite!
|move|p2a: Miao|Cosmic Power|p2a: Miao
|-boost|p2a: Miao|def|1
|-boost|p2a: Miao|spd|1
|move|p1a: MURDER SPIDER|Stockpile|p1a: MURDER SPIDER
|-start|p1a: MURDER SPIDER|stockpile1
|-boost|p1a: MURDER SPIDER|def|1
|-boost|p1a: MURDER SPIDER|spd|1
|
|-heal|p2a: Miao|100\/100|[from] item: Leftovers
|upkeep
|turn|16
|
|t:|1635142329
|move|p2a: Miao|Stored Power|p1a: MURDER SPIDER
|-damage|p1a: MURDER SPIDER|86\/100
|move|p1a: MURDER SPIDER|Stockpile|p1a: MURDER SPIDER
|-start|p1a: MURDER SPIDER|stockpile2
|-boost|p1a: MURDER SPIDER|def|1
|-boost|p1a: MURDER SPIDER|spd|1
|
|upkeep
|turn|17
|c|☆pupugugu|CHIP
|c|☆SimpyShrimp|murder
|
|t:|1635142343
|move|p2a: Miao|Cosmic Power|p2a: Miao
|-boost|p2a: Miao|def|1
|-boost|p2a: Miao|spd|1
|move|p1a: MURDER SPIDER|Stockpile|p1a: MURDER SPIDER
|-start|p1a: MURDER SPIDER|stockpile3
|-boost|p1a: MURDER SPIDER|def|1
|-boost|p1a: MURDER SPIDER|spd|1
|
|upkeep
|turn|18
|
|t:|1635142352
|move|p2a: Miao|Cosmic Power|p2a: Miao
|-boost|p2a: Miao|def|1
|-boost|p2a: Miao|spd|1
|move|p1a: MURDER SPIDER|Infestation|p2a: Miao
|-supereffective|p2a: Miao
|-damage|p2a: Miao|99\/100
|-activate|p2a: Miao|move: Infestation|[of] p1a: MURDER SPIDER
|
|-heal|p2a: Miao|100\/100|[from] item: Leftovers
|-damage|p2a: Miao|88\/100|[from] move: Infestation|[partiallytrapped]
|upkeep
|turn|19
|c|#inkbug1|oh y m god 
|c|#inkbug1|hell world
|
|t:|1635142397
|move|p2a: Miao|Cosmic Power|p2a: Miao
|-boost|p2a: Miao|def|1
|-boost|p2a: Miao|spd|1
|move|p1a: MURDER SPIDER|Infestation|p2a: Miao
|-supereffective|p2a: Miao
|-damage|p2a: Miao|87\/100
|
|-heal|p2a: Miao|93\/100|[from] item: Leftovers
|-damage|p2a: Miao|80\/100|[from] move: Infestation|[partiallytrapped]
|upkeep
|turn|20
|
|t:|1635142407
|move|p2a: Miao|Stored Power|p1a: MURDER SPIDER
|-damage|p1a: MURDER SPIDER|67\/100
|move|p1a: MURDER SPIDER|Infestation|p2a: Miao
|-supereffective|p2a: Miao
|-damage|p2a: Miao|79\/100
|
|-heal|p2a: Miao|85\/100|[from] item: Leftovers
|-damage|p2a: Miao|73\/100|[from] move: Infestation|[partiallytrapped]
|upkeep
|turn|21
|c|☆pupugugu|chiiip
|
|t:|1635142418
|move|p2a: Miao|Stored Power|p1a: MURDER SPIDER
|-damage|p1a: MURDER SPIDER|50\/100
|move|p1a: MURDER SPIDER|Infestation|p2a: Miao
|-supereffective|p2a: Miao
|-damage|p2a: Miao|71\/100
|
|-heal|p2a: Miao|77\/100|[from] item: Leftovers
|-damage|p2a: Miao|65\/100|[from] move: Infestation|[partiallytrapped]
|upkeep
|turn|22
|
|t:|1635142427
|move|p2a: Miao|Stored Power|p1a: MURDER SPIDER
|-damage|p1a: MURDER SPIDER|34\/100
|move|p1a: MURDER SPIDER|Rest|p1a: MURDER SPIDER
|-status|p1a: MURDER SPIDER|slp|[from] move: Rest
|-heal|p1a: MURDER SPIDER|100\/100 slp|[silent]
|
|-heal|p2a: Miao|71\/100|[from] item: Leftovers
|-damage|p2a: Miao|59\/100|[from] move: Infestation|[partiallytrapped]
|upkeep
|turn|23
|
|t:|1635142438
|move|p2a: Miao|Stored Power|p1a: MURDER SPIDER
|-damage|p1a: MURDER SPIDER|83\/100 slp
|cant|p1a: MURDER SPIDER|slp
|
|-heal|p2a: Miao|65\/100|[from] item: Leftovers
|-end|p2a: Miao|Infestation|[partiallytrapped]
|upkeep
|turn|24
|
|t:|1635142447
|move|p2a: Miao|Stored Power|p1a: MURDER SPIDER
|-damage|p1a: MURDER SPIDER|66\/100 slp
|cant|p1a: MURDER SPIDER|slp
|
|-heal|p2a: Miao|71\/100|[from] item: Leftovers
|upkeep
|turn|25
|c|☆SimpyShrimp|hm
|c|☆SimpyShrimp|i think i might lose
|c|☆pupugugu|maybe
|c|☆SimpyShrimp| stalled
|
|t:|1635142473
|move|p2a: Miao|Soft-Boiled|p2a: Miao
|-heal|p2a: Miao|100\/100
|-curestatus|p1a: MURDER SPIDER|slp|[msg]
|move|p1a: MURDER SPIDER|Infestation|p2a: Miao
|-supereffective|p2a: Miao
|-damage|p2a: Miao|99\/100
|-activate|p2a: Miao|move: Infestation|[of] p1a: MURDER SPIDER
|
|-heal|p2a: Miao|100\/100|[from] item: Leftovers
|-damage|p2a: Miao|88\/100|[from] move: Infestation|[partiallytrapped]
|upkeep
|turn|26
|c|☆SimpyShrimp|sleep stalled
|
|t:|1635142495
|move|p2a: Miao|Cosmic Power|p2a: Miao
|-boost|p2a: Miao|def|0
|-boost|p2a: Miao|spd|0
|move|p1a: MURDER SPIDER|Scald|p2a: Miao
|-damage|p2a: Miao|79\/100
|
|-heal|p2a: Miao|85\/100|[from] item: Leftovers
|-damage|p2a: Miao|73\/100|[from] move: Infestation|[partiallytrapped]
|upkeep
|turn|27
|
|t:|1635142515
|move|p2a: Miao|Cosmic Power|p2a: Miao
|-boost|p2a: Miao|def|0
|-boost|p2a: Miao|spd|0
|move|p1a: MURDER SPIDER|Scald|p2a: Miao
|-damage|p2a: Miao|64\/100
|-status|p2a: Miao|brn
|-activate|p2a: Miao|ability: Synchronize
|-status|p1a: MURDER SPIDER|brn
|
|-heal|p2a: Miao|70\/100 brn|[from] item: Leftovers
|-damage|p2a: Miao|64\/100 brn|[from] brn
|-damage|p1a: MURDER SPIDER|60\/100 brn|[from] brn
|-damage|p2a: Miao|51\/100 brn|[from] move: Infestation|[partiallytrapped]
|upkeep
|turn|28
|
|t:|1635142535
|move|p2a: Miao|Dazzling Gleam|p1a: MURDER SPIDER
|-crit|p1a: MURDER SPIDER
|-damage|p1a: MURDER SPIDER|45\/100 brn
|move|p1a: MURDER SPIDER|Rest|p1a: MURDER SPIDER
|-status|p1a: MURDER SPIDER|slp|[from] move: Rest
|-heal|p1a: MURDER SPIDER|100\/100 slp|[silent]
|
|-heal|p2a: Miao|58\/100 brn|[from] item: Leftovers
|-damage|p2a: Miao|51\/100 brn|[from] brn
|-damage|p2a: Miao|39\/100 brn|[from] move: Infestation|[partiallytrapped]
|upkeep
|turn|29
|c|☆SimpyShrimp|bruh
|c|☆pupugugu|nice crit lol
|c|☆pupugugu|to be fair tho, it's not boosted
|
|t:|1635142589
|move|p2a: Miao|Soft-Boiled|p2a: Miao
|-heal|p2a: Miao|89\/100 brn
|cant|p1a: MURDER SPIDER|slp
|
|-heal|p2a: Miao|95\/100 brn|[from] item: Leftovers
|-damage|p2a: Miao|89\/100 brn|[from] brn
|-end|p2a: Miao|Infestation|[partiallytrapped]
|upkeep
|turn|30
|c|☆SimpyShrimp|yeah
|
|t:|1635142621
|move|p2a: Miao|Cosmic Power|p2a: Miao
|-boost|p2a: Miao|def|0
|-boost|p2a: Miao|spd|0
|cant|p1a: MURDER SPIDER|slp
|
|-heal|p2a: Miao|95\/100 brn|[from] item: Leftovers
|-damage|p2a: Miao|89\/100 brn|[from] brn
|upkeep
|turn|31
|
|t:|1635142643
|move|p2a: Miao|Stored Power|p1a: MURDER SPIDER
|-damage|p1a: MURDER SPIDER|83\/100 slp
|-curestatus|p1a: MURDER SPIDER|slp|[msg]
|move|p1a: MURDER SPIDER|Infestation|p2a: Miao
|-supereffective|p2a: Miao
|-damage|p2a: Miao|88\/100 brn
|-activate|p2a: Miao|move: Infestation|[of] p1a: MURDER SPIDER
|
|-heal|p2a: Miao|94\/100 brn|[from] item: Leftovers
|-damage|p2a: Miao|88\/100 brn|[from] brn
|-damage|p2a: Miao|75\/100 brn|[from] move: Infestation|[partiallytrapped]
|upkeep
|turn|32
|
|t:|1635142667
|move|p2a: Miao|Stored Power|p1a: MURDER SPIDER
|-damage|p1a: MURDER SPIDER|65\/100
|move|p1a: MURDER SPIDER|Infestation|p2a: Miao
|-supereffective|p2a: Miao
|-damage|p2a: Miao|74\/100 brn
|
|-heal|p2a: Miao|80\/100 brn|[from] item: Leftovers
|-damage|p2a: Miao|74\/100 brn|[from] brn
|-damage|p2a: Miao|61\/100 brn|[from] move: Infestation|[partiallytrapped]
|upkeep
|turn|33
|
|t:|1635142677
|move|p2a: Miao|Stored Power|p1a: MURDER SPIDER
|-damage|p1a: MURDER SPIDER|49\/100
|move|p1a: MURDER SPIDER|Infestation|p2a: Miao
|-supereffective|p2a: Miao
|-damage|p2a: Miao|60\/100 brn
|
|-heal|p2a: Miao|66\/100 brn|[from] item: Leftovers
|-damage|p2a: Miao|60\/100 brn|[from] brn
|-damage|p2a: Miao|48\/100 brn|[from] move: Infestation|[partiallytrapped]
|upkeep
|turn|34
|c|☆pupugugu|hm ihope i don't get crit here
|
|t:|1635142686
|move|p2a: Miao|Stored Power|p1a: MURDER SPIDER
|-damage|p1a: MURDER SPIDER|32\/100
|move|p1a: MURDER SPIDER|Rest|p1a: MURDER SPIDER
|-status|p1a: MURDER SPIDER|slp|[from] move: Rest
|-heal|p1a: MURDER SPIDER|100\/100 slp|[silent]
|
|-heal|p2a: Miao|54\/100 brn|[from] item: Leftovers
|-damage|p2a: Miao|48\/100 brn|[from] brn
|-damage|p2a: Miao|35\/100 brn|[from] move: Infestation|[partiallytrapped]
|upkeep
|turn|35
|
|t:|1635142697
|move|p2a: Miao|Stored Power|p1a: MURDER SPIDER
|-damage|p1a: MURDER SPIDER|84\/100 slp
|cant|p1a: MURDER SPIDER|slp
|
|-heal|p2a: Miao|41\/100 brn|[from] item: Leftovers
|-damage|p2a: Miao|35\/100 brn|[from] brn
|-end|p2a: Miao|Infestation|[partiallytrapped]
|upkeep
|turn|36
|c|☆pupugugu|i'm just gonna. switch teams right after this one xd
|c|☆pupugugu|sry for doing this to you shrimp
|
|t:|1635142707
|move|p2a: Miao|Stored Power|p1a: MURDER SPIDER
|-damage|p1a: MURDER SPIDER|66\/100 slp
|cant|p1a: MURDER SPIDER|slp
|
|-heal|p2a: Miao|41\/100 brn|[from] item: Leftovers
|-damage|p2a: Miao|35\/100 brn|[from] brn
|upkeep
|turn|37
|
|t:|1635142717
|move|p2a: Miao|Stored Power|p1a: MURDER SPIDER
|-damage|p1a: MURDER SPIDER|49\/100 slp
|-curestatus|p1a: MURDER SPIDER|slp|[msg]
|move|p1a: MURDER SPIDER|Scald|p2a: Miao
|-damage|p2a: Miao|26\/100 brn
|
|-heal|p2a: Miao|32\/100 brn|[from] item: Leftovers
|-damage|p2a: Miao|26\/100 brn|[from] brn
|upkeep
|turn|38
|
|t:|1635142727
|move|p2a: Miao|Stored Power|p1a: MURDER SPIDER
|-damage|p1a: MURDER SPIDER|33\/100
|move|p1a: MURDER SPIDER|Scald|p2a: Miao
|-damage|p2a: Miao|18\/100 brn
|
|-heal|p2a: Miao|24\/100 brn|[from] item: Leftovers
|-damage|p2a: Miao|18\/100 brn|[from] brn
|upkeep
|turn|39
|
|t:|1635142739
|move|p2a: Miao|Stored Power|p1a: MURDER SPIDER
|-damage|p1a: MURDER SPIDER|16\/100
|move|p1a: MURDER SPIDER|Infestation|p2a: Miao
|-supereffective|p2a: Miao
|-damage|p2a: Miao|16\/100 brn
|-activate|p2a: Miao|move: Infestation|[of] p1a: MURDER SPIDER
|
|-heal|p2a: Miao|22\/100 brn|[from] item: Leftovers
|-damage|p2a: Miao|16\/100 brn|[from] brn
|-damage|p2a: Miao|4\/100 brn|[from] move: Infestation|[partiallytrapped]
|upkeep
|turn|40
|
|t:|1635142749
|move|p2a: Miao|Stored Power|p1a: MURDER SPIDER
|-damage|p1a: MURDER SPIDER|0 fnt
|faint|p1a: MURDER SPIDER
|
|-heal|p2a: Miao|10\/100 brn|[from] item: Leftovers
|-damage|p2a: Miao|4\/100 brn|[from] brn
|-end|p2a: Miao|Infestation|[partiallytrapped]|[silent]
|upkeep
|c|☆pupugugu|OH WAIT
|c|☆pupugugu|INFESTATION WORE OFF
|c|☆pupugugu|LMAO
|c|☆SimpyShrimp|hold your back
|c|☆pupugugu|i was gonna trade them
|c|#inkbug1|oh my god 
|c|☆pupugugu|xD
|c|☆SimpyShrimp|but yeah
|c|☆SimpyShrimp|i will die unless
|c|☆pupugugu|but no more stored power
|c|#inkbug1|the evil is defeated 
|
|t:|1635142778
|switch|p1a: Smio|Mew|100\/100
|turn|41
|
|t:|1635142783
|move|p2a: Miao|Soft-Boiled|p2a: Miao
|-heal|p2a: Miao|54\/100 brn
|move|p1a: Smio|U-turn|p2a: Miao
|-supereffective|p2a: Miao
|-damage|p2a: Miao|47\/100 brn
|
|t:|1635142785
|switch|p1a: Blip Blop|Pincurchin, F|100\/100|[from]move: U-turn
|
|-heal|p2a: Miao|53\/100 brn|[from] item: Leftovers
|-damage|p2a: Miao|47\/100 brn|[from] brn
|upkeep
|turn|42
|
|t:|1635142793
|move|p2a: Miao|Soft-Boiled|p2a: Miao
|-heal|p2a: Miao|97\/100 brn
|move|p1a: Blip Blop|Spikes|p2a: Miao
|-sidestart|p2: SimpyShrimp|Spikes
|
|-heal|p2a: Miao|100\/100 brn|[from] item: Leftovers
|-damage|p2a: Miao|94\/100 brn|[from] brn
|upkeep
|turn|43
|
|t:|1635142801
|move|p2a: Miao|Dazzling Gleam|p1a: Blip Blop
|-damage|p1a: Blip Blop|78\/100
|move|p1a: Blip Blop|Spikes|p2a: Miao
|-sidestart|p2: SimpyShrimp|Spikes
|
|-heal|p2a: Miao|100\/100 brn|[from] item: Leftovers
|-heal|p1a: Blip Blop|84\/100|[from] item: Leftovers
|-damage|p2a: Miao|94\/100 brn|[from] brn
|upkeep
|turn|44
|
|t:|1635142809
|move|p2a: Miao|Dazzling Gleam|p1a: Blip Blop
|-damage|p1a: Blip Blop|61\/100
|move|p1a: Blip Blop|Spikes|p2a: Miao
|-sidestart|p2: SimpyShrimp|Spikes
|
|-heal|p2a: Miao|100\/100 brn|[from] item: Leftovers
|-heal|p1a: Blip Blop|67\/100|[from] item: Leftovers
|-damage|p2a: Miao|94\/100 brn|[from] brn
|upkeep
|turn|45
|
|t:|1635142817
|move|p2a: Miao|Dazzling Gleam|p1a: Blip Blop
|-damage|p1a: Blip Blop|43\/100
|move|p1a: Blip Blop|Recover|p1a: Blip Blop
|-heal|p1a: Blip Blop|93\/100
|
|-heal|p2a: Miao|100\/100 brn|[from] item: Leftovers
|-heal|p1a: Blip Blop|99\/100|[from] item: Leftovers
|-damage|p2a: Miao|94\/100 brn|[from] brn
|upkeep
|turn|46
|
|t:|1635142841
|move|p2a: Miao|Dazzling Gleam|p1a: Blip Blop
|-damage|p1a: Blip Blop|73\/100
|move|p1a: Blip Blop|Discharge|p2a: Miao
|-damage|p2a: Miao|90\/100 brn
|
|-heal|p2a: Miao|97\/100 brn|[from] item: Leftovers
|-heal|p1a: Blip Blop|79\/100|[from] item: Leftovers
|-damage|p2a: Miao|90\/100 brn|[from] brn
|upkeep
|turn|47
|
|t:|1635142857
|move|p2a: Miao|Dazzling Gleam|p1a: Blip Blop
|-damage|p1a: Blip Blop|56\/100
|move|p1a: Blip Blop|Discharge|p2a: Miao
|-damage|p2a: Miao|86\/100 brn
|
|-heal|p2a: Miao|93\/100 brn|[from] item: Leftovers
|-heal|p1a: Blip Blop|61\/100|[from] item: Leftovers
|-damage|p2a: Miao|86\/100 brn|[from] brn
|upkeep
|turn|48
|
|t:|1635142872
|move|p2a: Miao|Dazzling Gleam|p1a: Blip Blop
|-damage|p1a: Blip Blop|39\/100
|move|p1a: Blip Blop|Recover|p1a: Blip Blop
|-heal|p1a: Blip Blop|89\/100
|
|-heal|p2a: Miao|93\/100 brn|[from] item: Leftovers
|-heal|p1a: Blip Blop|95\/100|[from] item: Leftovers
|-damage|p2a: Miao|86\/100 brn|[from] brn
|upkeep
|turn|49
|
|t:|1635142926
|move|p2a: Miao|Dazzling Gleam|p1a: Blip Blop
|-damage|p1a: Blip Blop|70\/100
|move|p1a: Blip Blop|Discharge|p2a: Miao
|-damage|p2a: Miao|82\/100 brn
|
|-heal|p2a: Miao|88\/100 brn|[from] item: Leftovers
|-heal|p1a: Blip Blop|76\/100|[from] item: Leftovers
|-damage|p2a: Miao|82\/100 brn|[from] brn
|upkeep
|turn|50
|
|t:|1635142943
|move|p2a: Miao|Dazzling Gleam|p1a: Blip Blop
|-damage|p1a: Blip Blop|51\/100
|move|p1a: Blip Blop|Discharge|p2a: Miao
|-damage|p2a: Miao|78\/100 brn
|
|-heal|p2a: Miao|84\/100 brn|[from] item: Leftovers
|-heal|p1a: Blip Blop|57\/100|[from] item: Leftovers
|-damage|p2a: Miao|78\/100 brn|[from] brn
|upkeep
|turn|51
|
|t:|1635142961
|move|p2a: Miao|Dazzling Gleam|p1a: Blip Blop
|-damage|p1a: Blip Blop|35\/100
|move|p1a: Blip Blop|Recover|p1a: Blip Blop
|-heal|p1a: Blip Blop|85\/100
|
|-heal|p2a: Miao|84\/100 brn|[from] item: Leftovers
|-heal|p1a: Blip Blop|91\/100|[from] item: Leftovers
|-damage|p2a: Miao|78\/100 brn|[from] brn
|upkeep
|turn|52
|
|t:|1635142975
|move|p2a: Miao|Dazzling Gleam|p1a: Blip Blop
|-damage|p1a: Blip Blop|68\/100
|move|p1a: Blip Blop|Recover|p1a: Blip Blop
|-heal|p1a: Blip Blop|100\/100
|
|-heal|p2a: Miao|84\/100 brn|[from] item: Leftovers
|-damage|p2a: Miao|78\/100 brn|[from] brn
|upkeep
|turn|53
|
|t:|1635142983
|move|p2a: Miao|Dazzling Gleam|p1a: Blip Blop
|-damage|p1a: Blip Blop|77\/100
|move|p1a: Blip Blop|Discharge|p2a: Miao
|-crit|p2a: Miao
|-damage|p2a: Miao|56\/100 brn
|
|-heal|p2a: Miao|62\/100 brn|[from] item: Leftovers
|-heal|p1a: Blip Blop|83\/100|[from] item: Leftovers
|-damage|p2a: Miao|56\/100 brn|[from] brn
|upkeep
|turn|54
|
|t:|1635143005
|move|p2a: Miao|Dazzling Gleam|p1a: Blip Blop
|-damage|p1a: Blip Blop|57\/100
|move|p1a: Blip Blop|Discharge|p2a: Miao
|-damage|p2a: Miao|51\/100 brn
|
|-heal|p2a: Miao|57\/100 brn|[from] item: Leftovers
|-heal|p1a: Blip Blop|63\/100|[from] item: Leftovers
|-damage|p2a: Miao|51\/100 brn|[from] brn
|upkeep
|turn|55
|
|t:|1635143015
|move|p2a: Miao|Dazzling Gleam|p1a: Blip Blop
|-damage|p1a: Blip Blop|40\/100
|move|p1a: Blip Blop|Recover|p1a: Blip Blop
|-heal|p1a: Blip Blop|90\/100
|
|-heal|p2a: Miao|57\/100 brn|[from] item: Leftovers
|-heal|p1a: Blip Blop|96\/100|[from] item: Leftovers
|-damage|p2a: Miao|51\/100 brn|[from] brn
|upkeep
|turn|56
|
|t:|1635143047
|move|p2a: Miao|Dazzling Gleam|p1a: Blip Blop
|-damage|p1a: Blip Blop|71\/100
|move|p1a: Blip Blop|Discharge|p2a: Miao
|-crit|p2a: Miao
|-damage|p2a: Miao|29\/100 brn
|
|-heal|p2a: Miao|35\/100 brn|[from] item: Leftovers
|-heal|p1a: Blip Blop|77\/100|[from] item: Leftovers
|-damage|p2a: Miao|29\/100 brn|[from] brn
|upkeep
|turn|57
|
|t:|1635143061
|move|p2a: Miao|Dazzling Gleam|p1a: Blip Blop
|-damage|p1a: Blip Blop|51\/100
|move|p1a: Blip Blop|Discharge|p2a: Miao
|-damage|p2a: Miao|24\/100 brn
|
|-heal|p2a: Miao|30\/100 brn|[from] item: Leftovers
|-heal|p1a: Blip Blop|57\/100|[from] item: Leftovers
|-damage|p2a: Miao|24\/100 brn|[from] brn
|upkeep
|turn|58
|
|t:|1635143075
|move|p2a: Miao|Cosmic Power|p2a: Miao
|-boost|p2a: Miao|def|0
|-boost|p2a: Miao|spd|0
|move|p1a: Blip Blop|Recover|p1a: Blip Blop
|-heal|p1a: Blip Blop|100\/100
|
|-heal|p2a: Miao|30\/100 brn|[from] item: Leftovers
|-damage|p2a: Miao|24\/100 brn|[from] brn
|upkeep
|turn|59
|
|t:|1635143084
|switch|p1a: Turtle House|Blastoise, M|100\/100
|move|p2a: Miao|Soft-Boiled|p2a: Miao
|-heal|p2a: Miao|74\/100 brn
|
|-heal|p2a: Miao|80\/100 brn|[from] item: Leftovers
|-damage|p2a: Miao|74\/100 brn|[from] brn
|upkeep
|turn|60
|c|☆pupugugu|it's stoise time
|c|☆SimpyShrimp|no
|
|t:|1635143096
|switch|p2a: Truck|Volcanion|100\/100
|-damage|p2a: Truck|76\/100|[from] Spikes
|-damage|p2a: Truck|51\/100|[from] Stealth Rock
|move|p1a: Turtle House|Shell Smash|p1a: Turtle House
|-unboost|p1a: Turtle House|def|1
|-unboost|p1a: Turtle House|spd|1
|-boost|p1a: Turtle House|atk|2
|-boost|p1a: Turtle House|spa|2
|-boost|p1a: Turtle House|spe|2
|
|upkeep
|turn|61
|c|☆pupugugu|hazards do be hurtin tho
|
|t:|1635143109
|move|p1a: Turtle House|Dark Pulse|p2a: Truck
|-damage|p2a: Truck|0 fnt
|-damage|p1a: Turtle House|91\/100|[from] item: Life Orb
|faint|p2a: Truck
|
|upkeep
|
|t:|1635143118
|switch|p2a: Komosomething|Kommo-o, F|100\/100
|-damage|p2a: Komosomething|76\/100|[from] Spikes
|-damage|p2a: Komosomething|69\/100|[from] Stealth Rock
|turn|62
|
|t:|1635143125
|detailschange|p2a: Komosomething|Kommo-o-Mega, F
|-mega|p2a: Komosomething|Kommo-o|Kommonite
|-start|p2a: Komosomething|typechange|Dragon\/Fighting|[silent]
|raw|<ul class="utilichart"><li class="result"><span class="col pokemonnamecol" style="white-space: nowrap">Kommo-o-Mega<\/span> <span class="col typecol"><img src="https:\/\/play.pokemonshowdown.com\/sprites\/types\/Dragon.png" alt="Dragon" height="14" width="32"><img src="https:\/\/play.pokemonshowdown.com\/sprites\/types\/Fighting.png" alt="Fighting" height="14" width="32"><\/span> <span style="float: left ; min-height: 26px"><span class="col abilitycol">Weak Armor<\/span><span class="col abilitycol"><\/span><\/span><span style="float: left ; min-height: 26px"><span class="col statcol"><em>HP<\/em><br>75<\/span> <span class="col statcol"><em>Atk<\/em><br>130<\/span> <span class="col statcol"><em>Def<\/em><br>145<\/span> <span class="col statcol"><em>SpA<\/em><br>150<\/span> <span class="col statcol"><em>SpD<\/em><br>115<\/span> <span class="col statcol"><em>Spe<\/em><br>85<\/span> <\/span><\/li><li style="clear: both"><\/li><\/ul>
|-hint|Kommo-o-Mega was submitted by MegaFlareon!
|move|p1a: Turtle House|Ice Beam|p2a: Komosomething
|-supereffective|p2a: Komosomething
|-damage|p2a: Komosomething|0 fnt
|-damage|p1a: Turtle House|81\/100|[from] item: Life Orb
|faint|p2a: Komosomething
|
|upkeep
|c|☆pupugugu|gg
|c|☆SimpyShrimp|gg
|
|t:|1635143135
|switch|p2a: Herachad|Heracross, F|100\/100
|-damage|p2a: Herachad|76\/100|[from] Spikes
|-damage|p2a: Herachad|63\/100|[from] Stealth Rock
|turn|63
|
|t:|1635143141
|move|p2a: Herachad|Endure|p2a: Herachad
|-singleturn|p2a: Herachad|move: Endure
|move|p1a: Turtle House|Surf|p2a: Herachad
|-activate|p2a: Herachad|move: Endure
|-damage|p2a: Herachad|1\/100
|-enditem|p2a: Herachad|Salac Berry|[eat]
|-boost|p2a: Herachad|spe|1|[from] item: Salac Berry
|-damage|p1a: Turtle House|71\/100|[from] item: Life Orb
|
|upkeep
|turn|64
|c|☆pupugugu|oh dang
|
|t:|1635143151
|switch|p1a: Azzy|Salamence, F|100\/100
|-ability|p1a: Azzy|Intimidate|boost
|-unboost|p2a: Herachad|atk|1
|move|p2a: Herachad|Reversal|p1a: Azzy
|-resisted|p1a: Azzy
|-damage|p1a: Azzy|65\/100
|
|upkeep
|turn|65
|
|t:|1635143159
|move|p2a: Herachad|Rock Slide|p1a: Azzy
|-supereffective|p1a: Azzy
|-damage|p1a: Azzy|30\/100
|cant|p1a: Azzy|flinch
|
|upkeep
|turn|66
|
|t:|1635143164
|switch|p1a: Smio|Mew|100\/100
|move|p2a: Herachad|Rock Slide|p1a: Smio
|-damage|p1a: Smio|85\/100
|
|-heal|p1a: Smio|91\/100|[from] item: Leftovers
|upkeep
|turn|67
|
|t:|1635143172
|switch|p1a: Azzy|Salamence, F|30\/100
|-ability|p1a: Azzy|Intimidate|boost
|-unboost|p2a: Herachad|atk|1
|move|p2a: Herachad|Megahorn|p1a: Azzy
|-resisted|p1a: Azzy
|-damage|p1a: Azzy|15\/100
|
|upkeep
|turn|68
|
|t:|1635143179
|switch|p1a: Smio|Mew|91\/100
|move|p2a: Herachad|Rock Slide|p1a: Smio
|-damage|p1a: Smio|80\/100
|
|-heal|p1a: Smio|86\/100|[from] item: Leftovers
|upkeep
|turn|69
|
|t:|1635143188
|move|p2a: Herachad|Megahorn|p1a: Smio|[miss]
|-miss|p2a: Herachad|p1a: Smio
|move|p1a: Smio|U-turn|p2a: Herachad
|-resisted|p2a: Herachad
|-damage|p2a: Herachad|0 fnt
|faint|p2a: Herachad
|c|☆pupugugu|rip
|
|t:|1635143191
|switch|p1a: Turtle House|Blastoise, M|71\/100|[from]move: U-turn
|
|upkeep
|c|☆SimpyShrimp|gg
|c|☆pupugugu|gg haha
|
|t:|1635143196
|switch|p2a: Swaggron|Aggron, M|53\/100 brn
|-damage|p2a: Swaggron|28\/100 brn|[from] Spikes
|-damage|p2a: Swaggron|22\/100 brn|[from] Stealth Rock
|turn|70
|
|t:|1635143203
|move|p1a: Turtle House|Surf|p2a: Swaggron
|-supereffective|p2a: Swaggron
|-damage|p2a: Swaggron|0 fnt
|-damage|p1a: Turtle House|62\/100|[from] item: Life Orb
|faint|p2a: Swaggron
|
|upkeep
|
|t:|1635143208
|switch|p2a: Miao|Mew|74\/100 brn
|-damage|p2a: Miao|62\/100 brn|[from] Stealth Rock
|-damage|p2a: Miao|37\/100 brn|[from] Spikes
|turn|71
|-message|SimpyShrimp forfeited.
|
|win|pupugugu
|l|☆SimpyShrimp</script>
</div>
<div class="battle-log battle-log-inline"><div class="inner"><div class="battle-options"><div style="padding-top: 3px; padding-right: 3px; text-align: right"><button class="icon button" name="openBattleOptions" title="Options">Battle Options</button></div></div><div class="inner message-log"><div class="chat"><small>☆pupugugu and ☆SimpyShrimp joined</small></div><div class=""><small>Format:</small> <br><strong>[Gen 8] Megas for All</strong></div><div class="rated"><strong>Tournament battle</strong></div><div class=""><small><em>HP Percentage Mod:</em> HP is shown in percentages</small></div><div class=""><small><em>Endless Battle Clause:</em> Forcing endless battles is banned</small></div><div class=""><small><em>OHKO Clause:</em> OHKO moves are banned</small></div><div class=""><small><em>Evasion Moves Clause:</em> Evasion moves are banned</small></div><div class=""><small><em>Species Clause:</em> Limit one of each Pokémon</small></div><div class=""><small><em>Dynamax Clause:</em> You cannot dynamax</small></div><div class=""><small><em>Sleep Clause Mod:</em> Limit one foe put to sleep</small></div><div class=""><small><em>Freeze Clause Mod:</em> Limit one foe frozen</small></div><div class="chat"><img src="https://raw.githubusercontent.com/scoopapa/DH/master/data/mods/m4av6/sprites/m4a_banner.png" height="65" width="381"></div><div class="spacer battle-history"><br></div><div class="battle-history"><small>Welcome to Megas for All!</small><br></div><div class="battle-history"><small>This is a National Dex-based format where we aim to give a new Mega Evolution to every Pokémon.</small><br></div><div class="battle-history"><small>Just like any official format, you can still only Mega Evolve one Pokémon per team!</small><br></div><div class="battle-history"><small>You can find our thread and metagame resources here:</small><br></div><div class="battle-history"><small>https://www.smogon.com/forums/threads/3671140/</small><br></div><div class="chat battle-history"><strong>pupugugu's team:</strong> <em style="color:#445566;display:block;">Araquanid / Blastoise / Mew / Salamence / Mr. Rime / Pincurchin</em></div><div class="chat battle-history"><strong>SimpyShrimp's team:</strong> <em style="color:#445566;display:block;">Aggron / Heracross / Kommo-o / Linoone / Mew / Volcanion</em></div><div class="chat"><small> JosJet and #inkbug1 joined</small></div><div class="chat chatmessage-simpyshrimp"><strong style="color:#ae6819"><small>☆</small><span class="username" data-name="SimpyShrimp">SimpyShrimp</span>:</strong> <em>glhf</em></div><div class="chat chatmessage-josjet"><strong style="color:#41b2b6"><small> </small><span class="username" data-name="JosJet">JosJet</span>:</strong> <em>glhf both</em></div><div class="chat chatmessage-pupugugu"><strong style="color:#2b7b91"><small>☆</small><span class="username" data-name="pupugugu">pupugugu</span>:</strong> <em>glhf</em></div><div class="spacer battle-history"><br></div><div class="battle-history">Battle started between pupugugu and SimpyShrimp!<br></div><div class="spacer battle-history"><br></div><div class="battle-history">Go! Moustachio (<strong>Mr. Rime</strong>)!<br></div><div class="spacer battle-history"><br></div><div class="battle-history">SimpyShrimp sent out PlainPaul (<strong>Linoone</strong>)!<br></div><div class="spacer battle-history"><br></div><h2 class="battle-history">Turn 1</h2><div class="spacer battle-history"><br></div><div class="battle-history">The opposing PlainPaul used <strong>Belly Drum</strong>!<br></div><div class="battle-history"><small>(The opposing PlainPaul lost 50% of its health!)</small><br></div><div class="battle-history"><small>The opposing PlainPaul cut its own HP and maximized its Attack!</small><br></div><div class="battle-history"><small>(The opposing PlainPaul ate its Sitrus Berry!)</small><br></div><div class="battle-history"><small>The opposing PlainPaul restored HP using its Sitrus Berry!</small><br></div><div class="spacer battle-history"><br></div><div class="battle-history">Moustachio used <strong>Ice Beam</strong>!<br></div><div class="battle-history"><small>(The opposing PlainPaul lost 75% of its health!)</small><br></div><div class="spacer battle-history"><br></div><div class="battle-history">The opposing PlainPaul fainted!<br></div><div class="chat chatmessage-pupugugu"><strong style="color:#2b7b91"><small>☆</small><span class="username" data-name="pupugugu">pupugugu</span>:</strong> <em>rip</em></div><div class="spacer battle-history"><br></div><div class="battle-history">SimpyShrimp sent out Swaggron (<strong>Aggron</strong>)!<br></div><div class="spacer battle-history"><br></div><h2 class="battle-history">Turn 2</h2><div class="chat chatmessage-pupugugu"><strong style="color:#2b7b91"><small>☆</small><span class="username" data-name="pupugugu">pupugugu</span>:</strong> <em>you know you can run</em></div><div class="chat chatmessage-pupugugu"><strong style="color:#2b7b91"><small>☆</small><span class="username" data-name="pupugugu">pupugugu</span>:</strong> <em>a bigger berry than sitrus</em></div><div class="chat chatmessage-pupugugu"><strong style="color:#2b7b91"><small>☆</small><span class="username" data-name="pupugugu">pupugugu</span>:</strong> <em>bc of gluttony :0</em></div><div class="chat chatmessage-simpyshrimp"><strong style="color:#ae6819"><small>☆</small><span class="username" data-name="SimpyShrimp">SimpyShrimp</span>:</strong> <em>ye</em></div><div class="chat chatmessage-simpyshrimp"><strong style="color:#ae6819"><small>☆</small><span class="username" data-name="SimpyShrimp">SimpyShrimp</span>:</strong> <em>glut</em></div><div class="chat chatmessage-pupugugu"><strong style="color:#2b7b91"><small>☆</small><span class="username" data-name="pupugugu">pupugugu</span>:</strong> <em>time to lose one to head smash i guess</em></div><div class="spacer battle-history"><br></div><div class="battle-history">Moustachio, come back!<br></div><div class="battle-history">Go! Smio (<strong>Mew</strong>)!<br></div><div class="spacer battle-history"><br></div><div class="battle-history">The opposing Swaggron used <strong>Rock Polish</strong>!<br></div><div class="battle-history"><small>The opposing Swaggron's Speed rose sharply!</small><br></div><div class="spacer battle-history"><br></div><h2 class="battle-history">Turn 3</h2><div class="spacer battle-history"><br></div><div class="battle-history">The opposing Swaggron used <strong>Head Smash</strong>!<br></div><div class="battle-history"><small>(Smio lost 54% of its health!)</small><br></div><div class="spacer battle-history"><br></div><div class="battle-history">Smio used <strong>Will-O-Wisp</strong>!<br></div><div class="battle-history"><small>The opposing Swaggron was burned!</small><br></div><div class="spacer battle-history"><br></div><div class="battle-history"><small>Smio restored a little HP using its Leftovers!</small><br></div><div class="battle-history"><small>The opposing Swaggron was hurt by its burn!</small><br></div><div class="spacer battle-history"><br></div><h2 class="battle-history">Turn 4</h2><div class="chat chatmessage-pupugugu"><strong style="color:#2b7b91"><small>☆</small><span class="username" data-name="pupugugu">pupugugu</span>:</strong> <em>i'll take it</em></div><div class="spacer battle-history"><br></div><div class="battle-history">The opposing Swaggron used <strong>Head Smash</strong>!<br></div><div class="battle-history"><small>Smio avoided the attack!</small><br></div><div class="spacer battle-history"><br></div><div class="battle-history">Smio used <strong>Soft-Boiled</strong>!<br></div><div class="battle-history"><small>Smio had its HP restored.</small><br></div><div class="spacer battle-history"><br></div><div class="battle-history"><small>The opposing Swaggron was hurt by its burn!</small><br></div><div class="spacer battle-history"><br></div><h2 class="battle-history">Turn 5</h2><div class="spacer battle-history"><br></div><div class="battle-history">The opposing Swaggron used <strong>Head Smash</strong>!<br></div><div class="battle-history"><small>(Smio lost 31% of its health!)</small><br></div><div class="spacer battle-history"><br></div><div class="battle-history">Smio used <strong>Stealth Rock</strong>!<br></div><div class="battle-history"><small>Pointed stones float in the air around the opposing team!</small><br></div><div class="spacer battle-history"><br></div><div class="battle-history"><small>Smio restored a little HP using its Leftovers!</small><br></div><div class="battle-history"><small>The opposing Swaggron was hurt by its burn!</small><br></div><div class="spacer battle-history"><br></div><h2 class="battle-history">Turn 6</h2><div class="spacer battle-history"><br></div><div class="battle-history">The opposing Swaggron used <strong>Head Smash</strong>!<br></div><div class="battle-history"><small>Smio avoided the attack!</small><br></div><div class="spacer battle-history"><br></div><div class="battle-history">Smio used <strong>Soft-Boiled</strong>!<br></div><div class="battle-history"><small>Smio had its HP restored.</small><br></div><div class="spacer battle-history"><br></div><div class="battle-history"><small>The opposing Swaggron was hurt by its burn!</small><br></div><div class="spacer battle-history"><br></div><h2 class="battle-history">Turn 7</h2><div class="chat chatmessage-simpyshrimp"><strong style="color:#ae6819"><small>☆</small><span class="username" data-name="SimpyShrimp">SimpyShrimp</span>:</strong> <em>i have 2 version</em></div><div class="chat chatmessage-pupugugu"><strong style="color:#2b7b91"><small>☆</small><span class="username" data-name="pupugugu">pupugugu</span>:</strong> <em>i was scared of choice band tbh</em></div><div class="chat chatmessage-simpyshrimp"><strong style="color:#ae6819"><small>☆</small><span class="username" data-name="SimpyShrimp">SimpyShrimp</span>:</strong> <em>this team is generally worse</em></div><div class="spacer battle-history"><br></div><div class="battle-history">The opposing Swaggron used <strong>Head Smash</strong>!<br></div><div class="battle-history"><small>(Smio lost 28% of its health!)</small><br></div><div class="spacer battle-history"><br></div><div class="battle-history">Smio used <strong>U-turn</strong>!<br></div><div class="battle-history"><small>It's not very effective...</small><br></div><div class="battle-history"><small>(The opposing Swaggron lost 5% of its health!)</small><br></div><div class="spacer battle-history"><br></div><div class="battle-history">Smio went back to pupugugu!<br></div><div class="battle-history">Go! Azzy (<strong>Salamence</strong>)!<br></div><div class="battle-history">[Azzy's Intimidate]<br></div><div class="battle-history"><small>The opposing Swaggron's Attack fell!</small><br></div><div class="spacer battle-history"><br></div><div class="battle-history"><small>The opposing Swaggron was hurt by its burn!</small><br></div><div class="spacer battle-history"><br></div><h2 class="battle-history">Turn 8</h2><div class="spacer battle-history"><br></div><div class="battle-history">Azzy, come back!<br></div><div class="battle-history">Go! Smio (<strong>Mew</strong>)!<br></div><div class="spacer battle-history"><br></div><div class="battle-history">The opposing Swaggron used <strong>Head Smash</strong>!<br></div><div class="battle-history"><small>(Smio lost 18% of its health!)</small><br></div><div class="spacer battle-history"><br></div><div class="battle-history"><small>Smio restored a little HP using its Leftovers!</small><br></div><div class="battle-history"><small>The opposing Swaggron was hurt by its burn!</small><br></div><div class="spacer battle-history"><br></div><h2 class="battle-history">Turn 9</h2><div class="spacer battle-history"><br></div><div class="battle-history">The opposing Swaggron used <strong>Head Smash</strong>!<br></div><div class="battle-history"><small>Smio avoided the attack!</small><br></div><div class="spacer battle-history"><br></div><div class="battle-history">Smio used <strong>Soft-Boiled</strong>!<br></div><div class="battle-history"><small>Smio had its HP restored.</small><br></div><div class="spacer battle-history"><br></div><div class="battle-history"><small>The opposing Swaggron was hurt by its burn!</small><br></div><div class="spacer battle-history"><br></div><h2 class="battle-history">Turn 10</h2><div class="spacer battle-history"><br></div><div class="battle-history">SimpyShrimp withdrew Swaggron!<br></div><div class="battle-history">SimpyShrimp sent out Miao (<strong>Mew</strong>)!<br></div><div class="battle-history"><small>Pointed stones dug into the opposing Miao!</small><br></div><div class="spacer battle-history"><br></div><div class="battle-history">Smio used <strong>U-turn</strong>!<br></div><div class="battle-history"><small>It's super effective!</small><br></div><div class="battle-history"><small>(The opposing Miao lost 28% of its health!)</small><br></div><div class="spacer battle-history"><br></div><div class="battle-history">Smio went back to pupugugu!<br></div><div class="battle-history">Go! Azzy (<strong>Salamence</strong>)!<br></div><div class="battle-history">[Azzy's Intimidate]<br></div><div class="battle-history"><small>The opposing Miao's Attack fell!</small><br></div><div class="spacer battle-history"><br></div><div class="battle-history"><small>The opposing Miao restored a little HP using its Leftovers!</small><br></div><div class="spacer battle-history"><br></div><h2 class="battle-history">Turn 11</h2><div class="spacer battle-history"><br></div><div class="battle-history">Azzy used <strong>Hurricane</strong>!<br></div><div class="battle-history"><small>(The opposing Miao lost 26% of its health!)</small><br></div><div class="spacer battle-history"><br></div><div class="battle-history">The opposing Miao used <strong>Cosmic Power</strong>!<br></div><div class="battle-history"><small>The opposing Miao's Defense rose!</small><br></div><div class="battle-history"><small>The opposing Miao's Sp. Def rose!</small><br></div><div class="spacer battle-history"><br></div><div class="battle-history"><small>The opposing Miao restored a little HP using its Leftovers!</small><br></div><div class="spacer battle-history"><br></div><h2 class="battle-history">Turn 12</h2><div class="chat chatmessage-pupugugu"><strong style="color:#2b7b91"><small>☆</small><span class="username" data-name="pupugugu">pupugugu</span>:</strong> <em>AW HELL NO GET ME OUT</em></div><div class="spacer battle-history"><br></div><div class="battle-history">Azzy, come back!<br></div><div class="battle-history">Go! Moustachio (<strong>Mr. Rime</strong>)!<br></div><div class="spacer battle-history"><br></div><div class="battle-history">The opposing Miao used <strong>Soft-Boiled</strong>!<br></div><div class="battle-history"><small>The opposing Miao had its HP restored.</small><br></div><div class="spacer battle-history"><br></div><div class="battle-history"><small>The opposing Miao restored a little HP using its Leftovers!</small><br></div><div class="spacer battle-history"><br></div><h2 class="battle-history">Turn 13</h2><div class="spacer battle-history"><br></div><div class="battle-history">Moustachio used <strong>Ice Beam</strong>!<br></div><div class="battle-history"><small>A critical hit!</small><br></div><div class="battle-history"><small>(The opposing Miao lost 62% of its health!)</small><br></div><div class="spacer battle-history"><br></div><div class="battle-history">The opposing Miao used <strong>Cosmic Power</strong>!<br></div><div class="battle-history"><small>The opposing Miao's Defense rose!</small><br></div><div class="battle-history"><small>The opposing Miao's Sp. Def rose!</small><br></div><div class="spacer battle-history"><br></div><div class="battle-history"><small>The opposing Miao restored a little HP using its Leftovers!</small><br></div><div class="spacer battle-history"><br></div><h2 class="battle-history">Turn 14</h2><div class="spacer battle-history"><br></div><div class="battle-history">Moustachio, come back!<br></div><div class="battle-history">Go! MURDER SPIDER (<strong>Araquanid</strong>)!<br></div><div class="spacer battle-history"><br></div><div class="battle-history">The opposing Miao used <strong>Soft-Boiled</strong>!<br></div><div class="battle-history"><small>The opposing Miao had its HP restored.</small><br></div><div class="spacer battle-history"><br></div><div class="battle-history"><small>The opposing Miao restored a little HP using its Leftovers!</small><br></div><div class="spacer battle-history"><br></div><h2 class="battle-history">Turn 15</h2><div class="spacer battle-history"><br></div><div class="battle-history"><small>MURDER SPIDER's Araquanite is reacting to the Key Stone!</small><br>MURDER SPIDER has Mega Evolved into Mega Araquanid!<br></div><div class="chat"><ul class="utilichart"><li class="result"><span class="col pokemonnamecol" style="white-space: nowrap">Araquanid-Mega</span> <span class="col typecol"><img src="https://play.pokemonshowdown.com/sprites/types/Water.png" alt="Water" height="14" width="32"><img src="https://play.pokemonshowdown.com/sprites/types/Bug.png" alt="Bug" height="14" width="32"></span> <span style="float: left ; min-height: 26px"><span class="col abilitycol">Body of Water</span><span class="col abilitycol"></span></span><span style="float: left ; min-height: 26px"><span class="col statcol"><em>HP</em><br>68</span> <span class="col statcol"><em>Atk</em><br>70</span> <span class="col statcol"><em>Def</em><br>147</span> <span class="col statcol"><em>SpA</em><br>50</span> <span class="col statcol"><em>SpD</em><br>177</span> <span class="col statcol"><em>Spe</em><br>42</span> </span></li><li style="clear: both"></li></ul></div><div class="battle-history"><small>(Araquanid-Mega was submitted by Hematite!)</small><br></div><div class="spacer battle-history"><br></div><div class="battle-history">The opposing Miao used <strong>Cosmic Power</strong>!<br></div><div class="battle-history"><small>The opposing Miao's Defense rose!</small><br></div><div class="battle-history"><small>The opposing Miao's Sp. Def rose!</small><br></div><div class="spacer battle-history"><br></div><div class="battle-history">MURDER SPIDER used <strong>Stockpile</strong>!<br></div><div class="battle-history"><small>MURDER SPIDER stockpiled 1!</small><br></div><div class="battle-history"><small>MURDER SPIDER's Defense rose!</small><br></div><div class="battle-history"><small>MURDER SPIDER's Sp. Def rose!</small><br></div><div class="spacer battle-history"><br></div><div class="battle-history"><small>The opposing Miao restored a little HP using its Leftovers!</small><br></div><div class="spacer battle-history"><br></div><h2 class="battle-history">Turn 16</h2><div class="spacer battle-history"><br></div><div class="battle-history">The opposing Miao used <strong>Stored Power</strong>!<br></div><div class="battle-history"><small>(MURDER SPIDER lost 14% of its health!)</small><br></div><div class="spacer battle-history"><br></div><div class="battle-history">MURDER SPIDER used <strong>Stockpile</strong>!<br></div><div class="battle-history"><small>MURDER SPIDER stockpiled 2!</small><br></div><div class="battle-history"><small>MURDER SPIDER's Defense rose!</small><br></div><div class="battle-history"><small>MURDER SPIDER's Sp. Def rose!</small><br></div><div class="spacer battle-history"><br></div><h2 class="battle-history">Turn 17</h2><div class="chat chatmessage-pupugugu"><strong style="color:#2b7b91"><small>☆</small><span class="username" data-name="pupugugu">pupugugu</span>:</strong> <em>CHIP</em></div><div class="chat chatmessage-simpyshrimp"><strong style="color:#ae6819"><small>☆</small><span class="username" data-name="SimpyShrimp">SimpyShrimp</span>:</strong> <em>murder</em></div><div class="spacer battle-history"><br></div><div class="battle-history">The opposing Miao used <strong>Cosmic Power</strong>!<br></div><div class="battle-history"><small>The opposing Miao's Defense rose!</small><br></div><div class="battle-history"><small>The opposing Miao's Sp. Def rose!</small><br></div><div class="spacer battle-history"><br></div><div class="battle-history">MURDER SPIDER used <strong>Stockpile</strong>!<br></div><div class="battle-history"><small>MURDER SPIDER stockpiled 3!</small><br></div><div class="battle-history"><small>MURDER SPIDER's Defense rose!</small><br></div><div class="battle-history"><small>MURDER SPIDER's Sp. Def rose!</small><br></div><div class="spacer battle-history"><br></div><h2 class="battle-history">Turn 18</h2><div class="spacer battle-history"><br></div><div class="battle-history">The opposing Miao used <strong>Cosmic Power</strong>!<br></div><div class="battle-history"><small>The opposing Miao's Defense rose!</small><br></div><div class="battle-history"><small>The opposing Miao's Sp. Def rose!</small><br></div><div class="spacer battle-history"><br></div><div class="battle-history">MURDER SPIDER used <strong>Infestation</strong>!<br></div><div class="battle-history"><small>It's super effective!</small><br></div><div class="battle-history"><small>(The opposing Miao lost 1% of its health!)</small><br></div><div class="battle-history"><small>The opposing Miao has been afflicted with an infestation by MURDER SPIDER!</small><br></div><div class="spacer battle-history"><br></div><div class="battle-history"><small>The opposing Miao restored a little HP using its Leftovers!</small><br></div><div class="battle-history"><small>The opposing Miao is hurt by Infestation!</small><br></div><div class="spacer battle-history"><br></div><h2 class="battle-history">Turn 19</h2><div class="chat chatmessage-inkbug1 mine"><strong style="color:#e46e0f"><small>#</small><span class="username" data-name="inkbug1">inkbug1</span>:</strong> <em>oh y m god </em></div><div class="chat chatmessage-inkbug1 mine"><strong style="color:#e46e0f"><small>#</small><span class="username" data-name="inkbug1">inkbug1</span>:</strong> <em>hell world</em></div><div class="spacer battle-history"><br></div><div class="battle-history">The opposing Miao used <strong>Cosmic Power</strong>!<br></div><div class="battle-history"><small>The opposing Miao's Defense rose!</small><br></div><div class="battle-history"><small>The opposing Miao's Sp. Def rose!</small><br></div><div class="spacer battle-history"><br></div><div class="battle-history">MURDER SPIDER used <strong>Infestation</strong>!<br></div><div class="battle-history"><small>It's super effective!</small><br></div><div class="battle-history"><small>(The opposing Miao lost 1% of its health!)</small><br></div><div class="spacer battle-history"><br></div><div class="battle-history"><small>The opposing Miao restored a little HP using its Leftovers!</small><br></div><div class="battle-history"><small>The opposing Miao is hurt by Infestation!</small><br></div><div class="spacer battle-history"><br></div><h2 class="battle-history">Turn 20</h2><div class="spacer battle-history"><br></div><div class="battle-history">The opposing Miao used <strong>Stored Power</strong>!<br></div><div class="battle-history"><small>(MURDER SPIDER lost 19% of its health!)</small><br></div><div class="spacer battle-history"><br></div><div class="battle-history">MURDER SPIDER used <strong>Infestation</strong>!<br></div><div class="battle-history"><small>It's super effective!</small><br></div><div class="battle-history"><small>(The opposing Miao lost 1% of its health!)</small><br></div><div class="spacer battle-history"><br></div><div class="battle-history"><small>The opposing Miao restored a little HP using its Leftovers!</small><br></div><div class="battle-history"><small>The opposing Miao is hurt by Infestation!</small><br></div><div class="spacer battle-history"><br></div><h2 class="battle-history">Turn 21</h2><div class="chat chatmessage-pupugugu"><strong style="color:#2b7b91"><small>☆</small><span class="username" data-name="pupugugu">pupugugu</span>:</strong> <em>chiiip</em></div><div class="spacer battle-history"><br></div><div class="battle-history">The opposing Miao used <strong>Stored Power</strong>!<br></div><div class="battle-history"><small>(MURDER SPIDER lost 17% of its health!)</small><br></div><div class="spacer battle-history"><br></div><div class="battle-history">MURDER SPIDER used <strong>Infestation</strong>!<br></div><div class="battle-history"><small>It's super effective!</small><br></div><div class="battle-history"><small>(The opposing Miao lost 2% of its health!)</small><br></div><div class="spacer battle-history"><br></div><div class="battle-history"><small>The opposing Miao restored a little HP using its Leftovers!</small><br></div><div class="battle-history"><small>The opposing Miao is hurt by Infestation!</small><br></div><div class="spacer battle-history"><br></div><h2 class="battle-history">Turn 22</h2><div class="spacer battle-history"><br></div><div class="battle-history">The opposing Miao used <strong>Stored Power</strong>!<br></div><div class="battle-history"><small>(MURDER SPIDER lost 16% of its health!)</small><br></div><div class="spacer battle-history"><br></div><div class="battle-history">MURDER SPIDER used <strong>Rest</strong>!<br></div><div class="battle-history"><small>MURDER SPIDER slept and became healthy!</small><br></div><div class="spacer battle-history"><br></div><div class="battle-history"><small>The opposing Miao restored a little HP using its Leftovers!</small><br></div><div class="battle-history"><small>The opposing Miao is hurt by Infestation!</small><br></div><div class="spacer battle-history"><br></div><h2 class="battle-history">Turn 23</h2><div class="spacer battle-history"><br></div><div class="battle-history">The opposing Miao used <strong>Stored Power</strong>!<br></div><div class="battle-history"><small>(MURDER SPIDER lost 17% of its health!)</small><br></div><div class="spacer battle-history"><br></div><div class="battle-history">MURDER SPIDER is fast asleep.<br></div><div class="spacer battle-history"><br></div><div class="battle-history"><small>The opposing Miao restored a little HP using its Leftovers!</small><br></div><div class="battle-history"><small>The opposing Miao was freed from Infestation!</small><br></div><div class="spacer battle-history"><br></div><h2 class="battle-history">Turn 24</h2><div class="spacer battle-history"><br></div><div class="battle-history">The opposing Miao used <strong>Stored Power</strong>!<br></div><div class="battle-history"><small>(MURDER SPIDER lost 17% of its health!)</small><br></div><div class="spacer battle-history"><br></div><div class="battle-history">MURDER SPIDER is fast asleep.<br></div><div class="spacer battle-history"><br></div><div class="battle-history"><small>The opposing Miao restored a little HP using its Leftovers!</small><br></div><div class="spacer battle-history"><br></div><h2 class="battle-history">Turn 25</h2><div class="chat chatmessage-simpyshrimp"><strong style="color:#ae6819"><small>☆</small><span class="username" data-name="SimpyShrimp">SimpyShrimp</span>:</strong> <em>hm</em></div><div class="chat chatmessage-simpyshrimp"><strong style="color:#ae6819"><small>☆</small><span class="username" data-name="SimpyShrimp">SimpyShrimp</span>:</strong> <em>i think i might lose</em></div><div class="chat chatmessage-pupugugu"><strong style="color:#2b7b91"><small>☆</small><span class="username" data-name="pupugugu">pupugugu</span>:</strong> <em>maybe</em></div><div class="chat chatmessage-simpyshrimp"><strong style="color:#ae6819"><small>☆</small><span class="username" data-name="SimpyShrimp">SimpyShrimp</span>:</strong> <em> stalled</em></div><div class="spacer battle-history"><br></div><div class="battle-history">The opposing Miao used <strong>Soft-Boiled</strong>!<br></div><div class="battle-history"><small>The opposing Miao had its HP restored.</small><br></div><div class="battle-history"><small>MURDER SPIDER woke up!</small><br></div><div class="spacer battle-history"><br></div><div class="battle-history">MURDER SPIDER used <strong>Infestation</strong>!<br></div><div class="battle-history"><small>It's super effective!</small><br></div><div class="battle-history"><small>(The opposing Miao lost 1% of its health!)</small><br></div><div class="battle-history"><small>The opposing Miao has been afflicted with an infestation by MURDER SPIDER!</small><br></div><div class="spacer battle-history"><br></div><div class="battle-history"><small>The opposing Miao restored a little HP using its Leftovers!</small><br></div><div class="battle-history"><small>The opposing Miao is hurt by Infestation!</small><br></div><div class="spacer battle-history"><br></div><h2 class="battle-history">Turn 26</h2><div class="chat chatmessage-simpyshrimp"><strong style="color:#ae6819"><small>☆</small><span class="username" data-name="SimpyShrimp">SimpyShrimp</span>:</strong> <em>sleep stalled</em></div><div class="spacer battle-history"><br></div><div class="battle-history">The opposing Miao used <strong>Cosmic Power</strong>!<br></div><div class="battle-history"><small>The opposing Miao's Defense won't go any higher!</small><br></div><div class="battle-history"><small>The opposing Miao's Sp. Def won't go any higher!</small><br></div><div class="spacer battle-history"><br></div><div class="battle-history">MURDER SPIDER used <strong>Scald</strong>!<br></div><div class="battle-history"><small>(The opposing Miao lost 9% of its health!)</small><br></div><div class="spacer battle-history"><br></div><div class="battle-history"><small>The opposing Miao restored a little HP using its Leftovers!</small><br></div><div class="battle-history"><small>The opposing Miao is hurt by Infestation!</small><br></div><div class="spacer battle-history"><br></div><h2 class="battle-history">Turn 27</h2><div class="spacer battle-history"><br></div><div class="battle-history">The opposing Miao used <strong>Cosmic Power</strong>!<br></div><div class="battle-history"><small>The opposing Miao's Defense won't go any higher!</small><br></div><div class="battle-history"><small>The opposing Miao's Sp. Def won't go any higher!</small><br></div><div class="spacer battle-history"><br></div><div class="battle-history">MURDER SPIDER used <strong>Scald</strong>!<br></div><div class="battle-history"><small>(The opposing Miao lost 9% of its health!)</small><br></div><div class="battle-history"><small>The opposing Miao was burned!</small><br></div><div class="battle-history">[The opposing Miao's Synchronize]<br></div><div class="battle-history"><small>MURDER SPIDER was burned!</small><br></div><div class="spacer battle-history"><br></div><div class="battle-history"><small>The opposing Miao restored a little HP using its Leftovers!</small><br></div><div class="battle-history"><small>The opposing Miao was hurt by its burn!</small><br></div><div class="battle-history"><small>MURDER SPIDER was hurt by its burn!</small><br></div><div class="battle-history"><small>The opposing Miao is hurt by Infestation!</small><br></div><div class="spacer battle-history"><br></div><h2 class="battle-history">Turn 28</h2><div class="spacer battle-history"><br></div><div class="battle-history">The opposing Miao used <strong>Dazzling Gleam</strong>!<br></div><div class="battle-history"><small>A critical hit!</small><br></div><div class="battle-history"><small>(MURDER SPIDER lost 15% of its health!)</small><br></div><div class="spacer battle-history"><br></div><div class="battle-history">MURDER SPIDER used <strong>Rest</strong>!<br></div><div class="battle-history"><small>MURDER SPIDER slept and became healthy!</small><br></div><div class="spacer battle-history"><br></div><div class="battle-history"><small>The opposing Miao restored a little HP using its Leftovers!</small><br></div><div class="battle-history"><small>The opposing Miao was hurt by its burn!</small><br></div><div class="battle-history"><small>The opposing Miao is hurt by Infestation!</small><br></div><div class="spacer battle-history"><br></div><h2 class="battle-history">Turn 29</h2><div class="chat chatmessage-simpyshrimp"><strong style="color:#ae6819"><small>☆</small><span class="username" data-name="SimpyShrimp">SimpyShrimp</span>:</strong> <em>bruh</em></div><div class="chat chatmessage-pupugugu"><strong style="color:#2b7b91"><small>☆</small><span class="username" data-name="pupugugu">pupugugu</span>:</strong> <em>nice crit lol</em></div><div class="chat chatmessage-pupugugu"><strong style="color:#2b7b91"><small>☆</small><span class="username" data-name="pupugugu">pupugugu</span>:</strong> <em>to be fair tho, it's not boosted</em></div><div class="spacer battle-history"><br></div><div class="battle-history">The opposing Miao used <strong>Soft-Boiled</strong>!<br></div><div class="battle-history"><small>The opposing Miao had its HP restored.</small><br></div><div class="spacer battle-history"><br></div><div class="battle-history">MURDER SPIDER is fast asleep.<br></div><div class="spacer battle-history"><br></div><div class="battle-history"><small>The opposing Miao restored a little HP using its Leftovers!</small><br></div><div class="battle-history"><small>The opposing Miao was hurt by its burn!</small><br></div><div class="battle-history"><small>The opposing Miao was freed from Infestation!</small><br></div><div class="spacer battle-history"><br></div><h2 class="battle-history">Turn 30</h2><div class="chat chatmessage-simpyshrimp"><strong style="color:#ae6819"><small>☆</small><span class="username" data-name="SimpyShrimp">SimpyShrimp</span>:</strong> <em>yeah</em></div><div class="spacer battle-history"><br></div><div class="battle-history">The opposing Miao used <strong>Cosmic Power</strong>!<br></div><div class="battle-history"><small>The opposing Miao's Defense won't go any higher!</small><br></div><div class="battle-history"><small>The opposing Miao's Sp. Def won't go any higher!</small><br></div><div class="spacer battle-history"><br></div><div class="battle-history">MURDER SPIDER is fast asleep.<br></div><div class="spacer battle-history"><br></div><div class="battle-history"><small>The opposing Miao restored a little HP using its Leftovers!</small><br></div><div class="battle-history"><small>The opposing Miao was hurt by its burn!</small><br></div><div class="spacer battle-history"><br></div><h2 class="battle-history">Turn 31</h2><div class="spacer battle-history"><br></div><div class="battle-history">The opposing Miao used <strong>Stored Power</strong>!<br></div><div class="battle-history"><small>(MURDER SPIDER lost 17% of its health!)</small><br></div><div class="battle-history"><small>MURDER SPIDER woke up!</small><br></div><div class="spacer battle-history"><br></div><div class="battle-history">MURDER SPIDER used <strong>Infestation</strong>!<br></div><div class="battle-history"><small>It's super effective!</small><br></div><div class="battle-history"><small>(The opposing Miao lost 1% of its health!)</small><br></div><div class="battle-history"><small>The opposing Miao has been afflicted with an infestation by MURDER SPIDER!</small><br></div><div class="spacer battle-history"><br></div><div class="battle-history"><small>The opposing Miao restored a little HP using its Leftovers!</small><br></div><div class="battle-history"><small>The opposing Miao was hurt by its burn!</small><br></div><div class="battle-history"><small>The opposing Miao is hurt by Infestation!</small><br></div><div class="spacer battle-history"><br></div><h2 class="battle-history">Turn 32</h2><div class="spacer battle-history"><br></div><div class="battle-history">The opposing Miao used <strong>Stored Power</strong>!<br></div><div class="battle-history"><small>(MURDER SPIDER lost 18% of its health!)</small><br></div><div class="spacer battle-history"><br></div><div class="battle-history">MURDER SPIDER used <strong>Infestation</strong>!<br></div><div class="battle-history"><small>It's super effective!</small><br></div><div class="battle-history"><small>(The opposing Miao lost 1% of its health!)</small><br></div><div class="spacer battle-history"><br></div><div class="battle-history"><small>The opposing Miao restored a little HP using its Leftovers!</small><br></div><div class="battle-history"><small>The opposing Miao was hurt by its burn!</small><br></div><div class="battle-history"><small>The opposing Miao is hurt by Infestation!</small><br></div><div class="spacer battle-history"><br></div><h2 class="battle-history">Turn 33</h2><div class="spacer battle-history"><br></div><div class="battle-history">The opposing Miao used <strong>Stored Power</strong>!<br></div><div class="battle-history"><small>(MURDER SPIDER lost 16% of its health!)</small><br></div><div class="spacer battle-history"><br></div><div class="battle-history">MURDER SPIDER used <strong>Infestation</strong>!<br></div><div class="battle-history"><small>It's super effective!</small><br></div><div class="battle-history"><small>(The opposing Miao lost 1% of its health!)</small><br></div><div class="spacer battle-history"><br></div><div class="battle-history"><small>The opposing Miao restored a little HP using its Leftovers!</small><br></div><div class="battle-history"><small>The opposing Miao was hurt by its burn!</small><br></div><div class="battle-history"><small>The opposing Miao is hurt by Infestation!</small><br></div><div class="spacer battle-history"><br></div><h2 class="battle-history">Turn 34</h2><div class="chat chatmessage-pupugugu"><strong style="color:#2b7b91"><small>☆</small><span class="username" data-name="pupugugu">pupugugu</span>:</strong> <em>hm ihope i don't get crit here</em></div><div class="spacer battle-history"><br></div><div class="battle-history">The opposing Miao used <strong>Stored Power</strong>!<br></div><div class="battle-history"><small>(MURDER SPIDER lost 17% of its health!)</small><br></div><div class="spacer battle-history"><br></div><div class="battle-history">MURDER SPIDER used <strong>Rest</strong>!<br></div><div class="battle-history"><small>MURDER SPIDER slept and became healthy!</small><br></div><div class="spacer battle-history"><br></div><div class="battle-history"><small>The opposing Miao restored a little HP using its Leftovers!</small><br></div><div class="battle-history"><small>The opposing Miao was hurt by its burn!</small><br></div><div class="battle-history"><small>The opposing Miao is hurt by Infestation!</small><br></div><div class="spacer battle-history"><br></div><h2 class="battle-history">Turn 35</h2><div class="spacer battle-history"><br></div><div class="battle-history">The opposing Miao used <strong>Stored Power</strong>!<br></div><div class="battle-history"><small>(MURDER SPIDER lost 16% of its health!)</small><br></div><div class="spacer battle-history"><br></div><div class="battle-history">MURDER SPIDER is fast asleep.<br></div><div class="spacer battle-history"><br></div><div class="battle-history"><small>The opposing Miao restored a little HP using its Leftovers!</small><br></div><div class="battle-history"><small>The opposing Miao was hurt by its burn!</small><br></div><div class="battle-history"><small>The opposing Miao was freed from Infestation!</small><br></div><div class="spacer battle-history"><br></div><h2 class="battle-history">Turn 36</h2><div class="chat chatmessage-pupugugu"><strong style="color:#2b7b91"><small>☆</small><span class="username" data-name="pupugugu">pupugugu</span>:</strong> <em>i'm just gonna. switch teams right after this one xd</em></div><div class="chat chatmessage-pupugugu"><strong style="color:#2b7b91"><small>☆</small><span class="username" data-name="pupugugu">pupugugu</span>:</strong> <em>sry for doing this to you shrimp</em></div><div class="spacer battle-history"><br></div><div class="battle-history">The opposing Miao used <strong>Stored Power</strong>!<br></div><div class="battle-history"><small>(MURDER SPIDER lost 18% of its health!)</small><br></div><div class="spacer battle-history"><br></div><div class="battle-history">MURDER SPIDER is fast asleep.<br></div><div class="spacer battle-history"><br></div><div class="battle-history"><small>The opposing Miao restored a little HP using its Leftovers!</small><br></div><div class="battle-history"><small>The opposing Miao was hurt by its burn!</small><br></div><div class="spacer battle-history"><br></div><h2 class="battle-history">Turn 37</h2><div class="spacer battle-history"><br></div><div class="battle-history">The opposing Miao used <strong>Stored Power</strong>!<br></div><div class="battle-history"><small>(MURDER SPIDER lost 17% of its health!)</small><br></div><div class="battle-history"><small>MURDER SPIDER woke up!</small><br></div><div class="spacer battle-history"><br></div><div class="battle-history">MURDER SPIDER used <strong>Scald</strong>!<br></div><div class="battle-history"><small>(The opposing Miao lost 9% of its health!)</small><br></div><div class="spacer battle-history"><br></div><div class="battle-history"><small>The opposing Miao restored a little HP using its Leftovers!</small><br></div><div class="battle-history"><small>The opposing Miao was hurt by its burn!</small><br></div><div class="spacer battle-history"><br></div><h2 class="battle-history">Turn 38</h2><div class="spacer battle-history"><br></div><div class="battle-history">The opposing Miao used <strong>Stored Power</strong>!<br></div><div class="battle-history"><small>(MURDER SPIDER lost 16% of its health!)</small><br></div><div class="spacer battle-history"><br></div><div class="battle-history">MURDER SPIDER used <strong>Scald</strong>!<br></div><div class="battle-history"><small>(The opposing Miao lost 8% of its health!)</small><br></div><div class="spacer battle-history"><br></div><div class="battle-history"><small>The opposing Miao restored a little HP using its Leftovers!</small><br></div><div class="battle-history"><small>The opposing Miao was hurt by its burn!</small><br></div><div class="spacer battle-history"><br></div><h2 class="battle-history">Turn 39</h2><div class="spacer battle-history"><br></div><div class="battle-history">The opposing Miao used <strong>Stored Power</strong>!<br></div><div class="battle-history"><small>(MURDER SPIDER lost 17% of its health!)</small><br></div><div class="spacer battle-history"><br></div><div class="battle-history">MURDER SPIDER used <strong>Infestation</strong>!<br></div><div class="battle-history"><small>It's super effective!</small><br></div><div class="battle-history"><small>(The opposing Miao lost 2% of its health!)</small><br></div><div class="battle-history"><small>The opposing Miao has been afflicted with an infestation by MURDER SPIDER!</small><br></div><div class="spacer battle-history"><br></div><div class="battle-history"><small>The opposing Miao restored a little HP using its Leftovers!</small><br></div><div class="battle-history"><small>The opposing Miao was hurt by its burn!</small><br></div><div class="battle-history"><small>The opposing Miao is hurt by Infestation!</small><br></div><div class="spacer battle-history"><br></div><h2 class="battle-history">Turn 40</h2><div class="spacer battle-history"><br></div><div class="battle-history">The opposing Miao used <strong>Stored Power</strong>!<br></div><div class="battle-history"><small>(MURDER SPIDER lost 16% of its health!)</small><br></div><div class="spacer battle-history"><br></div><div class="battle-history">MURDER SPIDER fainted!<br></div><div class="spacer battle-history"><br></div><div class="battle-history"><small>The opposing Miao restored a little HP using its Leftovers!</small><br></div><div class="battle-history"><small>The opposing Miao was hurt by its burn!</small><br></div><div class="chat chatmessage-pupugugu"><strong style="color:#2b7b91"><small>☆</small><span class="username" data-name="pupugugu">pupugugu</span>:</strong> <em>OH WAIT</em></div><div class="chat chatmessage-pupugugu"><strong style="color:#2b7b91"><small>☆</small><span class="username" data-name="pupugugu">pupugugu</span>:</strong> <em>INFESTATION WORE OFF</em></div><div class="chat chatmessage-pupugugu"><strong style="color:#2b7b91"><small>☆</small><span class="username" data-name="pupugugu">pupugugu</span>:</strong> <em>LMAO</em></div><div class="chat chatmessage-simpyshrimp"><strong style="color:#ae6819"><small>☆</small><span class="username" data-name="SimpyShrimp">SimpyShrimp</span>:</strong> <em>hold your back</em></div><div class="chat chatmessage-pupugugu"><strong style="color:#2b7b91"><small>☆</small><span class="username" data-name="pupugugu">pupugugu</span>:</strong> <em>i was gonna trade them</em></div><div class="chat chatmessage-inkbug1 mine"><strong style="color:#e46e0f"><small>#</small><span class="username" data-name="inkbug1">inkbug1</span>:</strong> <em>oh my god </em></div><div class="chat chatmessage-pupugugu"><strong style="color:#2b7b91"><small>☆</small><span class="username" data-name="pupugugu">pupugugu</span>:</strong> <em>xD</em></div><div class="chat chatmessage-simpyshrimp"><strong style="color:#ae6819"><small>☆</small><span class="username" data-name="SimpyShrimp">SimpyShrimp</span>:</strong> <em>but yeah</em></div><div class="chat chatmessage-simpyshrimp"><strong style="color:#ae6819"><small>☆</small><span class="username" data-name="SimpyShrimp">SimpyShrimp</span>:</strong> <em>i will die unless</em></div><div class="chat chatmessage-pupugugu"><strong style="color:#2b7b91"><small>☆</small><span class="username" data-name="pupugugu">pupugugu</span>:</strong> <em>but no more stored power</em></div><div class="chat chatmessage-inkbug1 mine"><strong style="color:#e46e0f"><small>#</small><span class="username" data-name="inkbug1">inkbug1</span>:</strong> <em>the evil is defeated </em></div><div class="spacer battle-history"><br></div><div class="battle-history">Go! Smio (<strong>Mew</strong>)!<br></div><div class="spacer battle-history"><br></div><h2 class="battle-history">Turn 41</h2><div class="spacer battle-history"><br></div><div class="battle-history">The opposing Miao used <strong>Soft-Boiled</strong>!<br></div><div class="battle-history"><small>The opposing Miao had its HP restored.</small><br></div><div class="spacer battle-history"><br></div><div class="battle-history">Smio used <strong>U-turn</strong>!<br></div><div class="battle-history"><small>It's super effective!</small><br></div><div class="battle-history"><small>(The opposing Miao lost 7% of its health!)</small><br></div><div class="spacer battle-history"><br></div><div class="battle-history">Smio went back to pupugugu!<br></div><div class="battle-history">Go! Blip Blop (<strong>Pincurchin</strong>)!<br></div><div class="spacer battle-history"><br></div><div class="battle-history"><small>The opposing Miao restored a little HP using its Leftovers!</small><br></div><div class="battle-history"><small>The opposing Miao was hurt by its burn!</small><br></div><div class="spacer battle-history"><br></div><h2 class="battle-history">Turn 42</h2><div class="spacer battle-history"><br></div><div class="battle-history">The opposing Miao used <strong>Soft-Boiled</strong>!<br></div><div class="battle-history"><small>The opposing Miao had its HP restored.</small><br></div><div class="spacer battle-history"><br></div><div class="battle-history">Blip Blop used <strong>Spikes</strong>!<br></div><div class="battle-history"><small>Spikes were scattered on the ground all around the opposing team!</small><br></div><div class="spacer battle-history"><br></div><div class="battle-history"><small>The opposing Miao restored a little HP using its Leftovers!</small><br></div><div class="battle-history"><small>The opposing Miao was hurt by its burn!</small><br></div><div class="spacer battle-history"><br></div><h2 class="battle-history">Turn 43</h2><div class="spacer battle-history"><br></div><div class="battle-history">The opposing Miao used <strong>Dazzling Gleam</strong>!<br></div><div class="battle-history"><small>(Blip Blop lost 22% of its health!)</small><br></div><div class="spacer battle-history"><br></div><div class="battle-history">Blip Blop used <strong>Spikes</strong>!<br></div><div class="battle-history"><small>Spikes were scattered on the ground all around the opposing team!</small><br></div><div class="spacer battle-history"><br></div><div class="battle-history"><small>The opposing Miao restored a little HP using its Leftovers!</small><br></div><div class="battle-history"><small>Blip Blop restored a little HP using its Leftovers!</small><br></div><div class="battle-history"><small>The opposing Miao was hurt by its burn!</small><br></div><div class="spacer battle-history"><br></div><h2 class="battle-history">Turn 44</h2><div class="spacer battle-history"><br></div><div class="battle-history">The opposing Miao used <strong>Dazzling Gleam</strong>!<br></div><div class="battle-history"><small>(Blip Blop lost 23% of its health!)</small><br></div><div class="spacer battle-history"><br></div><div class="battle-history">Blip Blop used <strong>Spikes</strong>!<br></div><div class="battle-history"><small>Spikes were scattered on the ground all around the opposing team!</small><br></div><div class="spacer battle-history"><br></div><div class="battle-history"><small>The opposing Miao restored a little HP using its Leftovers!</small><br></div><div class="battle-history"><small>Blip Blop restored a little HP using its Leftovers!</small><br></div><div class="battle-history"><small>The opposing Miao was hurt by its burn!</small><br></div><div class="spacer battle-history"><br></div><h2 class="battle-history">Turn 45</h2><div class="spacer battle-history"><br></div><div class="battle-history">The opposing Miao used <strong>Dazzling Gleam</strong>!<br></div><div class="battle-history"><small>(Blip Blop lost 24% of its health!)</small><br></div><div class="spacer battle-history"><br></div><div class="battle-history">Blip Blop used <strong>Recover</strong>!<br></div><div class="battle-history"><small>Blip Blop had its HP restored.</small><br></div><div class="spacer battle-history"><br></div><div class="battle-history"><small>The opposing Miao restored a little HP using its Leftovers!</small><br></div><div class="battle-history"><small>Blip Blop restored a little HP using its Leftovers!</small><br></div><div class="battle-history"><small>The opposing Miao was hurt by its burn!</small><br></div><div class="spacer battle-history"><br></div><h2 class="battle-history">Turn 46</h2><div class="spacer battle-history"><br></div><div class="battle-history">The opposing Miao used <strong>Dazzling Gleam</strong>!<br></div><div class="battle-history"><small>(Blip Blop lost 26% of its health!)</small><br></div><div class="spacer battle-history"><br></div><div class="battle-history">Blip Blop used <strong>Discharge</strong>!<br></div><div class="battle-history"><small>(The opposing Miao lost 4% of its health!)</small><br></div><div class="spacer battle-history"><br></div><div class="battle-history"><small>The opposing Miao restored a little HP using its Leftovers!</small><br></div><div class="battle-history"><small>Blip Blop restored a little HP using its Leftovers!</small><br></div><div class="battle-history"><small>The opposing Miao was hurt by its burn!</small><br></div><div class="spacer battle-history"><br></div><h2 class="battle-history">Turn 47</h2><div class="spacer battle-history"><br></div><div class="battle-history">The opposing Miao used <strong>Dazzling Gleam</strong>!<br></div><div class="battle-history"><small>(Blip Blop lost 23% of its health!)</small><br></div><div class="spacer battle-history"><br></div><div class="battle-history">Blip Blop used <strong>Discharge</strong>!<br></div><div class="battle-history"><small>(The opposing Miao lost 4% of its health!)</small><br></div><div class="spacer battle-history"><br></div><div class="battle-history"><small>The opposing Miao restored a little HP using its Leftovers!</small><br></div><div class="battle-history"><small>Blip Blop restored a little HP using its Leftovers!</small><br></div><div class="battle-history"><small>The opposing Miao was hurt by its burn!</small><br></div><div class="spacer battle-history"><br></div><h2 class="battle-history">Turn 48</h2><div class="spacer battle-history"><br></div><div class="battle-history">The opposing Miao used <strong>Dazzling Gleam</strong>!<br></div><div class="battle-history"><small>(Blip Blop lost 22% of its health!)</small><br></div><div class="spacer battle-history"><br></div><div class="battle-history">Blip Blop used <strong>Recover</strong>!<br></div><div class="battle-history"><small>Blip Blop had its HP restored.</small><br></div><div class="spacer battle-history"><br></div><div class="battle-history"><small>The opposing Miao restored a little HP using its Leftovers!</small><br></div><div class="battle-history"><small>Blip Blop restored a little HP using its Leftovers!</small><br></div><div class="battle-history"><small>The opposing Miao was hurt by its burn!</small><br></div><div class="spacer battle-history"><br></div><h2 class="battle-history">Turn 49</h2><div class="spacer battle-history"><br></div><div class="battle-history">The opposing Miao used <strong>Dazzling Gleam</strong>!<br></div><div class="battle-history"><small>(Blip Blop lost 25% of its health!)</small><br></div><div class="spacer battle-history"><br></div><div class="battle-history">Blip Blop used <strong>Discharge</strong>!<br></div><div class="battle-history"><small>(The opposing Miao lost 4% of its health!)</small><br></div><div class="spacer battle-history"><br></div><div class="battle-history"><small>The opposing Miao restored a little HP using its Leftovers!</small><br></div><div class="battle-history"><small>Blip Blop restored a little HP using its Leftovers!</small><br></div><div class="battle-history"><small>The opposing Miao was hurt by its burn!</small><br></div><div class="spacer battle-history"><br></div><h2 class="battle-history">Turn 50</h2><div class="spacer battle-history"><br></div><div class="battle-history">The opposing Miao used <strong>Dazzling Gleam</strong>!<br></div><div class="battle-history"><small>(Blip Blop lost 25% of its health!)</small><br></div><div class="spacer battle-history"><br></div><div class="battle-history">Blip Blop used <strong>Discharge</strong>!<br></div><div class="battle-history"><small>(The opposing Miao lost 4% of its health!)</small><br></div><div class="spacer battle-history"><br></div><div class="battle-history"><small>The opposing Miao restored a little HP using its Leftovers!</small><br></div><div class="battle-history"><small>Blip Blop restored a little HP using its Leftovers!</small><br></div><div class="battle-history"><small>The opposing Miao was hurt by its burn!</small><br></div><div class="spacer battle-history"><br></div><h2 class="battle-history">Turn 51</h2><div class="spacer battle-history"><br></div><div class="battle-history">The opposing Miao used <strong>Dazzling Gleam</strong>!<br></div><div class="battle-history"><small>(Blip Blop lost 22% of its health!)</small><br></div><div class="spacer battle-history"><br></div><div class="battle-history">Blip Blop used <strong>Recover</strong>!<br></div><div class="battle-history"><small>Blip Blop had its HP restored.</small><br></div><div class="spacer battle-history"><br></div><div class="battle-history"><small>The opposing Miao restored a little HP using its Leftovers!</small><br></div><div class="battle-history"><small>Blip Blop restored a little HP using its Leftovers!</small><br></div><div class="battle-history"><small>The opposing Miao was hurt by its burn!</small><br></div><div class="spacer battle-history"><br></div><h2 class="battle-history">Turn 52</h2><div class="spacer battle-history"><br></div><div class="battle-history">The opposing Miao used <strong>Dazzling Gleam</strong>!<br></div><div class="battle-history"><small>(Blip Blop lost 23% of its health!)</small><br></div><div class="spacer battle-history"><br></div><div class="battle-history">Blip Blop used <strong>Recover</strong>!<br></div><div class="battle-history"><small>Blip Blop had its HP restored.</small><br></div><div class="spacer battle-history"><br></div><div class="battle-history"><small>The opposing Miao restored a little HP using its Leftovers!</small><br></div><div class="battle-history"><small>The opposing Miao was hurt by its burn!</small><br></div><div class="spacer battle-history"><br></div><h2 class="battle-history">Turn 53</h2><div class="spacer battle-history"><br></div><div class="battle-history">The opposing Miao used <strong>Dazzling Gleam</strong>!<br></div><div class="battle-history"><small>(Blip Blop lost 23% of its health!)</small><br></div><div class="spacer battle-history"><br></div><div class="battle-history">Blip Blop used <strong>Discharge</strong>!<br></div><div class="battle-history"><small>A critical hit!</small><br></div><div class="battle-history"><small>(The opposing Miao lost 22% of its health!)</small><br></div><div class="spacer battle-history"><br></div><div class="battle-history"><small>The opposing Miao restored a little HP using its Leftovers!</small><br></div><div class="battle-history"><small>Blip Blop restored a little HP using its Leftovers!</small><br></div><div class="battle-history"><small>The opposing Miao was hurt by its burn!</small><br></div><div class="spacer battle-history"><br></div><h2 class="battle-history">Turn 54</h2><div class="spacer battle-history"><br></div><div class="battle-history">The opposing Miao used <strong>Dazzling Gleam</strong>!<br></div><div class="battle-history"><small>(Blip Blop lost 26% of its health!)</small><br></div><div class="spacer battle-history"><br></div><div class="battle-history">Blip Blop used <strong>Discharge</strong>!<br></div><div class="battle-history"><small>(The opposing Miao lost 5% of its health!)</small><br></div><div class="spacer battle-history"><br></div><div class="battle-history"><small>The opposing Miao restored a little HP using its Leftovers!</small><br></div><div class="battle-history"><small>Blip Blop restored a little HP using its Leftovers!</small><br></div><div class="battle-history"><small>The opposing Miao was hurt by its burn!</small><br></div><div class="spacer battle-history"><br></div><h2 class="battle-history">Turn 55</h2><div class="spacer battle-history"><br></div><div class="battle-history">The opposing Miao used <strong>Dazzling Gleam</strong>!<br></div><div class="battle-history"><small>(Blip Blop lost 23% of its health!)</small><br></div><div class="spacer battle-history"><br></div><div class="battle-history">Blip Blop used <strong>Recover</strong>!<br></div><div class="battle-history"><small>Blip Blop had its HP restored.</small><br></div><div class="spacer battle-history"><br></div><div class="battle-history"><small>The opposing Miao restored a little HP using its Leftovers!</small><br></div><div class="battle-history"><small>Blip Blop restored a little HP using its Leftovers!</small><br></div><div class="battle-history"><small>The opposing Miao was hurt by its burn!</small><br></div><div class="spacer battle-history"><br></div><h2 class="battle-history">Turn 56</h2><div class="spacer battle-history"><br></div><div class="battle-history">The opposing Miao used <strong>Dazzling Gleam</strong>!<br></div><div class="battle-history"><small>(Blip Blop lost 25% of its health!)</small><br></div><div class="spacer battle-history"><br></div><div class="battle-history">Blip Blop used <strong>Discharge</strong>!<br></div><div class="battle-history"><small>A critical hit!</small><br></div><div class="battle-history"><small>(The opposing Miao lost 22% of its health!)</small><br></div><div class="spacer battle-history"><br></div><div class="battle-history"><small>The opposing Miao restored a little HP using its Leftovers!</small><br></div><div class="battle-history"><small>Blip Blop restored a little HP using its Leftovers!</small><br></div><div class="battle-history"><small>The opposing Miao was hurt by its burn!</small><br></div><div class="spacer battle-history"><br></div><h2 class="battle-history">Turn 57</h2><div class="spacer battle-history"><br></div><div class="battle-history">The opposing Miao used <strong>Dazzling Gleam</strong>!<br></div><div class="battle-history"><small>(Blip Blop lost 26% of its health!)</small><br></div><div class="spacer battle-history"><br></div><div class="battle-history">Blip Blop used <strong>Discharge</strong>!<br></div><div class="battle-history"><small>(The opposing Miao lost 5% of its health!)</small><br></div><div class="spacer battle-history"><br></div><div class="battle-history"><small>The opposing Miao restored a little HP using its Leftovers!</small><br></div><div class="battle-history"><small>Blip Blop restored a little HP using its Leftovers!</small><br></div><div class="battle-history"><small>The opposing Miao was hurt by its burn!</small><br></div><div class="spacer battle-history"><br></div><h2 class="battle-history">Turn 58</h2><div class="spacer battle-history"><br></div><div class="battle-history">The opposing Miao used <strong>Cosmic Power</strong>!<br></div><div class="battle-history"><small>The opposing Miao's Defense won't go any higher!</small><br></div><div class="battle-history"><small>The opposing Miao's Sp. Def won't go any higher!</small><br></div><div class="spacer battle-history"><br></div><div class="battle-history">Blip Blop used <strong>Recover</strong>!<br></div><div class="battle-history"><small>Blip Blop had its HP restored.</small><br></div><div class="spacer battle-history"><br></div><div class="battle-history"><small>The opposing Miao restored a little HP using its Leftovers!</small><br></div><div class="battle-history"><small>The opposing Miao was hurt by its burn!</small><br></div><div class="spacer battle-history"><br></div><h2 class="battle-history">Turn 59</h2><div class="spacer battle-history"><br></div><div class="battle-history">Blip Blop, come back!<br></div><div class="battle-history">Go! Turtle House (<strong>Blastoise</strong>)!<br></div><div class="spacer battle-history"><br></div><div class="battle-history">The opposing Miao used <strong>Soft-Boiled</strong>!<br></div><div class="battle-history"><small>The opposing Miao had its HP restored.</small><br></div><div class="spacer battle-history"><br></div><div class="battle-history"><small>The opposing Miao restored a little HP using its Leftovers!</small><br></div><div class="battle-history"><small>The opposing Miao was hurt by its burn!</small><br></div><div class="spacer battle-history"><br></div><h2 class="battle-history">Turn 60</h2><div class="chat chatmessage-pupugugu"><strong style="color:#2b7b91"><small>☆</small><span class="username" data-name="pupugugu">pupugugu</span>:</strong> <em>it's stoise time</em></div><div class="chat chatmessage-simpyshrimp"><strong style="color:#ae6819"><small>☆</small><span class="username" data-name="SimpyShrimp">SimpyShrimp</span>:</strong> <em>no</em></div><div class="spacer battle-history"><br></div><div class="battle-history">SimpyShrimp withdrew Miao!<br></div><div class="battle-history">SimpyShrimp sent out Truck (<strong>Volcanion</strong>)!<br></div><div class="battle-history"><small>The opposing Truck was hurt by the spikes!</small><br></div><div class="battle-history"><small>Pointed stones dug into the opposing Truck!</small><br></div><div class="spacer battle-history"><br></div><div class="battle-history">Turtle House used <strong>Shell Smash</strong>!<br></div><div class="battle-history"><small>Turtle House's Defense fell!</small><br></div><div class="battle-history"><small>Turtle House's Sp. Def fell!</small><br></div><div class="battle-history"><small>Turtle House's Attack rose sharply!</small><br></div><div class="battle-history"><small>Turtle House's Sp. Atk rose sharply!</small><br></div><div class="battle-history"><small>Turtle House's Speed rose sharply!</small><br></div><div class="spacer battle-history"><br></div><h2 class="battle-history">Turn 61</h2><div class="chat chatmessage-pupugugu"><strong style="color:#2b7b91"><small>☆</small><span class="username" data-name="pupugugu">pupugugu</span>:</strong> <em>hazards do be hurtin tho</em></div><div class="spacer battle-history"><br></div><div class="battle-history">Turtle House used <strong>Dark Pulse</strong>!<br></div><div class="battle-history"><small>(The opposing Truck lost 51% of its health!)</small><br></div><div class="battle-history"><small>Turtle House lost some of its HP!</small><br></div><div class="spacer battle-history"><br></div><div class="battle-history">The opposing Truck fainted!<br></div><div class="spacer battle-history"><br></div><div class="battle-history">SimpyShrimp sent out Komosomething (<strong>Kommo-o</strong>)!<br></div><div class="battle-history"><small>The opposing Komosomething was hurt by the spikes!</small><br></div><div class="battle-history"><small>Pointed stones dug into the opposing Komosomething!</small><br></div><div class="spacer battle-history"><br></div><h2 class="battle-history">Turn 62</h2><div class="spacer battle-history"><br></div><div class="battle-history"><small>The opposing Komosomething's Kommonite is reacting to the Key Stone!</small><br>The opposing Komosomething has Mega Evolved into Mega Kommo-o!<br></div><div class="chat"><ul class="utilichart"><li class="result"><span class="col pokemonnamecol" style="white-space: nowrap">Kommo-o-Mega</span> <span class="col typecol"><img src="https://play.pokemonshowdown.com/sprites/types/Dragon.png" alt="Dragon" height="14" width="32"><img src="https://play.pokemonshowdown.com/sprites/types/Fighting.png" alt="Fighting" height="14" width="32"></span> <span style="float: left ; min-height: 26px"><span class="col abilitycol">Weak Armor</span><span class="col abilitycol"></span></span><span style="float: left ; min-height: 26px"><span class="col statcol"><em>HP</em><br>75</span> <span class="col statcol"><em>Atk</em><br>130</span> <span class="col statcol"><em>Def</em><br>145</span> <span class="col statcol"><em>SpA</em><br>150</span> <span class="col statcol"><em>SpD</em><br>115</span> <span class="col statcol"><em>Spe</em><br>85</span> </span></li><li style="clear: both"></li></ul></div><div class="battle-history"><small>(Kommo-o-Mega was submitted by MegaFlareon!)</small><br></div><div class="spacer battle-history"><br></div><div class="battle-history">Turtle House used <strong>Ice Beam</strong>!<br></div><div class="battle-history"><small>It's super effective!</small><br></div><div class="battle-history"><small>(The opposing Komosomething lost 69% of its health!)</small><br></div><div class="battle-history"><small>Turtle House lost some of its HP!</small><br></div><div class="spacer battle-history"><br></div><div class="battle-history">The opposing Komosomething fainted!<br></div><div class="chat chatmessage-pupugugu"><strong style="color:#2b7b91"><small>☆</small><span class="username" data-name="pupugugu">pupugugu</span>:</strong> <em>gg</em></div><div class="chat chatmessage-simpyshrimp"><strong style="color:#ae6819"><small>☆</small><span class="username" data-name="SimpyShrimp">SimpyShrimp</span>:</strong> <em>gg</em></div><div class="spacer battle-history"><br></div><div class="battle-history">SimpyShrimp sent out Herachad (<strong>Heracross</strong>)!<br></div><div class="battle-history"><small>The opposing Herachad was hurt by the spikes!</small><br></div><div class="battle-history"><small>Pointed stones dug into the opposing Herachad!</small><br></div><div class="spacer battle-history"><br></div><h2 class="battle-history">Turn 63</h2><div class="spacer battle-history"><br></div><div class="battle-history">The opposing Herachad used <strong>Endure</strong>!<br></div><div class="battle-history"><small>The opposing Herachad braced itself!</small><br></div><div class="spacer battle-history"><br></div><div class="battle-history">Turtle House used <strong>Surf</strong>!<br></div><div class="battle-history"><small>The opposing Herachad endured the hit!</small><br></div><div class="battle-history"><small>(The opposing Herachad lost 62% of its health!)</small><br></div><div class="battle-history"><small>(The opposing Herachad ate its Salac Berry!)</small><br></div><div class="battle-history"><small>The Salac Berry raised the opposing Herachad's Speed!</small><br></div><div class="battle-history"><small>Turtle House lost some of its HP!</small><br></div><div class="spacer battle-history"><br></div><h2 class="battle-history">Turn 64</h2><div class="chat chatmessage-pupugugu"><strong style="color:#2b7b91"><small>☆</small><span class="username" data-name="pupugugu">pupugugu</span>:</strong> <em>oh dang</em></div><div class="spacer battle-history"><br></div><div class="battle-history">Turtle House, come back!<br></div><div class="battle-history">Go! Azzy (<strong>Salamence</strong>)!<br></div><div class="battle-history">[Azzy's Intimidate]<br></div><div class="battle-history"><small>The opposing Herachad's Attack fell!</small><br></div><div class="spacer battle-history"><br></div><div class="battle-history">The opposing Herachad used <strong>Reversal</strong>!<br></div><div class="battle-history"><small>It's not very effective...</small><br></div><div class="battle-history"><small>(Azzy lost 35% of its health!)</small><br></div><div class="spacer battle-history"><br></div><h2 class="battle-history">Turn 65</h2><div class="spacer battle-history"><br></div><div class="battle-history">The opposing Herachad used <strong>Rock Slide</strong>!<br></div><div class="battle-history"><small>It's super effective!</small><br></div><div class="battle-history"><small>(Azzy lost 35% of its health!)</small><br></div><div class="spacer battle-history"><br></div><div class="battle-history">Azzy flinched and couldn't move!<br></div><div class="spacer battle-history"><br></div><h2 class="battle-history">Turn 66</h2><div class="spacer battle-history"><br></div><div class="battle-history">Azzy, come back!<br></div><div class="battle-history">Go! Smio (<strong>Mew</strong>)!<br></div><div class="spacer battle-history"><br></div><div class="battle-history">The opposing Herachad used <strong>Rock Slide</strong>!<br></div><div class="battle-history"><small>(Smio lost 15% of its health!)</small><br></div><div class="spacer battle-history"><br></div><div class="battle-history"><small>Smio restored a little HP using its Leftovers!</small><br></div><div class="spacer battle-history"><br></div><h2 class="battle-history">Turn 67</h2><div class="spacer battle-history"><br></div><div class="battle-history">Smio, come back!<br></div><div class="battle-history">Go! Azzy (<strong>Salamence</strong>)!<br></div><div class="battle-history">[Azzy's Intimidate]<br></div><div class="battle-history"><small>The opposing Herachad's Attack fell!</small><br></div><div class="spacer battle-history"><br></div><div class="battle-history">The opposing Herachad used <strong>Megahorn</strong>!<br></div><div class="battle-history"><small>It's not very effective...</small><br></div><div class="battle-history"><small>(Azzy lost 15% of its health!)</small><br></div><div class="spacer battle-history"><br></div><h2 class="battle-history">Turn 68</h2><div class="spacer battle-history"><br></div><div class="battle-history">Azzy, come back!<br></div><div class="battle-history">Go! Smio (<strong>Mew</strong>)!<br></div><div class="spacer battle-history"><br></div><div class="battle-history">The opposing Herachad used <strong>Rock Slide</strong>!<br></div><div class="battle-history"><small>(Smio lost 11% of its health!)</small><br></div><div class="spacer battle-history"><br></div><div class="battle-history"><small>Smio restored a little HP using its Leftovers!</small><br></div><div class="spacer battle-history"><br></div><h2 class="battle-history">Turn 69</h2><div class="spacer battle-history"><br></div><div class="battle-history">The opposing Herachad used <strong>Megahorn</strong>!<br></div><div class="battle-history"><small>Smio avoided the attack!</small><br></div><div class="spacer battle-history"><br></div><div class="battle-history">Smio used <strong>U-turn</strong>!<br></div><div class="battle-history"><small>It's not very effective...</small><br></div><div class="battle-history"><small>(The opposing Herachad lost 1% of its health!)</small><br></div><div class="spacer battle-history"><br></div><div class="battle-history">The opposing Herachad fainted!<br></div><div class="chat chatmessage-pupugugu"><strong style="color:#2b7b91"><small>☆</small><span class="username" data-name="pupugugu">pupugugu</span>:</strong> <em>rip</em></div><div class="spacer battle-history"><br></div><div class="battle-history">Smio went back to pupugugu!<br></div><div class="battle-history">Go! Turtle House (<strong>Blastoise</strong>)!<br></div><div class="chat chatmessage-simpyshrimp"><strong style="color:#ae6819"><small>☆</small><span class="username" data-name="SimpyShrimp">SimpyShrimp</span>:</strong> <em>gg</em></div><div class="chat chatmessage-pupugugu"><strong style="color:#2b7b91"><small>☆</small><span class="username" data-name="pupugugu">pupugugu</span>:</strong> <em>gg haha</em></div><div class="spacer battle-history"><br></div><div class="battle-history">SimpyShrimp sent out Swaggron (<strong>Aggron</strong>)!<br></div><div class="battle-history"><small>The opposing Swaggron was hurt by the spikes!</small><br></div><div class="battle-history"><small>Pointed stones dug into the opposing Swaggron!</small><br></div><div class="spacer battle-history"><br></div><h2 class="battle-history">Turn 70</h2><div class="spacer battle-history"><br></div><div class="battle-history">Turtle House used <strong>Surf</strong>!<br></div><div class="battle-history"><small>It's super effective!</small><br></div><div class="battle-history"><small>(The opposing Swaggron lost 22% of its health!)</small><br></div><div class="battle-history"><small>Turtle House lost some of its HP!</small><br></div><div class="spacer battle-history"><br></div><div class="battle-history">The opposing Swaggron fainted!<br></div><div class="spacer battle-history"><br></div><div class="battle-history">SimpyShrimp sent out Miao (<strong>Mew</strong>)!<br></div><div class="battle-history"><small>Pointed stones dug into the opposing Miao!</small><br></div><div class="battle-history"><small>The opposing Miao was hurt by the spikes!</small><br></div><div class="spacer battle-history"><br></div><h2 class="battle-history">Turn 71</h2><div class="spacer battle-history"><br></div><div class="battle-history"><small>SimpyShrimp forfeited.</small><br></div><div class="spacer battle-history"><br></div><div class="battle-history"><strong>pupugugu</strong> won the battle!<br></div><div class="chat"><small>☆SimpyShrimp left</small></div></div><div class="inner-preempt message-log"></div></div></div>
</div>
<script>
let daily = Math.floor(Date.now()/1000/60/60/24);document.write('<script src="https://dragonheaven.herokuapp.com/js/replay-embed.js?version'+daily+'"></'+'script>');
</script>
