<!DOCTYPE html>
<meta charset="utf-8" />
<!-- version 1 -->
<title>[Gen 8] Megas For All replay: BotwNerd745 vs. inkbug1</title>
<style>
html,body {font-family:Verdana, sans-serif;font-size:10pt;margin:0;padding:0;}body{padding:12px 0;} .battle-log {font-family:Verdana, sans-serif;font-size:10pt;} .battle-log-inline {border:1px solid #AAAAAA;background:#EEF2F5;color:black;max-width:640px;margin:0 auto 80px;padding-bottom:5px;} .battle-log .inner {padding:4px 8px 0px 8px;} .battle-log .inner-preempt {padding:0 8px 4px 8px;} .battle-log .inner-after {margin-top:0.5em;} .battle-log h2 {margin:0.5em -8px;padding:4px 8px;border:1px solid #AAAAAA;background:#E0E7EA;border-left:0;border-right:0;font-family:Verdana, sans-serif;font-size:13pt;} .battle-log .chat {vertical-align:middle;padding:3px 0 3px 0;font-size:8pt;} .battle-log .chat strong {color:#40576A;} .battle-log .chat em {padding:1px 4px 1px 3px;color:#000000;font-style:normal;} .chat.mine {background:rgba(0,0,0,0.05);margin-left:-8px;margin-right:-8px;padding-left:8px;padding-right:8px;} .spoiler {color:#BBBBBB;background:#BBBBBB;padding:0px 3px;} .spoiler:hover, .spoiler:active, .spoiler-shown {color:#000000;background:#E2E2E2;padding:0px 3px;} .spoiler a {color:#BBBBBB;} .spoiler:hover a, .spoiler:active a, .spoiler-shown a {color:#2288CC;} .chat code, .chat .spoiler:hover code, .chat .spoiler:active code, .chat .spoiler-shown code {border:1px solid #C0C0C0;background:#EEEEEE;color:black;padding:0 2px;} .chat .spoiler code {border:1px solid #CCCCCC;background:#CCCCCC;color:#CCCCCC;} .battle-log .rated {padding:3px 4px;} .battle-log .rated strong {color:white;background:#89A;padding:1px 4px;border-radius:4px;} .spacer {margin-top:0.5em;} .message-announce {background:#6688AA;color:white;padding:1px 4px 2px;} .message-announce a, .broadcast-green a, .broadcast-blue a, .broadcast-red a {color:#DDEEFF;} .broadcast-green {background-color:#559955;color:white;padding:2px 4px;} .broadcast-blue {background-color:#6688AA;color:white;padding:2px 4px;} .infobox {border:1px solid #6688AA;padding:2px 4px;} .infobox-limited {max-height:200px;overflow:auto;overflow-x:hidden;} .broadcast-red {background-color:#AA5544;color:white;padding:2px 4px;} .message-learn-canlearn {font-weight:bold;color:#228822;text-decoration:underline;} .message-learn-cannotlearn {font-weight:bold;color:#CC2222;text-decoration:underline;} .message-effect-weak {font-weight:bold;color:#CC2222;} .message-effect-resist {font-weight:bold;color:#6688AA;} .message-effect-immune {font-weight:bold;color:#666666;} .message-learn-list {margin-top:0;margin-bottom:0;} .message-throttle-notice, .message-error {color:#992222;} .message-overflow, .chat small.message-overflow {font-size:0pt;} .message-overflow::before {font-size:9pt;content:'...';} .subtle {color:#3A4A66;}
</style>
<div class="wrapper replay-wrapper" style="max-width:1180px;margin:0 auto">
<input type="hidden" name="replayid" value="dragonheaven-gen8megasforall-4590" />
<div class="battle"></div><div class="battle-log"></div><div class="replay-controls"></div><div class="replay-controls-2"></div>
<h1 style="font-weight:normal;text-align:center"><strong>[Gen 8] Megas For All</strong><br /><a href="http://pokemonshowdown.com/users/botwnerd745" class="subtle" target="_blank">BotwNerd745</a> vs. <a href="http://pokemonshowdown.com/users/inkbug1" class="subtle" target="_blank">inkbug1</a></h1>
<script type="text/plain" class="battle-log-data">|j|☆BotwNerd745
|j|☆inkbug1


|player|p1|BotwNerd745|lyra|


|player|p2|inkbug1|burgh|
|teamsize|p1|6
|teamsize|p2|6
|gametype|singles
|gen|8
|tier|[Gen 8] Megas For All
|clearpoke
|poke|p1|Vanilluxe, F|
|poke|p1|Absol, M|
|poke|p1|Primarina, F|
|poke|p1|Scolipede, F|
|poke|p1|Necrozma|
|poke|p1|Tsareena, F|
|poke|p2|Durant, F|
|poke|p2|Boltund, M|
|poke|p2|Froslass, F|
|poke|p2|Zorua, F|
|poke|p2|Toucannon, M|
|poke|p2|Claydol|
|rule|HP Percentage Mod: HP is shown in percentages
|rule|Endless Battle Clause: Forcing endless battles is banned
|rule|OHKO Clause: OHKO moves are banned
|rule|Evasion Moves Clause: Evasion moves are banned
|rule|Species Clause: Limit one of each Pokémon
|rule|Dynamax Clause: You cannot dynamax
|rule|Sleep Clause Mod: Limit one foe put to sleep
|teampreview


|
|start
|switch|p1a: Conehead|Vanilluxe, F|100\/100
|switch|p2a: Froslass|Froslass, F|281\/281
|-weather|Hail|[from] ability: Snow Warning|[of] p1a: Conehead
|turn|1


|
|detailschange|p1a: Conehead|Vanilluxe-Mega, F
|-mega|p1a: Conehead|Vanilluxe|Vanillite
|move|p2a: Froslass|Spikes|p1a: Conehead
|-sidestart|p1: BotwNerd745|Spikes
|move|p1a: Conehead|Aurora Veil|p1a: Conehead
|-sidestart|p1: BotwNerd745|move: Aurora Veil
|
|-weather|Hail|[upkeep]
|upkeep
|turn|2


|
|switch|p1a: danger dog|Absol, M|100\/100
|-damage|p1a: danger dog|88\/100|[from] Spikes
|move|p2a: Froslass|Spikes|p1a: danger dog
|-sidestart|p1: BotwNerd745|Spikes
|
|-weather|Hail|[upkeep]
|-damage|p1a: danger dog|82\/100|[from] Hail
|upkeep
|turn|3


|
|move|p2a: Froslass|Spikes|p1a: danger dog
|-sidestart|p1: BotwNerd745|Spikes
|move|p1a: danger dog|Night Slash|p2a: Froslass
|-supereffective|p2a: Froslass
|-crit|p2a: Froslass
|-damage|p2a: Froslass|0 fnt
|faint|p2a: Froslass
|
|-weather|Hail|[upkeep]
|-damage|p1a: danger dog|76\/100|[from] Hail
|upkeep


|
|switch|p2a: Celia|Durant, F|257\/257
|turn|4


|
|switch|p1a: Splash|Primarina, F|100\/100
|-damage|p1a: Splash|76\/100|[from] Spikes
|move|p2a: Celia|First Impression|p1a: Splash
|-resisted|p1a: Splash
|-damage|p1a: Splash|56\/100
|
|-weather|Hail|[upkeep]
|-damage|p2a: Celia|241\/257|[from] Hail
|-damage|p1a: Splash|50\/100|[from] Hail
|upkeep
|turn|5


|
|switch|p2a: Bolton|Boltund, M|342\/342
|move|p1a: Splash|Sparkling Aria|p2a: Bolton
|-damage|p2a: Bolton|203\/342
|
|-weather|none
|-sideend|p1: BotwNerd745|move: Aurora Veil
|upkeep
|turn|6


|
|move|p2a: Bolton|Thunderbolt|p1a: Splash
|-supereffective|p1a: Splash
|-damage|p1a: Splash|0 fnt
|faint|p1a: Splash
|
|upkeep


|
|switch|p1a: danger dog|Absol, M|76\/100
|-damage|p1a: danger dog|51\/100|[from] Spikes
|turn|7


|
|move|p2a: Bolton|Volt Switch|p1a: danger dog
|-damage|p1a: danger dog|2\/100


|
|switch|p2a: Lantern|Claydol|284\/284
|move|p1a: danger dog|Night Slash|p2a: Lantern
|-resisted|p2a: Lantern
|-crit|p2a: Lantern
|-damage|p2a: Lantern|164\/284
|replace|p2a: Daisy|Zorua, F
|-end|p2a: Daisy|Illusion
|
|upkeep
|turn|8


|
|move|p1a: danger dog|Stone Edge|p2a: Daisy|[miss]
|-miss|p1a: danger dog|p2a: Daisy
|move|p2a: Daisy|Foul Play|p1a: danger dog
|-resisted|p1a: danger dog
|-damage|p1a: danger dog|0 fnt
|faint|p1a: danger dog
|
|upkeep


|c|☆BotwNerd745|Danger dog is just crits 


|c|☆inkbug1|well yeah 


|c|☆BotwNerd745|super luck+scopelens+high crit moves


|
|switch|p1a: Herrah|Scolipede, F|100\/100
|turn|9


|
|move|p1a: Herrah|Toxic Spikes|p2a: Daisy
|-sidestart|p2: inkbug1|move: Toxic Spikes
|move|p2a: Daisy|Burning Jealousy|p1a: Herrah
|-supereffective|p1a: Herrah
|-damage|p1a: Herrah|67\/100
|
|-ability|p1a: Herrah|Speed Boost|boost
|-boost|p1a: Herrah|spe|1
|upkeep
|turn|10


|
|switch|p2a: Ram|Toucannon, M|302\/302
|move|p1a: Herrah|Megahorn|p2a: Ram
|-resisted|p2a: Ram
|-damage|p2a: Ram|225\/302
|
|-ability|p1a: Herrah|Speed Boost|boost
|-boost|p1a: Herrah|spe|1
|upkeep
|turn|11


|
|detailschange|p2a: Ram|Toucannon-Mega, M
|-mega|p2a: Ram|Toucannon|Toucannonite
|move|p1a: Herrah|Toxic Spikes|p2a: Ram
|-sidestart|p2: inkbug1|move: Toxic Spikes
|move|p2a: Ram|Work Up|p2a: Ram
|-boost|p2a: Ram|atk|1
|-boost|p2a: Ram|spa|1
|
|-ability|p1a: Herrah|Speed Boost|boost
|-boost|p1a: Herrah|spe|1
|upkeep
|turn|12


|
|move|p1a: Herrah|Poison Jab|p2a: Ram
|-damage|p2a: Ram|123\/302
|move|p2a: Ram|Flame Charge|p1a: Herrah
|-supereffective|p1a: Herrah
|-damage|p1a: Herrah|0 fnt
|-boost|p2a: Ram|spe|1
|faint|p1a: Herrah
|
|upkeep


|c|☆BotwNerd745|hmmm


|
|switch|p1a: Conehead|Vanilluxe-Mega, F|100\/100
|-damage|p1a: Conehead|76\/100|[from] Spikes
|-weather|RainDance|[from] ability: Cold Sweat|[of] p1a: Conehead
|turn|13


|
|switch|p2a: Celia|Durant, F|241\/257
|move|p1a: Conehead|Weather Ball|p2a: Celia
|-damage|p2a: Celia|0 fnt
|faint|p2a: Celia
|
|-weather|RainDance|[upkeep]
|upkeep


|c|☆inkbug1|OW JESUS


|
|switch|p2a: Bolton|Boltund, M|203\/342
|-status|p2a: Bolton|tox
|turn|14


|c|☆BotwNerd745|ECXUSE ME


|
|move|p1a: Conehead|Weather Ball|p2a: Bolton
|-damage|p2a: Bolton|0 fnt
|faint|p2a: Bolton
|
|-weather|RainDance|[upkeep]
|upkeep


|c|☆inkbug1|yeah this isnt gonna end well


|
|switch|p2a: Lantern|Claydol|164\/284
|-status|p2a: Lantern|tox
|turn|15


|
|move|p1a: Conehead|Weather Ball|p2a: Lantern
|-damage|p2a: Lantern|0 fnt
|replace|p2a: Daisy|Zorua, F
|-end|p2a: Daisy|Illusion
|faint|p2a: Daisy
|
|-weather|RainDance|[upkeep]
|upkeep


|
|switch|p2a: Lantern|Claydol|324\/324
|turn|16


|
|move|p1a: Conehead|Weather Ball|p2a: Lantern
|-supereffective|p2a: Lantern
|-damage|p2a: Lantern|56\/324
|move|p2a: Lantern|Toxic|p1a: Conehead
|-status|p1a: Conehead|tox
|
|-weather|RainDance|[upkeep]
|-heal|p2a: Lantern|76\/324|[from] item: Leftovers
|-damage|p1a: Conehead|69\/100 tox|[from] psn
|upkeep
|turn|17


|
|move|p1a: Conehead|Weather Ball|p2a: Lantern
|-supereffective|p2a: Lantern
|-damage|p2a: Lantern|0 fnt
|faint|p2a: Lantern
|
|-weather|none
|-damage|p1a: Conehead|57\/100 tox|[from] psn
|upkeep


|c|☆BotwNerd745|I uh


|
|switch|p2a: Ram|Toucannon-Mega, M|123\/302
|turn|18


|c|☆BotwNerd745|didnt realize weather ball would just

|raw|<div class="message"><ul class="utilichart"><li class="result"><span class="col numcol">NUBL<\/span> <span class="col iconcol"><psicon pokemon="vanilluxemega"\/><\/span> <span class="col pokemonnamecol" style="white-space:nowrap"><a href="https:\/\/dex.pokemonshowdown.com\/pokemon\/vanilluxemega" target="_blank">Vanilluxe-Mega<\/a><\/span> <span class="col typecol"><img src="https:\/\/play.pokemonshowdown.com\/sprites\/types\/Ice.png" alt="Ice" height="14" width="32"><\/span> <span style="float:left;min-height:26px"><span class="col abilitycol">Cold Sweat<\/span><span class="col abilitycol"><\/span><\/span><span style="float:left;min-height:26px"><span class="col statcol"><em>HP<\/em><br \/>71<\/span> <span class="col statcol"><em>Atk<\/em><br \/>95<\/span> <span class="col statcol"><em>Def<\/em><br \/>85<\/span> <span class="col statcol"><em>SpA<\/em><br \/>160<\/span> <span class="col statcol"><em>SpD<\/em><br \/>115<\/span> <span class="col statcol"><em>Spe<\/em><br \/>109<\/span> <span class="col bstcol"><em>BST<br \/>635<\/em><\/span> <\/span><\/li><li style="clear:both"><\/li><\/ul><\/div>
|raw|<font size="1"><font color="#686868">Dex#:<\/font> 584&nbsp;|&ThickSpace;<font color="#686868">Gen:<\/font> 6&nbsp;|&ThickSpace;<font color="#686868">Height:<\/font> 1.3 m&nbsp;|&ThickSpace;<font color="#686868">Weight:<\/font> 57.5 kg <em>(80 BP)<\/em>&nbsp;|&ThickSpace;<font color="#686868">Dex Colour:<\/font> White&nbsp;|&ThickSpace;<font color="#686868">Egg Group(s):<\/font> Mineral&nbsp;|&ThickSpace;<font color="#686868">Does Not Evolve<\/font><\/font>

|raw|<div class="message"><ul class="utilichart"><li class="result"><span class="col numcol">Illegal<\/span> <span class="col iconcol"><psicon pokemon="toucannonmega"\/><\/span> <span class="col pokemonnamecol" style="white-space:nowrap"><a href="https:\/\/dex.pokemonshowdown.com\/pokemon\/toucannonmega" target="_blank">Toucannon-Mega<\/a><\/span> <span class="col typecol"><img src="https:\/\/play.pokemonshowdown.com\/sprites\/types\/Fire.png" alt="Fire" height="14" width="32"><img src="https:\/\/play.pokemonshowdown.com\/sprites\/types\/Flying.png" alt="Flying" height="14" width="32"><\/span> <span style="float:left;min-height:26px"><span class="col abilitycol">Ignite<\/span><span class="col abilitycol"><\/span><\/span><span style="float:left;min-height:26px"><span class="col statcol"><em>HP<\/em><br \/>80<\/span> <span class="col statcol"><em>Atk<\/em><br \/>140<\/span> <span class="col statcol"><em>Def<\/em><br \/>85<\/span> <span class="col statcol"><em>SpA<\/em><br \/>95<\/span> <span class="col statcol"><em>SpD<\/em><br \/>85<\/span> <span class="col statcol"><em>Spe<\/em><br \/>100<\/span> <span class="col bstcol"><em>BST<br \/>585<\/em><\/span> <\/span><\/li><li style="clear:both"><\/li><\/ul><\/div>
|raw|<font size="1"><font color="#686868">Dex#:<\/font> 733&nbsp;|&ThickSpace;<font color="#686868">Gen:<\/font> 7&nbsp;|&ThickSpace;<font color="#686868">Height:<\/font> 1.1 m&nbsp;|&ThickSpace;<font color="#686868">Weight:<\/font> 26 kg <em>(60 BP)<\/em>&nbsp;|&ThickSpace;<font color="#686868">Dex Colour:<\/font> Black&nbsp;|&ThickSpace;<font color="#686868">Egg Group(s):<\/font> Flying&nbsp;|&ThickSpace;<font color="#686868">Does Not Evolve<\/font><\/font>


|c|☆BotwNerd745|Well now I’m out of it


|
|move|p1a: Conehead|Blizzard|p2a: Ram
|-damage|p2a: Ram|0 fnt
|faint|p2a: Ram
|
|win|BotwNerd745


|c|☆inkbug1|yeah but yr faster


|c|☆BotwNerd745|gg


|c|☆inkbug1|BIG OOF 


|c|☆inkbug1|that was good 
</script>
</div>
<div class="battle-log battle-log-inline"><div class="inner"><div class="battle-options"><div style="padding-top: 3px; padding-right: 3px; text-align: right"><button class="icon button" name="openBattleOptions" title="Options">Battle Options</button></div></div><div class="inner message-log"><div class="chat"><small>☆BotwNerd745 and ☆inkbug1 joined</small></div><div class=""><small>Format:</small> <br><strong>[Gen 8] Megas For All</strong></div><div class=""><small><em>HP Percentage Mod:</em> HP is shown in percentages</small></div><div class=""><small><em>Endless Battle Clause:</em> Forcing endless battles is banned</small></div><div class=""><small><em>OHKO Clause:</em> OHKO moves are banned</small></div><div class=""><small><em>Evasion Moves Clause:</em> Evasion moves are banned</small></div><div class=""><small><em>Species Clause:</em> Limit one of each Pokémon</small></div><div class=""><small><em>Dynamax Clause:</em> You cannot dynamax</small></div><div class=""><small><em>Sleep Clause Mod:</em> Limit one foe put to sleep</small></div><div class="chat battle-history"><strong>inkbug1's team:</strong> <em style="color:#445566;display:block;">Durant / Boltund / Froslass / Zorua / Toucannon / Claydol</em></div><div class="chat battle-history"><strong>BotwNerd745's team:</strong> <em style="color:#445566;display:block;">Vanilluxe / Absol / Primarina / Scolipede / Necrozma / Tsareena</em></div><div class="spacer battle-history"><br></div><div class="battle-history">Battle started between BotwNerd745 and inkbug1!<br></div><div class="spacer battle-history"><br></div><div class="battle-history">BotwNerd745 sent out Conehead (<strong>Vanilluxe</strong>)!<br></div><div class="spacer battle-history"><br></div><div class="battle-history">Go! <strong>Froslass</strong>!<br></div><div class="battle-history">[The opposing Conehead's Snow Warning]<br><small>It started to hail!</small><br></div><div class="spacer battle-history"><br></div><h2 class="battle-history">Turn 1</h2><div class="spacer battle-history"><br></div><div class="battle-history"><small>The opposing Conehead's Vanillite is reacting to the Key Stone!</small><br>The opposing Conehead has Mega Evolved into Mega Vanilluxe!<br></div><div class="spacer battle-history"><br></div><div class="battle-history">Froslass used <strong>Spikes</strong>!<br></div><div class="battle-history"><small>Spikes were scattered on the ground all around the opposing team!</small><br></div><div class="spacer battle-history"><br></div><div class="battle-history">The opposing Conehead used <strong>Aurora Veil</strong>!<br></div><div class="battle-history"><small>Aurora Veil made the opposing team stronger against physical and special moves!</small><br></div><div class="spacer battle-history"><br></div><div class="battle-history"><small>(The hail is crashing down.)</small><br></div><div class="spacer battle-history"><br></div><h2 class="battle-history">Turn 2</h2><div class="spacer battle-history"><br></div><div class="battle-history">BotwNerd745 withdrew Conehead!<br></div><div class="battle-history">BotwNerd745 sent out danger dog (<strong>Absol</strong>)!<br></div><div class="battle-history"><small>The opposing danger dog was hurt by the spikes!</small><br></div><div class="spacer battle-history"><br></div><div class="battle-history">Froslass used <strong>Spikes</strong>!<br></div><div class="battle-history"><small>Spikes were scattered on the ground all around the opposing team!</small><br></div><div class="spacer battle-history"><br></div><div class="battle-history"><small>(The hail is crashing down.)</small><br></div><div class="battle-history"><small>The opposing danger dog is buffeted by the hail!</small><br></div><div class="spacer battle-history"><br></div><h2 class="battle-history">Turn 3</h2><div class="spacer battle-history"><br></div><div class="battle-history">Froslass used <strong>Spikes</strong>!<br></div><div class="battle-history"><small>Spikes were scattered on the ground all around the opposing team!</small><br></div><div class="spacer battle-history"><br></div><div class="battle-history">The opposing danger dog used <strong>Night Slash</strong>!<br></div><div class="battle-history"><small>It's super effective!</small><br></div><div class="battle-history"><small>A critical hit!</small><br></div><div class="battle-history"><small>(Froslass lost <abbr title="−281/281">100%</abbr> of its health!)</small><br></div><div class="spacer battle-history"><br></div><div class="battle-history">Froslass fainted!<br></div><div class="spacer battle-history"><br></div><div class="battle-history"><small>(The hail is crashing down.)</small><br></div><div class="battle-history"><small>The opposing danger dog is buffeted by the hail!</small><br></div><div class="spacer battle-history"><br></div><div class="battle-history">Go! Celia (<strong>Durant</strong>)!<br></div><div class="spacer battle-history"><br></div><h2 class="battle-history">Turn 4</h2><div class="spacer battle-history"><br></div><div class="battle-history">BotwNerd745 withdrew danger dog!<br></div><div class="battle-history">BotwNerd745 sent out Splash (<strong>Primarina</strong>)!<br></div><div class="battle-history"><small>The opposing Splash was hurt by the spikes!</small><br></div><div class="spacer battle-history"><br></div><div class="battle-history">Celia used <strong>First Impression</strong>!<br></div><div class="battle-history"><small>It's not very effective...</small><br></div><div class="battle-history"><small>(The opposing Splash lost 20% of its health!)</small><br></div><div class="spacer battle-history"><br></div><div class="battle-history"><small>(The hail is crashing down.)</small><br></div><div class="battle-history"><small>Celia is buffeted by the hail!</small><br></div><div class="battle-history"><small>The opposing Splash is buffeted by the hail!</small><br></div><div class="spacer battle-history"><br></div><h2 class="battle-history">Turn 5</h2><div class="spacer battle-history"><br></div><div class="battle-history">Celia, come back!<br></div><div class="battle-history">Go! Bolton (<strong>Boltund</strong>)!<br></div><div class="spacer battle-history"><br></div><div class="battle-history">The opposing Splash used <strong>Sparkling Aria</strong>!<br></div><div class="battle-history"><small>(Bolton lost <abbr title="−139/342">40.6%</abbr> of its health!)</small><br></div><div class="spacer battle-history"><br></div><div class="battle-history"><small>The hail stopped.</small><br></div><div class="battle-history"><small>The opposing team's Aurora Veil wore off!</small><br></div><div class="spacer battle-history"><br></div><h2 class="battle-history">Turn 6</h2><div class="spacer battle-history"><br></div><div class="battle-history">Bolton used <strong>Thunderbolt</strong>!<br></div><div class="battle-history"><small>It's super effective!</small><br></div><div class="battle-history"><small>(The opposing Splash lost 50% of its health!)</small><br></div><div class="spacer battle-history"><br></div><div class="battle-history">The opposing Splash fainted!<br></div><div class="spacer battle-history"><br></div><div class="battle-history">BotwNerd745 sent out danger dog (<strong>Absol</strong>)!<br></div><div class="battle-history"><small>The opposing danger dog was hurt by the spikes!</small><br></div><div class="spacer battle-history"><br></div><h2 class="battle-history">Turn 7</h2><div class="spacer battle-history"><br></div><div class="battle-history">Bolton used <strong>Volt Switch</strong>!<br></div><div class="battle-history"><small>(The opposing danger dog lost 49% of its health!)</small><br></div><div class="spacer battle-history"><br></div><div class="battle-history">Bolton went back to inkbug1!<br></div><div class="battle-history">Go! Lantern (<strong>Claydol</strong>)!<br></div><div class="spacer battle-history"><br></div><div class="battle-history">The opposing danger dog used <strong>Night Slash</strong>!<br></div><div class="battle-history"><small>It's not very effective...</small><br></div><div class="battle-history"><small>A critical hit!</small><br></div><div class="battle-history"><small>(Lantern lost <abbr title="−120/284">42.3%</abbr> of its health!)</small><br></div><div class="battle-history"><small>Daisy's illusion wore off!</small><br></div><div class="spacer battle-history"><br></div><h2 class="battle-history">Turn 8</h2><div class="spacer battle-history"><br></div><div class="battle-history">The opposing danger dog used <strong>Stone Edge</strong>!<br></div><div class="battle-history"><small>Daisy avoided the attack!</small><br></div><div class="spacer battle-history"><br></div><div class="battle-history">Daisy used <strong>Foul Play</strong>!<br></div><div class="battle-history"><small>It's not very effective...</small><br></div><div class="battle-history"><small>(The opposing danger dog lost 2% of its health!)</small><br></div><div class="spacer battle-history"><br></div><div class="battle-history">The opposing danger dog fainted!<br></div><div class="chat chatmessage-botwnerd745"><strong style="color:#9835de"><small>☆</small><span class="username" data-name="BotwNerd745">BotwNerd745</span>:</strong> <em>Danger dog is just crits </em></div><div class="chat chatmessage-inkbug1 mine"><strong style="color:#e46e0f"><small>☆</small><span class="username" data-name="inkbug1">inkbug1</span>:</strong> <em>well yeah </em></div><div class="chat chatmessage-botwnerd745"><strong style="color:#9835de"><small>☆</small><span class="username" data-name="BotwNerd745">BotwNerd745</span>:</strong> <em>super luck+scopelens+high crit moves</em></div><div class="spacer battle-history"><br></div><div class="battle-history">BotwNerd745 sent out Herrah (<strong>Scolipede</strong>)!<br></div><div class="spacer battle-history"><br></div><h2 class="battle-history">Turn 9</h2><div class="spacer battle-history"><br></div><div class="battle-history">The opposing Herrah used <strong>Toxic Spikes</strong>!<br></div><div class="battle-history"><small>Poison spikes were scattered on the ground all around your team!</small><br></div><div class="spacer battle-history"><br></div><div class="battle-history">Daisy used <strong>Burning Jealousy</strong>!<br></div><div class="battle-history"><small>It's super effective!</small><br></div><div class="battle-history"><small>(The opposing Herrah lost 33% of its health!)</small><br></div><div class="spacer battle-history"><br></div><div class="battle-history">[The opposing Herrah's Speed Boost]<br></div><div class="battle-history"><small>The opposing Herrah's Speed rose!</small><br></div><div class="spacer battle-history"><br></div><h2 class="battle-history">Turn 10</h2><div class="spacer battle-history"><br></div><div class="battle-history">Daisy, come back!<br></div><div class="battle-history">Go! Ram (<strong>Toucannon</strong>)!<br></div><div class="spacer battle-history"><br></div><div class="battle-history">The opposing Herrah used <strong>Megahorn</strong>!<br></div><div class="battle-history"><small>It's not very effective...</small><br></div><div class="battle-history"><small>(Ram lost <abbr title="−77/302">25.5%</abbr> of its health!)</small><br></div><div class="spacer battle-history"><br></div><div class="battle-history">[The opposing Herrah's Speed Boost]<br></div><div class="battle-history"><small>The opposing Herrah's Speed rose!</small><br></div><div class="spacer battle-history"><br></div><h2 class="battle-history">Turn 11</h2><div class="spacer battle-history"><br></div><div class="battle-history"><small>Ram's Toucannonite is reacting to the Key Stone!</small><br>Ram has Mega Evolved into Mega Toucannon!<br></div><div class="spacer battle-history"><br></div><div class="battle-history">The opposing Herrah used <strong>Toxic Spikes</strong>!<br></div><div class="battle-history"><small>Poison spikes were scattered on the ground all around your team!</small><br></div><div class="spacer battle-history"><br></div><div class="battle-history">Ram used <strong>Work Up</strong>!<br></div><div class="battle-history"><small>Ram's Attack rose!</small><br></div><div class="battle-history"><small>Ram's Sp. Atk rose!</small><br></div><div class="spacer battle-history"><br></div><div class="battle-history">[The opposing Herrah's Speed Boost]<br></div><div class="battle-history"><small>The opposing Herrah's Speed rose!</small><br></div><div class="spacer battle-history"><br></div><h2 class="battle-history">Turn 12</h2><div class="spacer battle-history"><br></div><div class="battle-history">The opposing Herrah used <strong>Poison Jab</strong>!<br></div><div class="battle-history"><small>(Ram lost <abbr title="−102/302">33.8%</abbr> of its health!)</small><br></div><div class="spacer battle-history"><br></div><div class="battle-history">Ram used <strong>Flame Charge</strong>!<br></div><div class="battle-history"><small>It's super effective!</small><br></div><div class="battle-history"><small>(The opposing Herrah lost 67% of its health!)</small><br></div><div class="battle-history"><small>Ram's Speed rose!</small><br></div><div class="spacer battle-history"><br></div><div class="battle-history">The opposing Herrah fainted!<br></div><div class="chat chatmessage-botwnerd745"><strong style="color:#9835de"><small>☆</small><span class="username" data-name="BotwNerd745">BotwNerd745</span>:</strong> <em>hmmm</em></div><div class="spacer battle-history"><br></div><div class="battle-history">BotwNerd745 sent out Conehead (<strong>Vanilluxe-Mega</strong>)!<br></div><div class="battle-history"><small>The opposing Conehead was hurt by the spikes!</small><br></div><div class="battle-history">[The opposing Conehead's Cold Sweat]<br><small>It started to rain!</small><br></div><div class="spacer battle-history"><br></div><h2 class="battle-history">Turn 13</h2><div class="spacer battle-history"><br></div><div class="battle-history">Ram, come back!<br></div><div class="battle-history">Go! Celia (<strong>Durant</strong>)!<br></div><div class="spacer battle-history"><br></div><div class="battle-history">The opposing Conehead used <strong>Weather Ball</strong>!<br></div><div class="battle-history"><small>(Celia lost <abbr title="−241/257">93.8%</abbr> of its health!)</small><br></div><div class="spacer battle-history"><br></div><div class="battle-history">Celia fainted!<br></div><div class="spacer battle-history"><br></div><div class="battle-history"><small>(Rain continues to fall.)</small><br></div><div class="chat chatmessage-inkbug1 mine"><strong style="color:#e46e0f"><small>☆</small><span class="username" data-name="inkbug1">inkbug1</span>:</strong> <em>OW JESUS</em></div><div class="spacer battle-history"><br></div><div class="battle-history">Go! Bolton (<strong>Boltund</strong>)!<br></div><div class="battle-history"><small>Bolton was badly poisoned!</small><br></div><div class="spacer battle-history"><br></div><h2 class="battle-history">Turn 14</h2><div class="chat chatmessage-botwnerd745"><strong style="color:#9835de"><small>☆</small><span class="username" data-name="BotwNerd745">BotwNerd745</span>:</strong> <em>ECXUSE ME</em></div><div class="spacer battle-history"><br></div><div class="battle-history">The opposing Conehead used <strong>Weather Ball</strong>!<br></div><div class="battle-history"><small>(Bolton lost <abbr title="−203/342">59.4%</abbr> of its health!)</small><br></div><div class="spacer battle-history"><br></div><div class="battle-history">Bolton fainted!<br></div><div class="spacer battle-history"><br></div><div class="battle-history"><small>(Rain continues to fall.)</small><br></div><div class="chat chatmessage-inkbug1 mine"><strong style="color:#e46e0f"><small>☆</small><span class="username" data-name="inkbug1">inkbug1</span>:</strong> <em>yeah this isnt gonna end well</em></div><div class="spacer battle-history"><br></div><div class="battle-history">Go! Lantern (<strong>Claydol</strong>)!<br></div><div class="battle-history"><small>Lantern was badly poisoned!</small><br></div><div class="spacer battle-history"><br></div><h2 class="battle-history">Turn 15</h2><div class="spacer battle-history"><br></div><div class="battle-history">The opposing Conehead used <strong>Weather Ball</strong>!<br></div><div class="battle-history"><small>(Lantern lost <abbr title="−164/284">57.7%</abbr> of its health!)</small><br></div><div class="battle-history"><small>Daisy's illusion wore off!</small><br></div><div class="spacer battle-history"><br></div><div class="battle-history">Daisy fainted!<br></div><div class="spacer battle-history"><br></div><div class="battle-history"><small>(Rain continues to fall.)</small><br></div><div class="spacer battle-history"><br></div><div class="battle-history">Go! Lantern (<strong>Claydol</strong>)!<br></div><div class="spacer battle-history"><br></div><h2 class="battle-history">Turn 16</h2><div class="spacer battle-history"><br></div><div class="battle-history">The opposing Conehead used <strong>Weather Ball</strong>!<br></div><div class="battle-history"><small>It's super effective!</small><br></div><div class="battle-history"><small>(Lantern lost <abbr title="−268/324">82.7%</abbr> of its health!)</small><br></div><div class="spacer battle-history"><br></div><div class="battle-history">Lantern used <strong>Toxic</strong>!<br></div><div class="battle-history"><small>The opposing Conehead was badly poisoned!</small><br></div><div class="spacer battle-history"><br></div><div class="battle-history"><small>(Rain continues to fall.)</small><br></div><div class="battle-history"><small>Lantern restored a little HP using its Leftovers!</small><br></div><div class="battle-history"><small>The opposing Conehead was hurt by poison!</small><br></div><div class="spacer battle-history"><br></div><h2 class="battle-history">Turn 17</h2><div class="spacer battle-history"><br></div><div class="battle-history">The opposing Conehead used <strong>Weather Ball</strong>!<br></div><div class="battle-history"><small>It's super effective!</small><br></div><div class="battle-history"><small>(Lantern lost <abbr title="−76/324">23.5%</abbr> of its health!)</small><br></div><div class="spacer battle-history"><br></div><div class="battle-history">Lantern fainted!<br></div><div class="spacer battle-history"><br></div><div class="battle-history"><small>The rain stopped.</small><br></div><div class="battle-history"><small>The opposing Conehead was hurt by poison!</small><br></div><div class="chat chatmessage-botwnerd745"><strong style="color:#9835de"><small>☆</small><span class="username" data-name="BotwNerd745">BotwNerd745</span>:</strong> <em>I uh</em></div><div class="spacer battle-history"><br></div><div class="battle-history">Go! Ram (<strong>Toucannon-Mega</strong>)!<br></div><div class="spacer battle-history"><br></div><h2 class="battle-history">Turn 18</h2><div class="chat chatmessage-botwnerd745"><strong style="color:#9835de"><small>☆</small><span class="username" data-name="BotwNerd745">BotwNerd745</span>:</strong> <em>didnt realize weather ball would just</em></div><div class="chat"><div class="message"><ul class="utilichart"><li class="result"><span class="col numcol">NUBL</span> <span class="col iconcol"><span class="picon" style="background: transparent url(&quot;//play.pokemonshowdown.com/sprites/pokemonicons-sheet.png?v2&quot;) no-repeat scroll -0px -0px"></span></span> <span class="col pokemonnamecol" style="white-space: nowrap"><a href="https://dex.pokemonshowdown.com/pokemon/vanilluxemega" target="_blank" rel="noopener">Vanilluxe-Mega</a></span> <span class="col typecol"><img src="https://play.pokemonshowdown.com/sprites/types/Ice.png" alt="Ice" height="14" width="32"></span> <span style="float: left ; min-height: 26px"><span class="col abilitycol">Cold Sweat</span><span class="col abilitycol"></span></span><span style="float: left ; min-height: 26px"><span class="col statcol"><em>HP</em><br>71</span> <span class="col statcol"><em>Atk</em><br>95</span> <span class="col statcol"><em>Def</em><br>85</span> <span class="col statcol"><em>SpA</em><br>160</span> <span class="col statcol"><em>SpD</em><br>115</span> <span class="col statcol"><em>Spe</em><br>109</span> <span class="col bstcol"><em>BST<br>635</em></span> </span></li><li style="clear: both"></li></ul></div></div><div class="chat"><font size="1"><font color="#686868">Dex#:</font> 584&nbsp;|  <font color="#686868">Gen:</font> 6&nbsp;|  <font color="#686868">Height:</font> 1.3 m&nbsp;|  <font color="#686868">Weight:</font> 57.5 kg <em>(80 BP)</em>&nbsp;|  <font color="#686868">Dex Colour:</font> White&nbsp;|  <font color="#686868">Egg Group(s):</font> Mineral&nbsp;|  <font color="#686868">Does Not Evolve</font></font></div><div class="chat"><div class="message"><ul class="utilichart"><li class="result"><span class="col numcol">Illegal</span> <span class="col iconcol"><span class="picon" style="background: transparent url(&quot;//play.pokemonshowdown.com/sprites/pokemonicons-sheet.png?v2&quot;) no-repeat scroll -0px -0px"></span></span> <span class="col pokemonnamecol" style="white-space: nowrap"><a href="https://dex.pokemonshowdown.com/pokemon/toucannonmega" target="_blank" rel="noopener">Toucannon-Mega</a></span> <span class="col typecol"><img src="https://play.pokemonshowdown.com/sprites/types/Fire.png" alt="Fire" height="14" width="32"><img src="https://play.pokemonshowdown.com/sprites/types/Flying.png" alt="Flying" height="14" width="32"></span> <span style="float: left ; min-height: 26px"><span class="col abilitycol">Ignite</span><span class="col abilitycol"></span></span><span style="float: left ; min-height: 26px"><span class="col statcol"><em>HP</em><br>80</span> <span class="col statcol"><em>Atk</em><br>140</span> <span class="col statcol"><em>Def</em><br>85</span> <span class="col statcol"><em>SpA</em><br>95</span> <span class="col statcol"><em>SpD</em><br>85</span> <span class="col statcol"><em>Spe</em><br>100</span> <span class="col bstcol"><em>BST<br>585</em></span> </span></li><li style="clear: both"></li></ul></div></div><div class="chat"><font size="1"><font color="#686868">Dex#:</font> 733&nbsp;|  <font color="#686868">Gen:</font> 7&nbsp;|  <font color="#686868">Height:</font> 1.1 m&nbsp;|  <font color="#686868">Weight:</font> 26 kg <em>(60 BP)</em>&nbsp;|  <font color="#686868">Dex Colour:</font> Black&nbsp;|  <font color="#686868">Egg Group(s):</font> Flying&nbsp;|  <font color="#686868">Does Not Evolve</font></font></div><div class="chat chatmessage-botwnerd745"><strong style="color:#9835de"><small>☆</small><span class="username" data-name="BotwNerd745">BotwNerd745</span>:</strong> <em>Well now I’m out of it</em></div><div class="spacer battle-history"><br></div><div class="battle-history">The opposing Conehead used <strong>Blizzard</strong>!<br></div><div class="battle-history"><small>(Ram lost <abbr title="−123/302">40.7%</abbr> of its health!)</small><br></div><div class="spacer battle-history"><br></div><div class="battle-history">Ram fainted!<br></div><div class="spacer battle-history"><br></div><div class="battle-history"><strong>BotwNerd745</strong> won the battle!<br></div><div class="chat chatmessage-inkbug1 mine"><strong style="color:#e46e0f"><small>☆</small><span class="username" data-name="inkbug1">inkbug1</span>:</strong> <em>yeah but yr faster</em></div><div class="chat chatmessage-botwnerd745"><strong style="color:#9835de"><small>☆</small><span class="username" data-name="BotwNerd745">BotwNerd745</span>:</strong> <em>gg</em></div><div class="chat chatmessage-inkbug1 mine"><strong style="color:#e46e0f"><small>☆</small><span class="username" data-name="inkbug1">inkbug1</span>:</strong> <em>BIG OOF </em></div><div class="chat chatmessage-inkbug1 mine"><strong style="color:#e46e0f"><small>☆</small><span class="username" data-name="inkbug1">inkbug1</span>:</strong> <em>that was good </em></div></div><div class="inner-preempt message-log"></div></div></div>
</div>
<script>
let daily = Math.floor(Date.now()/1000/60/60/24);document.write('<script src="https://play.pokemonshowdown.com/js/replay-embed.js?version'+daily+'"></'+'script>');
</script>
