<!DOCTYPE html>
<meta charset="utf-8" />
<!-- version 1 -->
<title>[Gen 8] Megas for All replay: kha243 vs. Hematemesis</title>
<style>
html,body {font-family:Verdana, sans-serif;font-size:10pt;margin:0;padding:0;}body{padding:12px 0;} .battle-log {font-family:Verdana, sans-serif;font-size:10pt;} .battle-log-inline {border:1px solid #AAAAAA;background:#EEF2F5;color:black;max-width:640px;margin:0 auto 80px;padding-bottom:5px;} .battle-log .inner {padding:4px 8px 0px 8px;} .battle-log .inner-preempt {padding:0 8px 4px 8px;} .battle-log .inner-after {margin-top:0.5em;} .battle-log h2 {margin:0.5em -8px;padding:4px 8px;border:1px solid #AAAAAA;background:#E0E7EA;border-left:0;border-right:0;font-family:Verdana, sans-serif;font-size:13pt;} .battle-log .chat {vertical-align:middle;padding:3px 0 3px 0;font-size:8pt;} .battle-log .chat strong {color:#40576A;} .battle-log .chat em {padding:1px 4px 1px 3px;color:#000000;font-style:normal;} .chat.mine {background:rgba(0,0,0,0.05);margin-left:-8px;margin-right:-8px;padding-left:8px;padding-right:8px;} .spoiler {color:#BBBBBB;background:#BBBBBB;padding:0px 3px;} .spoiler:hover, .spoiler:active, .spoiler-shown {color:#000000;background:#E2E2E2;padding:0px 3px;} .spoiler a {color:#BBBBBB;} .spoiler:hover a, .spoiler:active a, .spoiler-shown a {color:#2288CC;} .chat code, .chat .spoiler:hover code, .chat .spoiler:active code, .chat .spoiler-shown code {border:1px solid #C0C0C0;background:#EEEEEE;color:black;padding:0 2px;} .chat .spoiler code {border:1px solid #CCCCCC;background:#CCCCCC;color:#CCCCCC;} .battle-log .rated {padding:3px 4px;} .battle-log .rated strong {color:white;background:#89A;padding:1px 4px;border-radius:4px;} .spacer {margin-top:0.5em;} .message-announce {background:#6688AA;color:white;padding:1px 4px 2px;} .message-announce a, .broadcast-green a, .broadcast-blue a, .broadcast-red a {color:#DDEEFF;} .broadcast-green {background-color:#559955;color:white;padding:2px 4px;} .broadcast-blue {background-color:#6688AA;color:white;padding:2px 4px;} .infobox {border:1px solid #6688AA;padding:2px 4px;} .infobox-limited {max-height:200px;overflow:auto;overflow-x:hidden;} .broadcast-red {background-color:#AA5544;color:white;padding:2px 4px;} .message-learn-canlearn {font-weight:bold;color:#228822;text-decoration:underline;} .message-learn-cannotlearn {font-weight:bold;color:#CC2222;text-decoration:underline;} .message-effect-weak {font-weight:bold;color:#CC2222;} .message-effect-resist {font-weight:bold;color:#6688AA;} .message-effect-immune {font-weight:bold;color:#666666;} .message-learn-list {margin-top:0;margin-bottom:0;} .message-throttle-notice, .message-error {color:#992222;} .message-overflow, .chat small.message-overflow {font-size:0pt;} .message-overflow::before {font-size:9pt;content:'...';} .subtle {color:#3A4A66;}
</style>
<div class="wrapper replay-wrapper" style="max-width:1180px;margin:0 auto">
<input type="hidden" name="replayid" value="dragonheaven-gen8megasforall-320" />
<div class="battle"></div><div class="battle-log"></div><div class="replay-controls"></div><div class="replay-controls-2"></div>
<h1 style="font-weight:normal;text-align:center"><strong>[Gen 8] Megas for All</strong><br /><a href="http://pokemonshowdown.com/users/kha243" class="subtle" target="_blank">kha243</a> vs. <a href="http://pokemonshowdown.com/users/hematemesis" class="subtle" target="_blank">Hematemesis</a></h1>
<script type="text/plain" class="battle-log-data">|j|☆kha243
|j|☆Hematemesis
|t:|1639608803
|player|p1|kha243|lucas|
|player|p2|Hematemesis|siebold|
|teamsize|p1|6
|teamsize|p2|6
|gametype|singles
|gen|8
|tier|[Gen 8] Megas for All
|clearpoke
|poke|p1|Dragalge, M|
|poke|p1|Tapu Fini|
|poke|p1|Terrakion|
|poke|p1|Slowking-Galar, F|
|poke|p1|Gliscor, F|
|poke|p1|Ferrothorn, F|
|poke|p2|Toxapex, F|
|poke|p2|Staraptor, F|
|poke|p2|Excadrill, M|
|poke|p2|Tapu Koko|
|poke|p2|Serperior, F|
|poke|p2|Deoxys-Defense|
|rule|HP Percentage Mod: HP is shown in percentages
|rule|Endless Battle Clause: Forcing endless battles is banned
|rule|OHKO Clause: OHKO moves are banned
|rule|Evasion Moves Clause: Evasion moves are banned
|rule|Species Clause: Limit one of each Pokémon
|rule|Dynamax Clause: You cannot dynamax
|rule|Sleep Clause Mod: Limit one foe put to sleep
|rule|Freeze Clause Mod: Limit one foe frozen
|raw|<img src="https:\/\/raw.githubusercontent.com\/scoopapa\/DH\/master\/data\/mods\/m4av6\/sprites\/m4a_banner.png" height="65" width="381">
|-message|Welcome to Megas for All!
|-message|This is a National Dex-based format where we aim to give a new Mega Evolution to every Pokémon.
|-message|Just like any official format, you can still only Mega Evolve one Pokémon per team!
|-message|You can find our thread and metagame resources here:
|-message|https:\/\/www.smogon.com\/forums\/threads\/3671140\/
|teampreview
|c|☆kha243|glhf
|j|+inkbug1

|j| Sticky Fingaa
|j| time to chill
|c|☆Hematemesis|Tyu2
|c| Sticky Fingaa|hf both
|
|t:|1639608817
|start
|switch|p1a: dragalgemega|Dragalge, M|100\/100
|switch|p2a: Tapu Koko|Tapu Koko|100\/100
|-fieldstart|move: Electric Terrain|[from] ability: Electric Surge|[of] p2a: Tapu Koko
|turn|1
|
|t:|1639608822
|detailschange|p1a: dragalgemega|Dragalge-Mega, M
|-mega|p1a: dragalgemega|Dragalge|Dragalgite
|-fieldstart|move: Acidic Terrain|[from] ability: Acidic Surge|[of] p1a: dragalgemega
|-message|Poison-type moves used by grounded Pokémon will have their power increased.
|-message|Grounded Steel-type Pokémon will also lose their immunity to Poison-type moves.
|-start|p1a: dragalgemega|typechange|Poison\/Dragon|[silent]
|raw|<ul class="utilichart"><li class="result"><span class="col pokemonnamecol" style="white-space: nowrap">Dragalge-Mega<\/span> <span class="col typecol"><img src="https:\/\/play.pokemonshowdown.com\/sprites\/types\/Poison.png" alt="Poison" height="14" width="32"><img src="https:\/\/play.pokemonshowdown.com\/sprites\/types\/Dragon.png" alt="Dragon" height="14" width="32"><\/span> <span style="float: left ; min-height: 26px"><span class="col abilitycol">Acidic Surge<\/span><span class="col abilitycol"><\/span><\/span><span style="float: left ; min-height: 26px"><span class="col statcol"><em>HP<\/em><br>65<\/span> <span class="col statcol"><em>Atk<\/em><br>95<\/span> <span class="col statcol"><em>Def<\/em><br>90<\/span> <span class="col statcol"><em>SpA<\/em><br>147<\/span> <span class="col statcol"><em>SpD<\/em><br>153<\/span> <span class="col statcol"><em>Spe<\/em><br>44<\/span> <\/span><\/li><li style="clear: both"><\/li><\/ul>
|-hint|Dragalge-Mega was submitted by BlueRay!
|move|p2a: Tapu Koko|Volt Switch|p1a: dragalgemega
|-resisted|p1a: dragalgemega
|-damage|p1a: dragalgemega|86\/100
|c| time to chill|heat team, bolivia
|
|t:|1639608828
|switch|p2a: Deoxys|Deoxys-Defense|100\/100|[from]move: Volt Switch
|-ability|p2a: Deoxys|Pressure
|move|p1a: dragalgemega|Thunderbolt|p2a: Deoxys
|-damage|p2a: Deoxys|71\/100
|
|-heal|p2a: Deoxys|77\/100|[from] item: Leftovers
|upkeep
|turn|2
|
|t:|1639608833
|move|p2a: Deoxys|Stealth Rock|p1a: dragalgemega
|-sidestart|p1: kha243|move: Stealth Rock
|move|p1a: dragalgemega|Sludge Bomb|p2a: Deoxys
|-damage|p2a: Deoxys|22\/100
|
|-heal|p2a: Deoxys|28\/100|[from] item: Leftovers
|upkeep
|turn|3
|
|t:|1639608836
|move|p2a: Deoxys|Recover|p2a: Deoxys
|-heal|p2a: Deoxys|78\/100
|move|p1a: dragalgemega|Sludge Bomb|p2a: Deoxys
|-damage|p2a: Deoxys|27\/100
|
|-heal|p2a: Deoxys|33\/100|[from] item: Leftovers
|upkeep
|turn|4
|
|t:|1639608838
|move|p2a: Deoxys|Recover|p2a: Deoxys
|-heal|p2a: Deoxys|83\/100
|move|p1a: dragalgemega|Sludge Bomb|p2a: Deoxys
|-damage|p2a: Deoxys|33\/100
|-status|p2a: Deoxys|psn
|
|-heal|p2a: Deoxys|39\/100 psn|[from] item: Leftovers
|-damage|p2a: Deoxys|27\/100 psn|[from] psn
|upkeep
|turn|5
|
|t:|1639608841
|move|p2a: Deoxys|Recover|p2a: Deoxys
|-heal|p2a: Deoxys|77\/100 psn
|move|p1a: dragalgemega|Flip Turn|p2a: Deoxys
|-damage|p2a: Deoxys|67\/100 psn
|c| Sticky Fingaa|deoxys-d is goated
|
|t:|1639608850
|switch|p1a: Terrakion|Terrakion|100\/100|[from]move: Flip Turn
|-damage|p1a: Terrakion|94\/100|[from] Stealth Rock
|
|-heal|p2a: Deoxys|73\/100 psn|[from] item: Leftovers
|-damage|p2a: Deoxys|61\/100 psn|[from] psn
|-fieldend|move: Acidic Terrain
|upkeep
|turn|6
|
|t:|1639608863
|switch|p2a: Serperior|Serperior, F|100\/100
|move|p1a: Terrakion|Stone Edge|p2a: Serperior|[miss]
|-miss|p1a: Terrakion|p2a: Serperior
|
|upkeep
|turn|7
|
|t:|1639608869
|switch|p1a: Slowking|Slowking-Galar, F|100\/100
|-damage|p1a: Slowking|88\/100|[from] Stealth Rock
|move|p2a: Serperior|Substitute|p2a: Serperior
|-start|p2a: Serperior|Substitute
|-damage|p2a: Serperior|76\/100
|
|-heal|p2a: Serperior|82\/100|[from] item: Leftovers
|upkeep
|turn|8
|
|t:|1639608872
|move|p2a: Serperior|Glare|p1a: Slowking
|-status|p1a: Slowking|par
|move|p1a: Slowking|Flamethrower|p2a: Serperior
|-supereffective|p2a: Serperior
|-end|p2a: Serperior|Substitute
|
|-heal|p2a: Serperior|88\/100|[from] item: Leftovers
|upkeep
|turn|9
|
|t:|1639608875
|move|p2a: Serperior|Substitute|p2a: Serperior
|-start|p2a: Serperior|Substitute
|-damage|p2a: Serperior|63\/100
|move|p1a: Slowking|Sludge Bomb|p2a: Serperior
|-supereffective|p2a: Serperior
|-crit|p2a: Serperior
|-end|p2a: Serperior|Substitute
|
|-heal|p2a: Serperior|69\/100|[from] item: Leftovers
|upkeep
|turn|10
|
|t:|1639608879
|move|p2a: Serperior|Substitute|p2a: Serperior
|-start|p2a: Serperior|Substitute
|-damage|p2a: Serperior|45\/100
|cant|p1a: Slowking|par
|
|-heal|p2a: Serperior|51\/100|[from] item: Leftovers
|upkeep
|turn|11
|
|t:|1639608881
|move|p2a: Serperior|Leech Seed|p1a: Slowking
|-start|p1a: Slowking|move: Leech Seed
|cant|p1a: Slowking|par
|
|-heal|p2a: Serperior|57\/100|[from] item: Leftovers
|-damage|p1a: Slowking|76\/100 par|[from] Leech Seed|[of] p2a: Serperior
|-heal|p2a: Serperior|71\/100|[silent]
|upkeep
|turn|12
|
|t:|1639608885
|move|p2a: Serperior|Leaf Storm|p1a: Slowking
|-resisted|p1a: Slowking
|-damage|p1a: Slowking|67\/100 par
|-boost|p2a: Serperior|spa|2
|move|p1a: Slowking|Future Sight|p2a: Serperior
|-start|p1a: Slowking|move: Future Sight
|
|-heal|p2a: Serperior|77\/100|[from] item: Leftovers
|-damage|p1a: Slowking|55\/100 par|[from] Leech Seed|[of] p2a: Serperior
|-heal|p2a: Serperior|91\/100|[silent]
|upkeep
|turn|13
|
|t:|1639608889
|move|p2a: Serperior|Leaf Storm|p1a: Slowking
|-resisted|p1a: Slowking
|-damage|p1a: Slowking|39\/100 par
|-boost|p2a: Serperior|spa|2
|cant|p1a: Slowking|par
|
|-heal|p2a: Serperior|97\/100|[from] item: Leftovers
|-damage|p1a: Slowking|26\/100 par|[from] Leech Seed|[of] p2a: Serperior
|-heal|p2a: Serperior|100\/100|[silent]
|upkeep
|turn|14
|c|☆kha243|so many para ._.
|
|t:|1639608907
|switch|p1a: Ferrothorn|Ferrothorn, F|100\/100
|-damage|p1a: Ferrothorn|94\/100|[from] Stealth Rock
|move|p2a: Serperior|Leaf Storm|p1a: Ferrothorn
|-resisted|p1a: Ferrothorn
|-damage|p1a: Ferrothorn|77\/100
|-boost|p2a: Serperior|spa|2
|
|-end|p2a: Serperior|move: Future Sight
|-end|p2a: Serperior|Substitute
|-heal|p1a: Ferrothorn|83\/100|[from] item: Leftovers
|upkeep
|turn|15
|
|t:|1639608914
|switch|p1a: dragalgemega|Dragalge-Mega, M|86\/100
|-start|p1a: dragalgemega|typechange|Poison\/Dragon|[silent]
|-damage|p1a: dragalgemega|74\/100|[from] Stealth Rock
|-fieldstart|move: Acidic Terrain|[from] ability: Acidic Surge|[of] p1a: dragalgemega
|-message|Poison-type moves used by grounded Pokémon will have their power increased.
|-message|Grounded Steel-type Pokémon will also lose their immunity to Poison-type moves.
|move|p2a: Serperior|Glare|p1a: dragalgemega
|-status|p1a: dragalgemega|par
|
|upkeep
|turn|16
|
|t:|1639608919
|switch|p2a: Excadrill|Excadrill, M|100\/100
|-ability|p2a: Excadrill|Mold Breaker
|move|p1a: dragalgemega|Sludge Bomb|p2a: Excadrill
|-resisted|p2a: Excadrill
|-damage|p2a: Excadrill|74\/100
|
|-heal|p2a: Excadrill|80\/100|[from] item: Leftovers
|upkeep
|turn|17
|
|t:|1639608937
|switch|p2a: Toxapex|Toxapex, F|100\/100
|switch|p1a: Gliscor|Gliscor, F|100\/100
|-damage|p1a: Gliscor|88\/100|[from] Stealth Rock
|
|-status|p1a: Gliscor|tox|[from] item: Toxic Orb
|upkeep
|turn|18
|
|t:|1639608958
|move|p1a: Gliscor|Defog|p2a: Toxapex
|-unboost|p2a: Toxapex|evasion|1
|-sideend|p1: kha243|Stealth Rock|[from] move: Defog|[of] p1a: Gliscor
|-fieldend|move: Acidic Terrain
|move|p2a: Toxapex|Liquidation|p1a: Gliscor
|-supereffective|p1a: Gliscor
|-damage|p1a: Gliscor|21\/100 tox
|-unboost|p1a: Gliscor|def|1
|
|-heal|p1a: Gliscor|33\/100 tox|[from] ability: Poison Heal
|upkeep
|turn|19
|
|t:|1639608967
|switch|p2a: Staraptor|Staraptor, F|100\/100
|-ability|p2a: Staraptor|Intimidate|boost
|-unboost|p1a: Gliscor|atk|1
|move|p1a: Gliscor|Roost|p1a: Gliscor
|-heal|p1a: Gliscor|83\/100 tox
|-singleturn|p1a: Gliscor|move: Roost
|
|-heal|p1a: Gliscor|96\/100 tox|[from] ability: Poison Heal
|upkeep
|turn|20
|c| time to chill|bandana :D
|
|t:|1639608975
|-activate|p1a: Gliscor|move: Pursuit
|detailschange|p2a: Staraptor|Staraptor-Mega, F
|-mega|p2a: Staraptor|Staraptor|Staraptorite
|-ability|p2a: Staraptor|Showdown
|-start|p1a: Gliscor|Heal Block|[silent]
|-start|p2a: Staraptor|Heal Block|[silent]
|-start|p2a: Staraptor|typechange|Normal\/Flying|[silent]
|raw|<ul class="utilichart"><li class="result"><span class="col pokemonnamecol" style="white-space: nowrap">Staraptor-Mega<\/span> <span class="col typecol"><img src="https:\/\/play.pokemonshowdown.com\/sprites\/types\/Normal.png" alt="Normal" height="14" width="32"><img src="https:\/\/play.pokemonshowdown.com\/sprites\/types\/Flying.png" alt="Flying" height="14" width="32"><\/span> <span style="float: left ; min-height: 26px"><span class="col abilitycol">Showdown<\/span><span class="col abilitycol"><\/span><\/span><span style="float: left ; min-height: 26px"><span class="col statcol"><em>HP<\/em><br>85<\/span> <span class="col statcol"><em>Atk<\/em><br>140<\/span> <span class="col statcol"><em>Def<\/em><br>85<\/span> <span class="col statcol"><em>SpA<\/em><br>75<\/span> <span class="col statcol"><em>SpD<\/em><br>80<\/span> <span class="col statcol"><em>Spe<\/em><br>120<\/span> <\/span><\/li><li style="clear: both"><\/li><\/ul>
|-hint|Staraptor-Mega was submitted by IsoCon!
|move|p2a: Staraptor|Pursuit|p1a: Gliscor|[from]Pursuit
|-damage|p1a: Gliscor|64\/100 tox
|switch|p1a: Ferrothorn|Ferrothorn, F|83\/100
|-start|p1a: Ferrothorn|Heal Block|[silent]
|
|upkeep
|turn|21
|
|t:|1639608986
|move|p2a: Staraptor|Super Fang|p1a: Ferrothorn|[miss]
|-miss|p2a: Staraptor|p1a: Ferrothorn
|move|p1a: Ferrothorn|Thunder Wave|p2a: Staraptor|[miss]
|-miss|p1a: Ferrothorn|p2a: Staraptor
|
|upkeep
|turn|22
|c| Sticky Fingaa|damn 32% is quite a lot
|c| time to chill|fair trade
|
|t:|1639609006
|move|p2a: Staraptor|Super Fang|p1a: Ferrothorn
|-damage|p1a: Ferrothorn|42\/100
|-damage|p2a: Staraptor|88\/100|[from] ability: Iron Barbs|[of] p1a: Ferrothorn
|move|p1a: Ferrothorn|Thunder Wave|p2a: Staraptor
|-status|p2a: Staraptor|par
|
|upkeep
|turn|23
|
|t:|1639609011
|switch|p1a: Terrakion|Terrakion|94\/100
|-start|p1a: Terrakion|Heal Block|[silent]
|move|p2a: Staraptor|Brave Bird|p1a: Terrakion
|-damage|p1a: Terrakion|33\/100
|-damage|p2a: Staraptor|71\/100 par|[from] Recoil
|
|upkeep
|turn|24
|
|t:|1639609031
|move|p1a: Terrakion|Close Combat|p2a: Staraptor
|-damage|p2a: Staraptor|7\/100 par
|-unboost|p1a: Terrakion|def|1
|-unboost|p1a: Terrakion|spd|1
|cant|p2a: Staraptor|par
|
|upkeep
|turn|25
|
|t:|1639609040
|move|p1a: Terrakion|Close Combat|p2a: Staraptor
|-damage|p2a: Staraptor|0 fnt
|-unboost|p1a: Terrakion|def|1
|-unboost|p1a: Terrakion|spd|1
|faint|p2a: Staraptor
|-end|p1a: Terrakion|move: Heal Block
|
|upkeep
|c|☆Hematemesis|F, clicked brave bird
|
|t:|1639609046
|switch|p2a: Tapu Koko|Tapu Koko|100\/100
|-fieldstart|move: Electric Terrain|[from] ability: Electric Surge|[of] p2a: Tapu Koko
|turn|26
|c|☆Hematemesis|Kha moment ig
|c|☆kha243|i had quite a large amount of paras against serp
|
|t:|1639609067
|switch|p1a: Ferrothorn|Ferrothorn, F|42\/100
|move|p2a: Tapu Koko|Volt Switch|p1a: Ferrothorn
|-resisted|p1a: Ferrothorn
|-damage|p1a: Ferrothorn|24\/100
|
|t:|1639609083
|switch|p2a: Toxapex|Toxapex, F|100\/100|[from]move: Volt Switch
|
|-heal|p1a: Ferrothorn|30\/100|[from] item: Leftovers
|upkeep
|turn|27
|
|t:|1639609095
|move|p2a: Toxapex|Knock Off|p1a: Ferrothorn
|-damage|p1a: Ferrothorn|6\/100
|-damage|p2a: Toxapex|88\/100|[from] ability: Iron Barbs|[of] p1a: Ferrothorn
|-enditem|p1a: Ferrothorn|Leftovers|[from] move: Knock Off|[of] p2a: Toxapex
|move|p1a: Ferrothorn|Leech Seed|p2a: Toxapex
|-start|p2a: Toxapex|move: Leech Seed
|
|-damage|p2a: Toxapex|76\/100|[from] Leech Seed|[of] p1a: Ferrothorn
|-heal|p1a: Ferrothorn|17\/100|[silent]
|upkeep
|turn|28
|
|t:|1639609100
|switch|p1a: Tapu Fini|Tapu Fini|100\/100
|-fieldstart|move: Misty Terrain|[from] ability: Misty Surge|[of] p1a: Tapu Fini
|move|p2a: Toxapex|Knock Off|p1a: Tapu Fini
|-resisted|p1a: Tapu Fini
|-damage|p1a: Tapu Fini|86\/100
|-enditem|p1a: Tapu Fini|Leftovers|[from] move: Knock Off|[of] p2a: Toxapex
|
|-damage|p2a: Toxapex|64\/100|[from] Leech Seed|[of] p1a: Tapu Fini
|-heal|p1a: Tapu Fini|97\/100|[silent]
|upkeep
|turn|29
|
|t:|1639609104
|switch|p2a: Serperior|Serperior, F|100\/100
|move|p1a: Tapu Fini|Taunt|p2a: Serperior
|-start|p2a: Serperior|move: Taunt
|
|upkeep
|turn|30
|
|t:|1639609109
|switch|p2a: Excadrill|Excadrill, M|80\/100
|-ability|p2a: Excadrill|Mold Breaker
|switch|p1a: Slowking|Slowking-Galar, F|59\/100 par
|
|-heal|p2a: Excadrill|86\/100|[from] item: Leftovers
|upkeep
|turn|31
|
|t:|1639609116
|switch|p2a: Serperior|Serperior, F|100\/100
|switch|p1a: Gliscor|Gliscor, F|64\/100 tox
|
|-heal|p1a: Gliscor|77\/100 tox|[from] ability: Poison Heal
|upkeep
|turn|32
|
|t:|1639609119
|move|p2a: Serperior|Substitute|p2a: Serperior
|-start|p2a: Serperior|Substitute
|-damage|p2a: Serperior|76\/100
|move|p1a: Gliscor|U-turn|p2a: Serperior
|-supereffective|p2a: Serperior
|-end|p2a: Serperior|Substitute
|
|t:|1639609124
|switch|p1a: Slowking|Slowking-Galar, F|93\/100 par|[from]move: U-turn
|
|-heal|p2a: Serperior|82\/100|[from] item: Leftovers
|-fieldend|Misty Terrain
|upkeep
|turn|33
|
|t:|1639609127
|move|p2a: Serperior|Substitute|p2a: Serperior
|-start|p2a: Serperior|Substitute
|-damage|p2a: Serperior|57\/100
|move|p1a: Slowking|Sludge Bomb|p2a: Serperior
|-supereffective|p2a: Serperior
|-end|p2a: Serperior|Substitute
|
|-heal|p2a: Serperior|63\/100|[from] item: Leftovers
|upkeep
|turn|34
|
|t:|1639609129
|move|p2a: Serperior|Substitute|p2a: Serperior
|-start|p2a: Serperior|Substitute
|-damage|p2a: Serperior|38\/100
|move|p1a: Slowking|Sludge Bomb|p2a: Serperior
|-supereffective|p2a: Serperior
|-end|p2a: Serperior|Substitute
|
|-heal|p2a: Serperior|45\/100|[from] item: Leftovers
|upkeep
|turn|35
|
|t:|1639609132
|move|p2a: Serperior|Substitute|p2a: Serperior
|-start|p2a: Serperior|Substitute
|-damage|p2a: Serperior|20\/100
|cant|p1a: Slowking|par
|
|-heal|p2a: Serperior|26\/100|[from] item: Leftovers
|upkeep
|turn|36
|
|t:|1639609134
|move|p2a: Serperior|Leech Seed|p1a: Slowking
|-start|p1a: Slowking|move: Leech Seed
|move|p1a: Slowking|Sludge Bomb|p2a: Serperior
|-supereffective|p2a: Serperior
|-end|p2a: Serperior|Substitute
|
|-heal|p2a: Serperior|32\/100|[from] item: Leftovers
|-damage|p1a: Slowking|80\/100 par|[from] Leech Seed|[of] p2a: Serperior
|-heal|p2a: Serperior|46\/100|[silent]
|upkeep
|turn|37
|
|t:|1639609137
|switch|p1a: dragalgemega|Dragalge-Mega, M|74\/100 par
|-start|p1a: dragalgemega|typechange|Poison\/Dragon|[silent]
|-fieldstart|move: Acidic Terrain|[from] ability: Acidic Surge|[of] p1a: dragalgemega
|-message|Poison-type moves used by grounded Pokémon will have their power increased.
|-message|Grounded Steel-type Pokémon will also lose their immunity to Poison-type moves.
|move|p2a: Serperior|Substitute|p2a: Serperior
|-start|p2a: Serperior|Substitute
|-damage|p2a: Serperior|21\/100
|
|-heal|p2a: Serperior|27\/100|[from] item: Leftovers
|upkeep
|turn|38
|
|t:|1639609139
|move|p2a: Serperior|Leech Seed|p1a: dragalgemega
|-start|p1a: dragalgemega|move: Leech Seed
|move|p1a: dragalgemega|Sludge Bomb|p2a: Serperior
|-supereffective|p2a: Serperior
|-end|p2a: Serperior|Substitute
|
|-heal|p2a: Serperior|34\/100|[from] item: Leftovers
|-damage|p1a: dragalgemega|61\/100 par|[from] Leech Seed|[of] p2a: Serperior
|-heal|p2a: Serperior|45\/100|[silent]
|upkeep
|turn|39
|
|t:|1639609144
|switch|p1a: Slowking|Slowking-Galar, F|100\/100 par
|move|p2a: Serperior|Substitute|p2a: Serperior
|-start|p2a: Serperior|Substitute
|-damage|p2a: Serperior|20\/100
|
|-heal|p2a: Serperior|26\/100|[from] item: Leftovers
|upkeep
|turn|40
|
|t:|1639609146
|move|p2a: Serperior|Leech Seed|p1a: Slowking
|-start|p1a: Slowking|move: Leech Seed
|move|p1a: Slowking|Sludge Bomb|p2a: Serperior
|-supereffective|p2a: Serperior
|-end|p2a: Serperior|Substitute
|
|-heal|p2a: Serperior|33\/100|[from] item: Leftovers
|-damage|p1a: Slowking|88\/100 par|[from] Leech Seed|[of] p2a: Serperior
|-heal|p2a: Serperior|47\/100|[silent]
|upkeep
|turn|41
|
|t:|1639609151
|move|p2a: Serperior|Leech Seed||[still]
|-fail|p2a: Serperior
|move|p1a: Slowking|Sludge Bomb|p2a: Serperior
|-supereffective|p2a: Serperior
|-damage|p2a: Serperior|0 fnt
|faint|p2a: Serperior
|
|-fieldend|move: Acidic Terrain
|upkeep
|
|t:|1639609165
|switch|p2a: Deoxys|Deoxys-Defense|61\/100 psn
|-ability|p2a: Deoxys|Pressure
|turn|42
|
|t:|1639609170
|switch|p1a: Tapu Fini|Tapu Fini|97\/100
|-fieldstart|move: Misty Terrain|[from] ability: Misty Surge|[of] p1a: Tapu Fini
|move|p2a: Deoxys|Seismic Toss|p1a: Tapu Fini
|-damage|p1a: Tapu Fini|68\/100
|
|-heal|p2a: Deoxys|67\/100 psn|[from] item: Leftovers
|-damage|p2a: Deoxys|55\/100 psn|[from] psn
|upkeep
|turn|43
|
|t:|1639609174
|move|p2a: Deoxys|Taunt|p1a: Tapu Fini
|-start|p1a: Tapu Fini|move: Taunt
|cant|p1a: Tapu Fini|move: Taunt|Taunt
|
|-heal|p2a: Deoxys|61\/100 psn|[from] item: Leftovers
|-damage|p2a: Deoxys|49\/100 psn|[from] psn
|upkeep
|turn|44
|
|t:|1639609178
|switch|p1a: Gliscor|Gliscor, F|77\/100 tox
|move|p2a: Deoxys|Recover|p2a: Deoxys
|-heal|p2a: Deoxys|99\/100 psn
|
|-heal|p2a: Deoxys|100\/100 psn|[from] item: Leftovers
|-damage|p2a: Deoxys|88\/100 psn|[from] psn
|-heal|p1a: Gliscor|89\/100 tox|[from] ability: Poison Heal
|upkeep
|turn|45
|
|t:|1639609190
|move|p2a: Deoxys|Taunt|p1a: Gliscor
|-start|p1a: Gliscor|move: Taunt
|move|p1a: Gliscor|Earthquake|p2a: Deoxys
|-damage|p2a: Deoxys|63\/100 psn
|
|-heal|p2a: Deoxys|69\/100 psn|[from] item: Leftovers
|-damage|p2a: Deoxys|57\/100 psn|[from] psn
|-heal|p1a: Gliscor|100\/100 tox|[from] ability: Poison Heal
|upkeep
|turn|46
|
|t:|1639609194
|move|p2a: Deoxys|Seismic Toss|p1a: Gliscor
|-damage|p1a: Gliscor|72\/100 tox
|move|p1a: Gliscor|U-turn|p2a: Deoxys
|-supereffective|p2a: Deoxys
|-damage|p2a: Deoxys|33\/100 psn
|
|t:|1639609197
|switch|p1a: Terrakion|Terrakion|33\/100|[from]move: U-turn
|
|-heal|p2a: Deoxys|38\/100 psn|[from] item: Leftovers
|-damage|p2a: Deoxys|26\/100 psn|[from] psn
|-fieldend|Misty Terrain
|upkeep
|turn|47
|
|t:|1639609203
|move|p1a: Terrakion|Stone Edge|p2a: Deoxys|[miss]
|-miss|p1a: Terrakion|p2a: Deoxys
|move|p2a: Deoxys|Seismic Toss|p1a: Terrakion
|-damage|p1a: Terrakion|2\/100
|
|-heal|p2a: Deoxys|32\/100 psn|[from] item: Leftovers
|-damage|p2a: Deoxys|20\/100 psn|[from] psn
|upkeep
|turn|48
|
|t:|1639609208
|switch|p2a: Excadrill|Excadrill, M|86\/100
|-ability|p2a: Excadrill|Mold Breaker
|move|p1a: Terrakion|Earthquake|p2a: Excadrill
|-supereffective|p2a: Excadrill
|-damage|p2a: Excadrill|3\/100
|
|-heal|p2a: Excadrill|9\/100|[from] item: Leftovers
|upkeep
|turn|49
|
|t:|1639609213
|switch|p1a: Gliscor|Gliscor, F|72\/100 tox
|move|p2a: Excadrill|Rapid Spin|p1a: Gliscor
|-damage|p1a: Gliscor|60\/100 tox
|-boost|p2a: Excadrill|spe|1
|
|-heal|p2a: Excadrill|16\/100|[from] item: Leftovers
|-heal|p1a: Gliscor|72\/100 tox|[from] ability: Poison Heal
|upkeep
|turn|50
|c| Sticky Fingaa|serp moment
|
|t:|1639609220
|move|p2a: Excadrill|Toxic|p1a: Gliscor|[miss]
|-miss|p2a: Excadrill|p1a: Gliscor
|move|p1a: Gliscor|Earthquake|p2a: Excadrill
|-supereffective|p2a: Excadrill
|-damage|p2a: Excadrill|0 fnt
|faint|p2a: Excadrill
|
|-heal|p1a: Gliscor|85\/100 tox|[from] ability: Poison Heal
|upkeep
|
|t:|1639609222
|switch|p2a: Tapu Koko|Tapu Koko|100\/100
|-fieldstart|move: Electric Terrain|[from] ability: Electric Surge|[of] p2a: Tapu Koko
|turn|51
|
|t:|1639609227
|switch|p1a: Ferrothorn|Ferrothorn, F|17\/100
|move|p2a: Tapu Koko|Hidden Power|p1a: Ferrothorn
|-damage|p1a: Ferrothorn|1\/100
|
|upkeep
|turn|52
|
|t:|1639609229
|move|p2a: Tapu Koko|Hidden Power|p1a: Ferrothorn
|-damage|p1a: Ferrothorn|0 fnt
|faint|p1a: Ferrothorn
|
|upkeep
|
|t:|1639609236
|switch|p1a: Slowking|Slowking-Galar, F|100\/100 par
|turn|53
|
|t:|1639609240
|switch|p2a: Toxapex|Toxapex, F|97\/100
|cant|p1a: Slowking|par
|
|upkeep
|turn|54
|
|t:|1639609254
|switch|p1a: Gliscor|Gliscor, F|85\/100 tox
|move|p2a: Toxapex|Gunk Shot|p1a: Gliscor
|-resisted|p1a: Gliscor
|-damage|p1a: Gliscor|56\/100 tox
|
|-heal|p1a: Gliscor|69\/100 tox|[from] ability: Poison Heal
|upkeep
|turn|55
|
|t:|1639609259
|switch|p2a: Tapu Koko|Tapu Koko|100\/100
|move|p1a: Gliscor|Earthquake|p2a: Tapu Koko
|-supereffective|p2a: Tapu Koko
|-damage|p2a: Tapu Koko|6\/100
|
|-heal|p1a: Gliscor|81\/100 tox|[from] ability: Poison Heal
|-fieldend|move: Electric Terrain
|upkeep
|turn|56
|
|t:|1639609300
|switch|p1a: Slowking|Slowking-Galar, F|100\/100 par
|move|p2a: Tapu Koko|Roost|p2a: Tapu Koko
|-heal|p2a: Tapu Koko|56\/100
|-singleturn|p2a: Tapu Koko|move: Roost
|
|upkeep
|turn|57
|c| Sticky Fingaa|it's not specs koko wha-
|
|t:|1639609337
|switch|p2a: Toxapex|Toxapex, F|100\/100
|cant|p1a: Slowking|par
|
|upkeep
|turn|58
|
|t:|1639609341
|switch|p1a: Tapu Fini|Tapu Fini|68\/100
|-fieldstart|move: Misty Terrain|[from] ability: Misty Surge|[of] p1a: Tapu Fini
|move|p2a: Toxapex|Knock Off|p1a: Tapu Fini
|-resisted|p1a: Tapu Fini
|-damage|p1a: Tapu Fini|58\/100
|
|upkeep
|turn|59
|
|t:|1639609347
|switch|p2a: Deoxys|Deoxys-Defense|20\/100 psn
|-ability|p2a: Deoxys|Pressure
|move|p1a: Tapu Fini|Scald|p2a: Deoxys
|-damage|p2a: Deoxys|1\/100 psn
|
|-heal|p2a: Deoxys|7\/100 psn|[from] item: Leftovers
|-damage|p2a: Deoxys|0 fnt|[from] psn
|faint|p2a: Deoxys
|upkeep
|
|t:|1639609349
|switch|p2a: Tapu Koko|Tapu Koko|56\/100
|-fieldstart|move: Electric Terrain|[from] ability: Electric Surge|[of] p2a: Tapu Koko
|turn|60
|
|t:|1639609353
|switch|p1a: Slowking|Slowking-Galar, F|100\/100 par
|move|p2a: Tapu Koko|Hidden Power|p1a: Slowking
|-damage|p1a: Slowking|88\/100 par
|
|upkeep
|turn|61
|
|t:|1639609357
|switch|p2a: Toxapex|Toxapex, F|100\/100
|cant|p1a: Slowking|par
|
|upkeep
|turn|62
|c|☆Hematemesis|ggs
|c|☆Hematemesis|It's specs roost which is based
|c|☆kha243|yo
|c|☆kha243|thats cool
|
|t:|1639609382
|switch|p1a: dragalgemega|Dragalge-Mega, M|61\/100 par
|-start|p1a: dragalgemega|typechange|Poison\/Dragon|[silent]
|-fieldstart|move: Acidic Terrain|[from] ability: Acidic Surge|[of] p1a: dragalgemega
|-message|Poison-type moves used by grounded Pokémon will have their power increased.
|-message|Grounded Steel-type Pokémon will also lose their immunity to Poison-type moves.
|move|p2a: Toxapex|Liquidation|p1a: dragalgemega
|-resisted|p1a: dragalgemega
|-damage|p1a: dragalgemega|38\/100 par
|-unboost|p1a: dragalgemega|def|1
|
|upkeep
|turn|63
|
|t:|1639609388
|switch|p1a: Tapu Fini|Tapu Fini|58\/100
|-fieldstart|move: Misty Terrain|[from] ability: Misty Surge|[of] p1a: Tapu Fini
|move|p2a: Toxapex|Liquidation|p1a: Tapu Fini
|-resisted|p1a: Tapu Fini
|-damage|p1a: Tapu Fini|39\/100
|-unboost|p1a: Tapu Fini|def|1
|
|upkeep
|turn|64
|
|t:|1639609395
|switch|p1a: Slowking|Slowking-Galar, F|100\/100 par
|move|p2a: Toxapex|Liquidation|p1a: Slowking
|-damage|p1a: Slowking|53\/100 par
|
|upkeep
|turn|65
|
|t:|1639609402
|move|p2a: Toxapex|Liquidation|p1a: Slowking
|-damage|p1a: Slowking|6\/100 par
|cant|p1a: Slowking|par
|
|upkeep
|turn|66
|c|+inkbug1|bandana. kill.
|c|☆kha243|why cant i get a single future sight off ._.
|
|t:|1639609421
|switch|p1a: Tapu Fini|Tapu Fini|39\/100
|move|p2a: Toxapex|Liquidation|p1a: Tapu Fini
|-resisted|p1a: Tapu Fini
|-damage|p1a: Tapu Fini|21\/100
|
|upkeep
|turn|67
|
|t:|1639609425
|move|p1a: Tapu Fini|Scald|p2a: Toxapex
|-resisted|p2a: Toxapex
|-damage|p2a: Toxapex|89\/100
|move|p2a: Toxapex|Liquidation|p1a: Tapu Fini
|-resisted|p1a: Tapu Fini
|-damage|p1a: Tapu Fini|4\/100
|
|-fieldend|Misty Terrain
|upkeep
|turn|68
|
|t:|1639609430
|move|p1a: Tapu Fini|Scald|p2a: Toxapex
|-resisted|p2a: Toxapex
|-damage|p2a: Toxapex|78\/100
|move|p2a: Toxapex|Liquidation|p1a: Tapu Fini
|-resisted|p1a: Tapu Fini
|-damage|p1a: Tapu Fini|0 fnt
|faint|p1a: Tapu Fini
|
|upkeep
|
|t:|1639609435
|switch|p1a: Terrakion|Terrakion|2\/100
|turn|69
|c|☆Hematemesis|bandana burndaga
|
|t:|1639609448
|-zpower|p1a: Terrakion
|move|p1a: Terrakion|Continental Crush|p2a: Toxapex|[zeffect]
|-damage|p2a: Toxapex|9\/100
|move|p2a: Toxapex|Liquidation|p1a: Terrakion
|-supereffective|p1a: Terrakion
|-damage|p1a: Terrakion|0 fnt
|faint|p1a: Terrakion
|
|upkeep
|
|t:|1639609453
|switch|p1a: Gliscor|Gliscor, F|81\/100 tox
|turn|70
|
|t:|1639609454
|move|p1a: Gliscor|Earthquake|p2a: Toxapex
|-supereffective|p2a: Toxapex
|-damage|p2a: Toxapex|0 fnt
|faint|p2a: Toxapex
|
|-heal|p1a: Gliscor|94\/100 tox|[from] ability: Poison Heal
|upkeep
|
|t:|1639609456
|switch|p2a: Tapu Koko|Tapu Koko|56\/100
|-fieldstart|move: Electric Terrain|[from] ability: Electric Surge|[of] p2a: Tapu Koko
|turn|71
|c|☆kha243|its a 50\/50 to ohko
|
|t:|1639609492
|move|p2a: Tapu Koko|Hidden Power|p1a: Gliscor
|-supereffective|p1a: Gliscor
|-damage|p1a: Gliscor|2\/100 tox
|move|p1a: Gliscor|Earthquake|p2a: Tapu Koko
|-supereffective|p2a: Tapu Koko
|-damage|p2a: Tapu Koko|0 fnt
|faint|p2a: Tapu Koko
|
|win|kha243
|c|☆kha243|gg
|c|☆kha243|wp
|c|☆Hematemesis|gg wp
|c|☆Hematemesis|L</script>
</div>
<div class="battle-log battle-log-inline"><div class="inner"><div class="battle-options"><div style="padding-top: 3px; padding-right: 3px; text-align: right"><button class="icon button" name="openBattleOptions" title="Options">Battle Options</button></div></div><div class="inner message-log"><div class="chat"><small>☆kha243 and ☆Hematemesis joined</small></div><div class=""><small>Format:</small> <br><strong>[Gen 8] Megas for All</strong></div><div class=""><small><em>HP Percentage Mod:</em> HP is shown in percentages</small></div><div class=""><small><em>Endless Battle Clause:</em> Forcing endless battles is banned</small></div><div class=""><small><em>OHKO Clause:</em> OHKO moves are banned</small></div><div class=""><small><em>Evasion Moves Clause:</em> Evasion moves are banned</small></div><div class=""><small><em>Species Clause:</em> Limit one of each Pokémon</small></div><div class=""><small><em>Dynamax Clause:</em> You cannot dynamax</small></div><div class=""><small><em>Sleep Clause Mod:</em> Limit one foe put to sleep</small></div><div class=""><small><em>Freeze Clause Mod:</em> Limit one foe frozen</small></div><div class="chat"><img src="https://raw.githubusercontent.com/scoopapa/DH/master/data/mods/m4av6/sprites/m4a_banner.png" height="65" width="381"></div><div class="spacer battle-history"><br></div><div class="battle-history"><small>Welcome to Megas for All!</small><br></div><div class="battle-history"><small>This is a National Dex-based format where we aim to give a new Mega Evolution to every Pokémon.</small><br></div><div class="battle-history"><small>Just like any official format, you can still only Mega Evolve one Pokémon per team!</small><br></div><div class="battle-history"><small>You can find our thread and metagame resources here:</small><br></div><div class="battle-history"><small>https://www.smogon.com/forums/threads/3671140/</small><br></div><div class="chat battle-history"><strong>kha243's team:</strong> <em style="color:#445566;display:block;">Dragalge / Tapu Fini / Terrakion / Slowking-Galar / Gliscor / Ferrothorn</em></div><div class="chat battle-history"><strong>Hematemesis's team:</strong> <em style="color:#445566;display:block;">Toxapex / Staraptor / Excadrill / Tapu Koko / Serperior / Deoxys-Defense</em></div><div class="chat chatmessage-kha243"><strong style="color:#419e8f"><small>☆</small><span class="username" data-name="kha243">kha243</span>:</strong> <em>glhf</em></div><div class="chat"><small>+inkbug1,  Sticky Fingaa, and  time to chill joined</small></div><div class="chat chatmessage-hematemesis"><strong style="color:#9412d5"><small>☆</small><span class="username" data-name="Hematemesis">Hematemesis</span>:</strong> <em>Tyu2</em></div><div class="chat chatmessage-stickyfingaa"><strong style="color:#e76311"><small> </small><span class="username" data-name="Sticky Fingaa">Sticky Fingaa</span>:</strong> <em>hf both</em></div><div class="spacer battle-history"><br></div><div class="battle-history">Battle started between kha243 and Hematemesis!<br></div><div class="spacer battle-history"><br></div><div class="battle-history">Go! dragalgemega (<strong>Dragalge</strong>)!<br></div><div class="spacer battle-history"><br></div><div class="battle-history">Hematemesis sent out <strong>Tapu Koko</strong>!<br></div><div class="battle-history">[The opposing Tapu Koko's Electric Surge]<br><small>An electric current ran across the battlefield!</small><br></div><div class="spacer battle-history"><br></div><h2 class="battle-history">Turn 1</h2><div class="spacer battle-history"><br></div><div class="battle-history"><small>dragalgemega's Dragalgite is reacting to the Key Stone!</small><br>dragalgemega has Mega Evolved into Mega Dragalge!<br></div><div class="battle-history">[dragalgemega's Acidic Surge]<br><small>(Acidic Terrain started!)</small><br></div><div class="battle-history"><small>Poison-type moves used by grounded Pokémon will have their power increased.</small><br></div><div class="battle-history"><small>Grounded Steel-type Pokémon will also lose their immunity to Poison-type moves.</small><br></div><div class="chat"><ul class="utilichart"><li class="result"><span class="col pokemonnamecol" style="white-space: nowrap">Dragalge-Mega</span> <span class="col typecol"><img src="https://play.pokemonshowdown.com/sprites/types/Poison.png" alt="Poison" height="14" width="32"><img src="https://play.pokemonshowdown.com/sprites/types/Dragon.png" alt="Dragon" height="14" width="32"></span> <span style="float: left ; min-height: 26px"><span class="col abilitycol">Acidic Surge</span><span class="col abilitycol"></span></span><span style="float: left ; min-height: 26px"><span class="col statcol"><em>HP</em><br>65</span> <span class="col statcol"><em>Atk</em><br>95</span> <span class="col statcol"><em>Def</em><br>90</span> <span class="col statcol"><em>SpA</em><br>147</span> <span class="col statcol"><em>SpD</em><br>153</span> <span class="col statcol"><em>Spe</em><br>44</span> </span></li><li style="clear: both"></li></ul></div><div class="battle-history"><small>(Dragalge-Mega was submitted by BlueRay!)</small><br></div><div class="spacer battle-history"><br></div><div class="battle-history">The opposing Tapu Koko used <strong>Volt Switch</strong>!<br></div><div class="battle-history"><small>It's not very effective...</small><br></div><div class="battle-history"><small>(dragalgemega lost 14% of its health!)</small><br></div><div class="chat chatmessage-timetochill"><strong style="color:#338e9e"><small> </small><span class="username" data-name="time to chill">time to chill</span>:</strong> <em>heat team, bolivia</em></div><div class="spacer battle-history"><br></div><div class="battle-history">The opposing Tapu Koko went back to Hematemesis!<br></div><div class="battle-history">Hematemesis sent out Deoxys (<strong>Deoxys-Defense</strong>)!<br></div><div class="battle-history">[The opposing Deoxys's Pressure]<br><small>The opposing Deoxys is exerting its pressure!</small><br></div><div class="spacer battle-history"><br></div><div class="battle-history">dragalgemega used <strong>Thunderbolt</strong>!<br></div><div class="battle-history"><small>(The opposing Deoxys lost 29% of its health!)</small><br></div><div class="spacer battle-history"><br></div><div class="battle-history"><small>The opposing Deoxys restored a little HP using its Leftovers!</small><br></div><div class="spacer battle-history"><br></div><h2 class="battle-history">Turn 2</h2><div class="spacer battle-history"><br></div><div class="battle-history">The opposing Deoxys used <strong>Stealth Rock</strong>!<br></div><div class="battle-history"><small>Pointed stones float in the air around your team!</small><br></div><div class="spacer battle-history"><br></div><div class="battle-history">dragalgemega used <strong>Sludge Bomb</strong>!<br></div><div class="battle-history"><small>(The opposing Deoxys lost 55% of its health!)</small><br></div><div class="spacer battle-history"><br></div><div class="battle-history"><small>The opposing Deoxys restored a little HP using its Leftovers!</small><br></div><div class="spacer battle-history"><br></div><h2 class="battle-history">Turn 3</h2><div class="spacer battle-history"><br></div><div class="battle-history">The opposing Deoxys used <strong>Recover</strong>!<br></div><div class="battle-history"><small>The opposing Deoxys had its HP restored.</small><br></div><div class="spacer battle-history"><br></div><div class="battle-history">dragalgemega used <strong>Sludge Bomb</strong>!<br></div><div class="battle-history"><small>(The opposing Deoxys lost 51% of its health!)</small><br></div><div class="spacer battle-history"><br></div><div class="battle-history"><small>The opposing Deoxys restored a little HP using its Leftovers!</small><br></div><div class="spacer battle-history"><br></div><h2 class="battle-history">Turn 4</h2><div class="spacer battle-history"><br></div><div class="battle-history">The opposing Deoxys used <strong>Recover</strong>!<br></div><div class="battle-history"><small>The opposing Deoxys had its HP restored.</small><br></div><div class="spacer battle-history"><br></div><div class="battle-history">dragalgemega used <strong>Sludge Bomb</strong>!<br></div><div class="battle-history"><small>(The opposing Deoxys lost 50% of its health!)</small><br></div><div class="battle-history"><small>The opposing Deoxys was poisoned!</small><br></div><div class="spacer battle-history"><br></div><div class="battle-history"><small>The opposing Deoxys restored a little HP using its Leftovers!</small><br></div><div class="battle-history"><small>The opposing Deoxys was hurt by poison!</small><br></div><div class="spacer battle-history"><br></div><h2 class="battle-history">Turn 5</h2><div class="spacer battle-history"><br></div><div class="battle-history">The opposing Deoxys used <strong>Recover</strong>!<br></div><div class="battle-history"><small>The opposing Deoxys had its HP restored.</small><br></div><div class="spacer battle-history"><br></div><div class="battle-history">dragalgemega used <strong>Flip Turn</strong>!<br></div><div class="battle-history"><small>(The opposing Deoxys lost 10% of its health!)</small><br></div><div class="chat chatmessage-stickyfingaa"><strong style="color:#e76311"><small> </small><span class="username" data-name="Sticky Fingaa">Sticky Fingaa</span>:</strong> <em>deoxys-d is goated</em></div><div class="spacer battle-history"><br></div><div class="battle-history">dragalgemega, come back!<br></div><div class="battle-history">Go! <strong>Terrakion</strong>!<br></div><div class="battle-history"><small>Pointed stones dug into Terrakion!</small><br></div><div class="spacer battle-history"><br></div><div class="battle-history"><small>The opposing Deoxys restored a little HP using its Leftovers!</small><br></div><div class="battle-history"><small>The opposing Deoxys was hurt by poison!</small><br></div><div class="battle-history"><small>(Acidic Terrain ended!)</small><br></div><div class="spacer battle-history"><br></div><h2 class="battle-history">Turn 6</h2><div class="spacer battle-history"><br></div><div class="battle-history">Hematemesis withdrew Deoxys!<br></div><div class="battle-history">Hematemesis sent out <strong>Serperior</strong>!<br></div><div class="spacer battle-history"><br></div><div class="battle-history">Terrakion used <strong>Stone Edge</strong>!<br></div><div class="battle-history"><small>The opposing Serperior avoided the attack!</small><br></div><div class="spacer battle-history"><br></div><h2 class="battle-history">Turn 7</h2><div class="spacer battle-history"><br></div><div class="battle-history">Terrakion, come back!<br></div><div class="battle-history">Go! Slowking (<strong>Slowking-Galar</strong>)!<br></div><div class="battle-history"><small>Pointed stones dug into Slowking!</small><br></div><div class="spacer battle-history"><br></div><div class="battle-history">The opposing Serperior used <strong>Substitute</strong>!<br></div><div class="battle-history"><small>The opposing Serperior put in a substitute!</small><br></div><div class="battle-history"><small>(The opposing Serperior lost 24% of its health!)</small><br></div><div class="spacer battle-history"><br></div><div class="battle-history"><small>The opposing Serperior restored a little HP using its Leftovers!</small><br></div><div class="spacer battle-history"><br></div><h2 class="battle-history">Turn 8</h2><div class="spacer battle-history"><br></div><div class="battle-history">The opposing Serperior used <strong>Glare</strong>!<br></div><div class="battle-history"><small>Slowking is paralyzed! It may be unable to move!</small><br></div><div class="spacer battle-history"><br></div><div class="battle-history">Slowking used <strong>Flamethrower</strong>!<br></div><div class="battle-history"><small>It's super effective!</small><br></div><div class="battle-history"><small>The opposing Serperior's substitute faded!</small><br></div><div class="spacer battle-history"><br></div><div class="battle-history"><small>The opposing Serperior restored a little HP using its Leftovers!</small><br></div><div class="spacer battle-history"><br></div><h2 class="battle-history">Turn 9</h2><div class="spacer battle-history"><br></div><div class="battle-history">The opposing Serperior used <strong>Substitute</strong>!<br></div><div class="battle-history"><small>The opposing Serperior put in a substitute!</small><br></div><div class="battle-history"><small>(The opposing Serperior lost 25% of its health!)</small><br></div><div class="spacer battle-history"><br></div><div class="battle-history">Slowking used <strong>Sludge Bomb</strong>!<br></div><div class="battle-history"><small>It's super effective!</small><br></div><div class="battle-history"><small>A critical hit!</small><br></div><div class="battle-history"><small>The opposing Serperior's substitute faded!</small><br></div><div class="spacer battle-history"><br></div><div class="battle-history"><small>The opposing Serperior restored a little HP using its Leftovers!</small><br></div><div class="spacer battle-history"><br></div><h2 class="battle-history">Turn 10</h2><div class="spacer battle-history"><br></div><div class="battle-history">The opposing Serperior used <strong>Substitute</strong>!<br></div><div class="battle-history"><small>The opposing Serperior put in a substitute!</small><br></div><div class="battle-history"><small>(The opposing Serperior lost 24% of its health!)</small><br></div><div class="spacer battle-history"><br></div><div class="battle-history">Slowking is paralyzed! It can't move!<br></div><div class="spacer battle-history"><br></div><div class="battle-history"><small>The opposing Serperior restored a little HP using its Leftovers!</small><br></div><div class="spacer battle-history"><br></div><h2 class="battle-history">Turn 11</h2><div class="spacer battle-history"><br></div><div class="battle-history">The opposing Serperior used <strong>Leech Seed</strong>!<br></div><div class="battle-history"><small>Slowking was seeded!</small><br></div><div class="spacer battle-history"><br></div><div class="battle-history">Slowking is paralyzed! It can't move!<br></div><div class="spacer battle-history"><br></div><div class="battle-history"><small>The opposing Serperior restored a little HP using its Leftovers!</small><br></div><div class="battle-history"><small>Slowking's health is sapped by Leech Seed!</small><br></div><div class="spacer battle-history"><br></div><h2 class="battle-history">Turn 12</h2><div class="spacer battle-history"><br></div><div class="battle-history">The opposing Serperior used <strong>Leaf Storm</strong>!<br></div><div class="battle-history"><small>It's not very effective...</small><br></div><div class="battle-history"><small>(Slowking lost 9% of its health!)</small><br></div><div class="battle-history"><small>The opposing Serperior's Sp. Atk rose sharply!</small><br></div><div class="spacer battle-history"><br></div><div class="battle-history">Slowking used <strong>Future Sight</strong>!<br></div><div class="battle-history"><small>Slowking foresaw an attack!</small><br></div><div class="spacer battle-history"><br></div><div class="battle-history"><small>The opposing Serperior restored a little HP using its Leftovers!</small><br></div><div class="battle-history"><small>Slowking's health is sapped by Leech Seed!</small><br></div><div class="spacer battle-history"><br></div><h2 class="battle-history">Turn 13</h2><div class="spacer battle-history"><br></div><div class="battle-history">The opposing Serperior used <strong>Leaf Storm</strong>!<br></div><div class="battle-history"><small>It's not very effective...</small><br></div><div class="battle-history"><small>(Slowking lost 16% of its health!)</small><br></div><div class="battle-history"><small>The opposing Serperior's Sp. Atk rose sharply!</small><br></div><div class="spacer battle-history"><br></div><div class="battle-history">Slowking is paralyzed! It can't move!<br></div><div class="spacer battle-history"><br></div><div class="battle-history"><small>The opposing Serperior restored a little HP using its Leftovers!</small><br></div><div class="battle-history"><small>Slowking's health is sapped by Leech Seed!</small><br></div><div class="spacer battle-history"><br></div><h2 class="battle-history">Turn 14</h2><div class="chat chatmessage-kha243"><strong style="color:#419e8f"><small>☆</small><span class="username" data-name="kha243">kha243</span>:</strong> <em>so many para ._.</em></div><div class="spacer battle-history"><br></div><div class="battle-history">Slowking, come back!<br></div><div class="battle-history">Go! <strong>Ferrothorn</strong>!<br></div><div class="battle-history"><small>Pointed stones dug into Ferrothorn!</small><br></div><div class="spacer battle-history"><br></div><div class="battle-history">The opposing Serperior used <strong>Leaf Storm</strong>!<br></div><div class="battle-history"><small>It's not very effective...</small><br></div><div class="battle-history"><small>(Ferrothorn lost 17% of its health!)</small><br></div><div class="battle-history"><small>The opposing Serperior's Sp. Atk rose sharply!</small><br></div><div class="spacer battle-history"><br></div><div class="battle-history"><small>The opposing Serperior took the Future Sight attack!</small><br></div><div class="battle-history"><small>The opposing Serperior's substitute faded!</small><br></div><div class="battle-history"><small>Ferrothorn restored a little HP using its Leftovers!</small><br></div><div class="spacer battle-history"><br></div><h2 class="battle-history">Turn 15</h2><div class="spacer battle-history"><br></div><div class="battle-history">Ferrothorn, come back!<br></div><div class="battle-history">Go! dragalgemega (<strong>Dragalge-Mega</strong>)!<br></div><div class="battle-history"><small>Pointed stones dug into dragalgemega!</small><br></div><div class="battle-history">[dragalgemega's Acidic Surge]<br><small>(Acidic Terrain started!)</small><br></div><div class="battle-history"><small>Poison-type moves used by grounded Pokémon will have their power increased.</small><br></div><div class="battle-history"><small>Grounded Steel-type Pokémon will also lose their immunity to Poison-type moves.</small><br></div><div class="spacer battle-history"><br></div><div class="battle-history">The opposing Serperior used <strong>Glare</strong>!<br></div><div class="battle-history"><small>dragalgemega is paralyzed! It may be unable to move!</small><br></div><div class="spacer battle-history"><br></div><h2 class="battle-history">Turn 16</h2><div class="spacer battle-history"><br></div><div class="battle-history">Hematemesis withdrew Serperior!<br></div><div class="battle-history">Hematemesis sent out <strong>Excadrill</strong>!<br></div><div class="battle-history">[The opposing Excadrill's Mold Breaker]<br><small>The opposing Excadrill breaks the mold!</small><br></div><div class="spacer battle-history"><br></div><div class="battle-history">dragalgemega used <strong>Sludge Bomb</strong>!<br></div><div class="battle-history"><small>It's not very effective...</small><br></div><div class="battle-history"><small>(The opposing Excadrill lost 26% of its health!)</small><br></div><div class="spacer battle-history"><br></div><div class="battle-history"><small>The opposing Excadrill restored a little HP using its Leftovers!</small><br></div><div class="spacer battle-history"><br></div><h2 class="battle-history">Turn 17</h2><div class="spacer battle-history"><br></div><div class="battle-history">Hematemesis withdrew Excadrill!<br></div><div class="battle-history">Hematemesis sent out <strong>Toxapex</strong>!<br></div><div class="spacer battle-history"><br></div><div class="battle-history">dragalgemega, come back!<br></div><div class="battle-history">Go! <strong>Gliscor</strong>!<br></div><div class="battle-history"><small>Pointed stones dug into Gliscor!</small><br></div><div class="spacer battle-history"><br></div><div class="battle-history"><small>Gliscor was badly poisoned!</small><br></div><div class="spacer battle-history"><br></div><h2 class="battle-history">Turn 18</h2><div class="spacer battle-history"><br></div><div class="battle-history">Gliscor used <strong>Defog</strong>!<br></div><div class="battle-history"><small>The opposing Toxapex's evasiveness fell!</small><br></div><div class="battle-history"><small>The pointed stones disappeared from around your team!</small><br></div><div class="battle-history"><small>(Acidic Terrain ended!)</small><br></div><div class="spacer battle-history"><br></div><div class="battle-history">The opposing Toxapex used <strong>Liquidation</strong>!<br></div><div class="battle-history"><small>It's super effective!</small><br></div><div class="battle-history"><small>(Gliscor lost 67% of its health!)</small><br></div><div class="battle-history"><small>Gliscor's Defense fell!</small><br></div><div class="spacer battle-history"><br></div><div class="battle-history">[Gliscor's Poison Heal]<br><small>Gliscor had its HP restored.</small><br></div><div class="spacer battle-history"><br></div><h2 class="battle-history">Turn 19</h2><div class="spacer battle-history"><br></div><div class="battle-history">Hematemesis withdrew Toxapex!<br></div><div class="battle-history">Hematemesis sent out <strong>Staraptor</strong>!<br></div><div class="battle-history">[The opposing Staraptor's Intimidate]<br></div><div class="battle-history"><small>Gliscor's Attack fell!</small><br></div><div class="spacer battle-history"><br></div><div class="battle-history">Gliscor used <strong>Roost</strong>!<br></div><div class="battle-history"><small>Gliscor had its HP restored.</small><br></div><div class="battle-history"><small>(Gliscor loses Flying type this turn.)</small><br></div><div class="spacer battle-history"><br></div><div class="battle-history">[Gliscor's Poison Heal]<br><small>Gliscor had its HP restored.</small><br></div><div class="spacer battle-history"><br></div><h2 class="battle-history">Turn 20</h2><div class="chat chatmessage-timetochill"><strong style="color:#338e9e"><small> </small><span class="username" data-name="time to chill">time to chill</span>:</strong> <em>bandana :D</em></div><div class="spacer battle-history"><br></div><div class="battle-history"><small>(Gliscor is being withdrawn...)</small><br></div><div class="spacer battle-history"><br></div><div class="battle-history"><small>The opposing Staraptor's Staraptorite is reacting to the Key Stone!</small><br>The opposing Staraptor has Mega Evolved into Mega Staraptor!<br></div><div class="battle-history">[The opposing Staraptor's Showdown]<br></div><div class="chat"><ul class="utilichart"><li class="result"><span class="col pokemonnamecol" style="white-space: nowrap">Staraptor-Mega</span> <span class="col typecol"><img src="https://play.pokemonshowdown.com/sprites/types/Normal.png" alt="Normal" height="14" width="32"><img src="https://play.pokemonshowdown.com/sprites/types/Flying.png" alt="Flying" height="14" width="32"></span> <span style="float: left ; min-height: 26px"><span class="col abilitycol">Showdown</span><span class="col abilitycol"></span></span><span style="float: left ; min-height: 26px"><span class="col statcol"><em>HP</em><br>85</span> <span class="col statcol"><em>Atk</em><br>140</span> <span class="col statcol"><em>Def</em><br>85</span> <span class="col statcol"><em>SpA</em><br>75</span> <span class="col statcol"><em>SpD</em><br>80</span> <span class="col statcol"><em>Spe</em><br>120</span> </span></li><li style="clear: both"></li></ul></div><div class="battle-history"><small>(Staraptor-Mega was submitted by IsoCon!)</small><br></div><div class="spacer battle-history"><br></div><div class="battle-history">The opposing Staraptor used <strong>Pursuit</strong>!<br></div><div class="battle-history"><small>(Gliscor lost 32% of its health!)</small><br></div><div class="spacer battle-history"><br></div><div class="battle-history">Gliscor, come back!<br></div><div class="battle-history">Go! <strong>Ferrothorn</strong>!<br></div><div class="spacer battle-history"><br></div><h2 class="battle-history">Turn 21</h2><div class="spacer battle-history"><br></div><div class="battle-history">The opposing Staraptor used <strong>Super Fang</strong>!<br></div><div class="battle-history"><small>Ferrothorn avoided the attack!</small><br></div><div class="spacer battle-history"><br></div><div class="battle-history">Ferrothorn used <strong>Thunder Wave</strong>!<br></div><div class="battle-history"><small>The opposing Staraptor avoided the attack!</small><br></div><div class="spacer battle-history"><br></div><h2 class="battle-history">Turn 22</h2><div class="chat chatmessage-stickyfingaa"><strong style="color:#e76311"><small> </small><span class="username" data-name="Sticky Fingaa">Sticky Fingaa</span>:</strong> <em>damn 32% is quite a lot</em></div><div class="chat chatmessage-timetochill"><strong style="color:#338e9e"><small> </small><span class="username" data-name="time to chill">time to chill</span>:</strong> <em>fair trade</em></div><div class="spacer battle-history"><br></div><div class="battle-history">The opposing Staraptor used <strong>Super Fang</strong>!<br></div><div class="battle-history"><small>(Ferrothorn lost 41% of its health!)</small><br></div><div class="battle-history">[Ferrothorn's Iron Barbs]<br><small>The opposing Staraptor was hurt!</small><br></div><div class="spacer battle-history"><br></div><div class="battle-history">Ferrothorn used <strong>Thunder Wave</strong>!<br></div><div class="battle-history"><small>The opposing Staraptor is paralyzed! It may be unable to move!</small><br></div><div class="spacer battle-history"><br></div><h2 class="battle-history">Turn 23</h2><div class="spacer battle-history"><br></div><div class="battle-history">Ferrothorn, come back!<br></div><div class="battle-history">Go! <strong>Terrakion</strong>!<br></div><div class="spacer battle-history"><br></div><div class="battle-history">The opposing Staraptor used <strong>Brave Bird</strong>!<br></div><div class="battle-history"><small>(Terrakion lost 61% of its health!)</small><br></div><div class="battle-history"><small>The opposing Staraptor was damaged by the recoil!</small><br></div><div class="spacer battle-history"><br></div><h2 class="battle-history">Turn 24</h2><div class="spacer battle-history"><br></div><div class="battle-history">Terrakion used <strong>Close Combat</strong>!<br></div><div class="battle-history"><small>(The opposing Staraptor lost 64% of its health!)</small><br></div><div class="battle-history"><small>Terrakion's Defense fell!</small><br></div><div class="battle-history"><small>Terrakion's Sp. Def fell!</small><br></div><div class="spacer battle-history"><br></div><div class="battle-history">The opposing Staraptor is paralyzed! It can't move!<br></div><div class="spacer battle-history"><br></div><h2 class="battle-history">Turn 25</h2><div class="spacer battle-history"><br></div><div class="battle-history">Terrakion used <strong>Close Combat</strong>!<br></div><div class="battle-history"><small>(The opposing Staraptor lost 7% of its health!)</small><br></div><div class="battle-history"><small>Terrakion's Defense fell!</small><br></div><div class="battle-history"><small>Terrakion's Sp. Def fell!</small><br></div><div class="spacer battle-history"><br></div><div class="battle-history">The opposing Staraptor fainted!<br></div><div class="battle-history"><small>Terrakion's Heal Block wore off!</small><br></div><div class="chat chatmessage-hematemesis"><strong style="color:#9412d5"><small>☆</small><span class="username" data-name="Hematemesis">Hematemesis</span>:</strong> <em>F, clicked brave bird</em></div><div class="spacer battle-history"><br></div><div class="battle-history">Hematemesis sent out <strong>Tapu Koko</strong>!<br></div><div class="battle-history">[The opposing Tapu Koko's Electric Surge]<br><small>An electric current ran across the battlefield!</small><br></div><div class="spacer battle-history"><br></div><h2 class="battle-history">Turn 26</h2><div class="chat chatmessage-hematemesis"><strong style="color:#9412d5"><small>☆</small><span class="username" data-name="Hematemesis">Hematemesis</span>:</strong> <em>Kha moment ig</em></div><div class="chat chatmessage-kha243"><strong style="color:#419e8f"><small>☆</small><span class="username" data-name="kha243">kha243</span>:</strong> <em>i had quite a large amount of paras against serp</em></div><div class="spacer battle-history"><br></div><div class="battle-history">Terrakion, come back!<br></div><div class="battle-history">Go! <strong>Ferrothorn</strong>!<br></div><div class="spacer battle-history"><br></div><div class="battle-history">The opposing Tapu Koko used <strong>Volt Switch</strong>!<br></div><div class="battle-history"><small>It's not very effective...</small><br></div><div class="battle-history"><small>(Ferrothorn lost 18% of its health!)</small><br></div><div class="spacer battle-history"><br></div><div class="battle-history">The opposing Tapu Koko went back to Hematemesis!<br></div><div class="battle-history">Hematemesis sent out <strong>Toxapex</strong>!<br></div><div class="spacer battle-history"><br></div><div class="battle-history"><small>Ferrothorn restored a little HP using its Leftovers!</small><br></div><div class="spacer battle-history"><br></div><h2 class="battle-history">Turn 27</h2><div class="spacer battle-history"><br></div><div class="battle-history">The opposing Toxapex used <strong>Knock Off</strong>!<br></div><div class="battle-history"><small>(Ferrothorn lost 24% of its health!)</small><br></div><div class="battle-history">[Ferrothorn's Iron Barbs]<br><small>The opposing Toxapex was hurt!</small><br></div><div class="battle-history"><small>The opposing Toxapex knocked off Ferrothorn's Leftovers!</small><br></div><div class="spacer battle-history"><br></div><div class="battle-history">Ferrothorn used <strong>Leech Seed</strong>!<br></div><div class="battle-history"><small>The opposing Toxapex was seeded!</small><br></div><div class="spacer battle-history"><br></div><div class="battle-history"><small>The opposing Toxapex's health is sapped by Leech Seed!</small><br></div><div class="spacer battle-history"><br></div><h2 class="battle-history">Turn 28</h2><div class="spacer battle-history"><br></div><div class="battle-history">Ferrothorn, come back!<br></div><div class="battle-history">Go! <strong>Tapu Fini</strong>!<br></div><div class="battle-history">[Tapu Fini's Misty Surge]<br><small>Mist swirled around the battlefield!</small><br></div><div class="spacer battle-history"><br></div><div class="battle-history">The opposing Toxapex used <strong>Knock Off</strong>!<br></div><div class="battle-history"><small>It's not very effective...</small><br></div><div class="battle-history"><small>(Tapu Fini lost 14% of its health!)</small><br></div><div class="battle-history"><small>The opposing Toxapex knocked off Tapu Fini's Leftovers!</small><br></div><div class="spacer battle-history"><br></div><div class="battle-history"><small>The opposing Toxapex's health is sapped by Leech Seed!</small><br></div><div class="spacer battle-history"><br></div><h2 class="battle-history">Turn 29</h2><div class="spacer battle-history"><br></div><div class="battle-history">Hematemesis withdrew Toxapex!<br></div><div class="battle-history">Hematemesis sent out <strong>Serperior</strong>!<br></div><div class="spacer battle-history"><br></div><div class="battle-history">Tapu Fini used <strong>Taunt</strong>!<br></div><div class="battle-history"><small>The opposing Serperior fell for the taunt!</small><br></div><div class="spacer battle-history"><br></div><h2 class="battle-history">Turn 30</h2><div class="spacer battle-history"><br></div><div class="battle-history">Hematemesis withdrew Serperior!<br></div><div class="battle-history">Hematemesis sent out <strong>Excadrill</strong>!<br></div><div class="battle-history">[The opposing Excadrill's Mold Breaker]<br><small>The opposing Excadrill breaks the mold!</small><br></div><div class="spacer battle-history"><br></div><div class="battle-history">Tapu Fini, come back!<br></div><div class="battle-history">Go! Slowking (<strong>Slowking-Galar</strong>)!<br></div><div class="spacer battle-history"><br></div><div class="battle-history"><small>The opposing Excadrill restored a little HP using its Leftovers!</small><br></div><div class="spacer battle-history"><br></div><h2 class="battle-history">Turn 31</h2><div class="spacer battle-history"><br></div><div class="battle-history">Hematemesis withdrew Excadrill!<br></div><div class="battle-history">Hematemesis sent out <strong>Serperior</strong>!<br></div><div class="spacer battle-history"><br></div><div class="battle-history">Slowking, come back!<br></div><div class="battle-history">Go! <strong>Gliscor</strong>!<br></div><div class="spacer battle-history"><br></div><div class="battle-history">[Gliscor's Poison Heal]<br><small>Gliscor had its HP restored.</small><br></div><div class="spacer battle-history"><br></div><h2 class="battle-history">Turn 32</h2><div class="spacer battle-history"><br></div><div class="battle-history">The opposing Serperior used <strong>Substitute</strong>!<br></div><div class="battle-history"><small>The opposing Serperior put in a substitute!</small><br></div><div class="battle-history"><small>(The opposing Serperior lost 24% of its health!)</small><br></div><div class="spacer battle-history"><br></div><div class="battle-history">Gliscor used <strong>U-turn</strong>!<br></div><div class="battle-history"><small>It's super effective!</small><br></div><div class="battle-history"><small>The opposing Serperior's substitute faded!</small><br></div><div class="spacer battle-history"><br></div><div class="battle-history">Gliscor went back to kha243!<br></div><div class="battle-history">Go! Slowking (<strong>Slowking-Galar</strong>)!<br></div><div class="spacer battle-history"><br></div><div class="battle-history"><small>The opposing Serperior restored a little HP using its Leftovers!</small><br></div><div class="battle-history"><small>The mist disappeared from the battlefield.</small><br></div><div class="spacer battle-history"><br></div><h2 class="battle-history">Turn 33</h2><div class="spacer battle-history"><br></div><div class="battle-history">The opposing Serperior used <strong>Substitute</strong>!<br></div><div class="battle-history"><small>The opposing Serperior put in a substitute!</small><br></div><div class="battle-history"><small>(The opposing Serperior lost 25% of its health!)</small><br></div><div class="spacer battle-history"><br></div><div class="battle-history">Slowking used <strong>Sludge Bomb</strong>!<br></div><div class="battle-history"><small>It's super effective!</small><br></div><div class="battle-history"><small>The opposing Serperior's substitute faded!</small><br></div><div class="spacer battle-history"><br></div><div class="battle-history"><small>The opposing Serperior restored a little HP using its Leftovers!</small><br></div><div class="spacer battle-history"><br></div><h2 class="battle-history">Turn 34</h2><div class="spacer battle-history"><br></div><div class="battle-history">The opposing Serperior used <strong>Substitute</strong>!<br></div><div class="battle-history"><small>The opposing Serperior put in a substitute!</small><br></div><div class="battle-history"><small>(The opposing Serperior lost 25% of its health!)</small><br></div><div class="spacer battle-history"><br></div><div class="battle-history">Slowking used <strong>Sludge Bomb</strong>!<br></div><div class="battle-history"><small>It's super effective!</small><br></div><div class="battle-history"><small>The opposing Serperior's substitute faded!</small><br></div><div class="spacer battle-history"><br></div><div class="battle-history"><small>The opposing Serperior restored a little HP using its Leftovers!</small><br></div><div class="spacer battle-history"><br></div><h2 class="battle-history">Turn 35</h2><div class="spacer battle-history"><br></div><div class="battle-history">The opposing Serperior used <strong>Substitute</strong>!<br></div><div class="battle-history"><small>The opposing Serperior put in a substitute!</small><br></div><div class="battle-history"><small>(The opposing Serperior lost 25% of its health!)</small><br></div><div class="spacer battle-history"><br></div><div class="battle-history">Slowking is paralyzed! It can't move!<br></div><div class="spacer battle-history"><br></div><div class="battle-history"><small>The opposing Serperior restored a little HP using its Leftovers!</small><br></div><div class="spacer battle-history"><br></div><h2 class="battle-history">Turn 36</h2><div class="spacer battle-history"><br></div><div class="battle-history">The opposing Serperior used <strong>Leech Seed</strong>!<br></div><div class="battle-history"><small>Slowking was seeded!</small><br></div><div class="spacer battle-history"><br></div><div class="battle-history">Slowking used <strong>Sludge Bomb</strong>!<br></div><div class="battle-history"><small>It's super effective!</small><br></div><div class="battle-history"><small>The opposing Serperior's substitute faded!</small><br></div><div class="spacer battle-history"><br></div><div class="battle-history"><small>The opposing Serperior restored a little HP using its Leftovers!</small><br></div><div class="battle-history"><small>Slowking's health is sapped by Leech Seed!</small><br></div><div class="spacer battle-history"><br></div><h2 class="battle-history">Turn 37</h2><div class="spacer battle-history"><br></div><div class="battle-history">Slowking, come back!<br></div><div class="battle-history">Go! dragalgemega (<strong>Dragalge-Mega</strong>)!<br></div><div class="battle-history">[dragalgemega's Acidic Surge]<br><small>(Acidic Terrain started!)</small><br></div><div class="battle-history"><small>Poison-type moves used by grounded Pokémon will have their power increased.</small><br></div><div class="battle-history"><small>Grounded Steel-type Pokémon will also lose their immunity to Poison-type moves.</small><br></div><div class="spacer battle-history"><br></div><div class="battle-history">The opposing Serperior used <strong>Substitute</strong>!<br></div><div class="battle-history"><small>The opposing Serperior put in a substitute!</small><br></div><div class="battle-history"><small>(The opposing Serperior lost 25% of its health!)</small><br></div><div class="spacer battle-history"><br></div><div class="battle-history"><small>The opposing Serperior restored a little HP using its Leftovers!</small><br></div><div class="spacer battle-history"><br></div><h2 class="battle-history">Turn 38</h2><div class="spacer battle-history"><br></div><div class="battle-history">The opposing Serperior used <strong>Leech Seed</strong>!<br></div><div class="battle-history"><small>dragalgemega was seeded!</small><br></div><div class="spacer battle-history"><br></div><div class="battle-history">dragalgemega used <strong>Sludge Bomb</strong>!<br></div><div class="battle-history"><small>It's super effective!</small><br></div><div class="battle-history"><small>The opposing Serperior's substitute faded!</small><br></div><div class="spacer battle-history"><br></div><div class="battle-history"><small>The opposing Serperior restored a little HP using its Leftovers!</small><br></div><div class="battle-history"><small>dragalgemega's health is sapped by Leech Seed!</small><br></div><div class="spacer battle-history"><br></div><h2 class="battle-history">Turn 39</h2><div class="spacer battle-history"><br></div><div class="battle-history">dragalgemega, come back!<br></div><div class="battle-history">Go! Slowking (<strong>Slowking-Galar</strong>)!<br></div><div class="spacer battle-history"><br></div><div class="battle-history">The opposing Serperior used <strong>Substitute</strong>!<br></div><div class="battle-history"><small>The opposing Serperior put in a substitute!</small><br></div><div class="battle-history"><small>(The opposing Serperior lost 25% of its health!)</small><br></div><div class="spacer battle-history"><br></div><div class="battle-history"><small>The opposing Serperior restored a little HP using its Leftovers!</small><br></div><div class="spacer battle-history"><br></div><h2 class="battle-history">Turn 40</h2><div class="spacer battle-history"><br></div><div class="battle-history">The opposing Serperior used <strong>Leech Seed</strong>!<br></div><div class="battle-history"><small>Slowking was seeded!</small><br></div><div class="spacer battle-history"><br></div><div class="battle-history">Slowking used <strong>Sludge Bomb</strong>!<br></div><div class="battle-history"><small>It's super effective!</small><br></div><div class="battle-history"><small>The opposing Serperior's substitute faded!</small><br></div><div class="spacer battle-history"><br></div><div class="battle-history"><small>The opposing Serperior restored a little HP using its Leftovers!</small><br></div><div class="battle-history"><small>Slowking's health is sapped by Leech Seed!</small><br></div><div class="spacer battle-history"><br></div><h2 class="battle-history">Turn 41</h2><div class="spacer battle-history"><br></div><div class="battle-history">The opposing Serperior used <strong>Leech Seed</strong>!<br></div><div class="battle-history"><small>But it failed!</small><br></div><div class="spacer battle-history"><br></div><div class="battle-history">Slowking used <strong>Sludge Bomb</strong>!<br></div><div class="battle-history"><small>It's super effective!</small><br></div><div class="battle-history"><small>(The opposing Serperior lost 47% of its health!)</small><br></div><div class="spacer battle-history"><br></div><div class="battle-history">The opposing Serperior fainted!<br></div><div class="spacer battle-history"><br></div><div class="battle-history"><small>(Acidic Terrain ended!)</small><br></div><div class="spacer battle-history"><br></div><div class="battle-history">Hematemesis sent out Deoxys (<strong>Deoxys-Defense</strong>)!<br></div><div class="battle-history">[The opposing Deoxys's Pressure]<br><small>The opposing Deoxys is exerting its pressure!</small><br></div><div class="spacer battle-history"><br></div><h2 class="battle-history">Turn 42</h2><div class="spacer battle-history"><br></div><div class="battle-history">Slowking, come back!<br></div><div class="battle-history">Go! <strong>Tapu Fini</strong>!<br></div><div class="battle-history">[Tapu Fini's Misty Surge]<br><small>Mist swirled around the battlefield!</small><br></div><div class="spacer battle-history"><br></div><div class="battle-history">The opposing Deoxys used <strong>Seismic Toss</strong>!<br></div><div class="battle-history"><small>(Tapu Fini lost 29% of its health!)</small><br></div><div class="spacer battle-history"><br></div><div class="battle-history"><small>The opposing Deoxys restored a little HP using its Leftovers!</small><br></div><div class="battle-history"><small>The opposing Deoxys was hurt by poison!</small><br></div><div class="spacer battle-history"><br></div><h2 class="battle-history">Turn 43</h2><div class="spacer battle-history"><br></div><div class="battle-history">The opposing Deoxys used <strong>Taunt</strong>!<br></div><div class="battle-history"><small>Tapu Fini fell for the taunt!</small><br></div><div class="spacer battle-history"><br></div><div class="battle-history">Tapu Fini can't use Taunt after the taunt!<br></div><div class="spacer battle-history"><br></div><div class="battle-history"><small>The opposing Deoxys restored a little HP using its Leftovers!</small><br></div><div class="battle-history"><small>The opposing Deoxys was hurt by poison!</small><br></div><div class="spacer battle-history"><br></div><h2 class="battle-history">Turn 44</h2><div class="spacer battle-history"><br></div><div class="battle-history">Tapu Fini, come back!<br></div><div class="battle-history">Go! <strong>Gliscor</strong>!<br></div><div class="spacer battle-history"><br></div><div class="battle-history">The opposing Deoxys used <strong>Recover</strong>!<br></div><div class="battle-history"><small>The opposing Deoxys had its HP restored.</small><br></div><div class="spacer battle-history"><br></div><div class="battle-history"><small>The opposing Deoxys restored a little HP using its Leftovers!</small><br></div><div class="battle-history"><small>The opposing Deoxys was hurt by poison!</small><br></div><div class="battle-history">[Gliscor's Poison Heal]<br><small>Gliscor had its HP restored.</small><br></div><div class="spacer battle-history"><br></div><h2 class="battle-history">Turn 45</h2><div class="spacer battle-history"><br></div><div class="battle-history">The opposing Deoxys used <strong>Taunt</strong>!<br></div><div class="battle-history"><small>Gliscor fell for the taunt!</small><br></div><div class="spacer battle-history"><br></div><div class="battle-history">Gliscor used <strong>Earthquake</strong>!<br></div><div class="battle-history"><small>(The opposing Deoxys lost 25% of its health!)</small><br></div><div class="spacer battle-history"><br></div><div class="battle-history"><small>The opposing Deoxys restored a little HP using its Leftovers!</small><br></div><div class="battle-history"><small>The opposing Deoxys was hurt by poison!</small><br></div><div class="battle-history">[Gliscor's Poison Heal]<br><small>Gliscor had its HP restored.</small><br></div><div class="spacer battle-history"><br></div><h2 class="battle-history">Turn 46</h2><div class="spacer battle-history"><br></div><div class="battle-history">The opposing Deoxys used <strong>Seismic Toss</strong>!<br></div><div class="battle-history"><small>(Gliscor lost 28% of its health!)</small><br></div><div class="spacer battle-history"><br></div><div class="battle-history">Gliscor used <strong>U-turn</strong>!<br></div><div class="battle-history"><small>It's super effective!</small><br></div><div class="battle-history"><small>(The opposing Deoxys lost 24% of its health!)</small><br></div><div class="spacer battle-history"><br></div><div class="battle-history">Gliscor went back to kha243!<br></div><div class="battle-history">Go! <strong>Terrakion</strong>!<br></div><div class="spacer battle-history"><br></div><div class="battle-history"><small>The opposing Deoxys restored a little HP using its Leftovers!</small><br></div><div class="battle-history"><small>The opposing Deoxys was hurt by poison!</small><br></div><div class="battle-history"><small>The mist disappeared from the battlefield.</small><br></div><div class="spacer battle-history"><br></div><h2 class="battle-history">Turn 47</h2><div class="spacer battle-history"><br></div><div class="battle-history">Terrakion used <strong>Stone Edge</strong>!<br></div><div class="battle-history"><small>The opposing Deoxys avoided the attack!</small><br></div><div class="spacer battle-history"><br></div><div class="battle-history">The opposing Deoxys used <strong>Seismic Toss</strong>!<br></div><div class="battle-history"><small>(Terrakion lost 31% of its health!)</small><br></div><div class="spacer battle-history"><br></div><div class="battle-history"><small>The opposing Deoxys restored a little HP using its Leftovers!</small><br></div><div class="battle-history"><small>The opposing Deoxys was hurt by poison!</small><br></div><div class="spacer battle-history"><br></div><h2 class="battle-history">Turn 48</h2><div class="spacer battle-history"><br></div><div class="battle-history">Hematemesis withdrew Deoxys!<br></div><div class="battle-history">Hematemesis sent out <strong>Excadrill</strong>!<br></div><div class="battle-history">[The opposing Excadrill's Mold Breaker]<br><small>The opposing Excadrill breaks the mold!</small><br></div><div class="spacer battle-history"><br></div><div class="battle-history">Terrakion used <strong>Earthquake</strong>!<br></div><div class="battle-history"><small>It's super effective!</small><br></div><div class="battle-history"><small>(The opposing Excadrill lost 83% of its health!)</small><br></div><div class="spacer battle-history"><br></div><div class="battle-history"><small>The opposing Excadrill restored a little HP using its Leftovers!</small><br></div><div class="spacer battle-history"><br></div><h2 class="battle-history">Turn 49</h2><div class="spacer battle-history"><br></div><div class="battle-history">Terrakion, come back!<br></div><div class="battle-history">Go! <strong>Gliscor</strong>!<br></div><div class="spacer battle-history"><br></div><div class="battle-history">The opposing Excadrill used <strong>Rapid Spin</strong>!<br></div><div class="battle-history"><small>(Gliscor lost 12% of its health!)</small><br></div><div class="battle-history"><small>The opposing Excadrill's Speed rose!</small><br></div><div class="spacer battle-history"><br></div><div class="battle-history"><small>The opposing Excadrill restored a little HP using its Leftovers!</small><br></div><div class="battle-history">[Gliscor's Poison Heal]<br><small>Gliscor had its HP restored.</small><br></div><div class="spacer battle-history"><br></div><h2 class="battle-history">Turn 50</h2><div class="chat chatmessage-stickyfingaa"><strong style="color:#e76311"><small> </small><span class="username" data-name="Sticky Fingaa">Sticky Fingaa</span>:</strong> <em>serp moment</em></div><div class="spacer battle-history"><br></div><div class="battle-history">The opposing Excadrill used <strong>Toxic</strong>!<br></div><div class="battle-history"><small>Gliscor avoided the attack!</small><br></div><div class="spacer battle-history"><br></div><div class="battle-history">Gliscor used <strong>Earthquake</strong>!<br></div><div class="battle-history"><small>It's super effective!</small><br></div><div class="battle-history"><small>(The opposing Excadrill lost 16% of its health!)</small><br></div><div class="spacer battle-history"><br></div><div class="battle-history">The opposing Excadrill fainted!<br></div><div class="spacer battle-history"><br></div><div class="battle-history">[Gliscor's Poison Heal]<br><small>Gliscor had its HP restored.</small><br></div><div class="spacer battle-history"><br></div><div class="battle-history">Hematemesis sent out <strong>Tapu Koko</strong>!<br></div><div class="battle-history">[The opposing Tapu Koko's Electric Surge]<br><small>An electric current ran across the battlefield!</small><br></div><div class="spacer battle-history"><br></div><h2 class="battle-history">Turn 51</h2><div class="spacer battle-history"><br></div><div class="battle-history">Gliscor, come back!<br></div><div class="battle-history">Go! <strong>Ferrothorn</strong>!<br></div><div class="spacer battle-history"><br></div><div class="battle-history">The opposing Tapu Koko used <strong>Hidden Power</strong>!<br></div><div class="battle-history"><small>(Ferrothorn lost 16% of its health!)</small><br></div><div class="spacer battle-history"><br></div><h2 class="battle-history">Turn 52</h2><div class="spacer battle-history"><br></div><div class="battle-history">The opposing Tapu Koko used <strong>Hidden Power</strong>!<br></div><div class="battle-history"><small>(Ferrothorn lost 1% of its health!)</small><br></div><div class="spacer battle-history"><br></div><div class="battle-history">Ferrothorn fainted!<br></div><div class="spacer battle-history"><br></div><div class="battle-history">Go! Slowking (<strong>Slowking-Galar</strong>)!<br></div><div class="spacer battle-history"><br></div><h2 class="battle-history">Turn 53</h2><div class="spacer battle-history"><br></div><div class="battle-history">Hematemesis withdrew Tapu Koko!<br></div><div class="battle-history">Hematemesis sent out <strong>Toxapex</strong>!<br></div><div class="spacer battle-history"><br></div><div class="battle-history">Slowking is paralyzed! It can't move!<br></div><div class="spacer battle-history"><br></div><h2 class="battle-history">Turn 54</h2><div class="spacer battle-history"><br></div><div class="battle-history">Slowking, come back!<br></div><div class="battle-history">Go! <strong>Gliscor</strong>!<br></div><div class="spacer battle-history"><br></div><div class="battle-history">The opposing Toxapex used <strong>Gunk Shot</strong>!<br></div><div class="battle-history"><small>It's not very effective...</small><br></div><div class="battle-history"><small>(Gliscor lost 29% of its health!)</small><br></div><div class="spacer battle-history"><br></div><div class="battle-history">[Gliscor's Poison Heal]<br><small>Gliscor had its HP restored.</small><br></div><div class="spacer battle-history"><br></div><h2 class="battle-history">Turn 55</h2><div class="spacer battle-history"><br></div><div class="battle-history">Hematemesis withdrew Toxapex!<br></div><div class="battle-history">Hematemesis sent out <strong>Tapu Koko</strong>!<br></div><div class="spacer battle-history"><br></div><div class="battle-history">Gliscor used <strong>Earthquake</strong>!<br></div><div class="battle-history"><small>It's super effective!</small><br></div><div class="battle-history"><small>(The opposing Tapu Koko lost 94% of its health!)</small><br></div><div class="spacer battle-history"><br></div><div class="battle-history">[Gliscor's Poison Heal]<br><small>Gliscor had its HP restored.</small><br></div><div class="battle-history"><small>The electricity disappeared from the battlefield.</small><br></div><div class="spacer battle-history"><br></div><h2 class="battle-history">Turn 56</h2><div class="spacer battle-history"><br></div><div class="battle-history">Gliscor, come back!<br></div><div class="battle-history">Go! Slowking (<strong>Slowking-Galar</strong>)!<br></div><div class="spacer battle-history"><br></div><div class="battle-history">The opposing Tapu Koko used <strong>Roost</strong>!<br></div><div class="battle-history"><small>The opposing Tapu Koko had its HP restored.</small><br></div><div class="spacer battle-history"><br></div><h2 class="battle-history">Turn 57</h2><div class="chat chatmessage-stickyfingaa"><strong style="color:#e76311"><small> </small><span class="username" data-name="Sticky Fingaa">Sticky Fingaa</span>:</strong> <em>it's not specs koko wha-</em></div><div class="spacer battle-history"><br></div><div class="battle-history">Hematemesis withdrew Tapu Koko!<br></div><div class="battle-history">Hematemesis sent out <strong>Toxapex</strong>!<br></div><div class="spacer battle-history"><br></div><div class="battle-history">Slowking is paralyzed! It can't move!<br></div><div class="spacer battle-history"><br></div><h2 class="battle-history">Turn 58</h2><div class="spacer battle-history"><br></div><div class="battle-history">Slowking, come back!<br></div><div class="battle-history">Go! <strong>Tapu Fini</strong>!<br></div><div class="battle-history">[Tapu Fini's Misty Surge]<br><small>Mist swirled around the battlefield!</small><br></div><div class="spacer battle-history"><br></div><div class="battle-history">The opposing Toxapex used <strong>Knock Off</strong>!<br></div><div class="battle-history"><small>It's not very effective...</small><br></div><div class="battle-history"><small>(Tapu Fini lost 10% of its health!)</small><br></div><div class="spacer battle-history"><br></div><h2 class="battle-history">Turn 59</h2><div class="spacer battle-history"><br></div><div class="battle-history">Hematemesis withdrew Toxapex!<br></div><div class="battle-history">Hematemesis sent out Deoxys (<strong>Deoxys-Defense</strong>)!<br></div><div class="battle-history">[The opposing Deoxys's Pressure]<br><small>The opposing Deoxys is exerting its pressure!</small><br></div><div class="spacer battle-history"><br></div><div class="battle-history">Tapu Fini used <strong>Scald</strong>!<br></div><div class="battle-history"><small>(The opposing Deoxys lost 19% of its health!)</small><br></div><div class="spacer battle-history"><br></div><div class="battle-history"><small>The opposing Deoxys restored a little HP using its Leftovers!</small><br></div><div class="battle-history"><small>The opposing Deoxys was hurt by poison!</small><br></div><div class="spacer battle-history"><br></div><div class="battle-history">The opposing Deoxys fainted!<br></div><div class="spacer battle-history"><br></div><div class="battle-history">Hematemesis sent out <strong>Tapu Koko</strong>!<br></div><div class="battle-history">[The opposing Tapu Koko's Electric Surge]<br><small>An electric current ran across the battlefield!</small><br></div><div class="spacer battle-history"><br></div><h2 class="battle-history">Turn 60</h2><div class="spacer battle-history"><br></div><div class="battle-history">Tapu Fini, come back!<br></div><div class="battle-history">Go! Slowking (<strong>Slowking-Galar</strong>)!<br></div><div class="spacer battle-history"><br></div><div class="battle-history">The opposing Tapu Koko used <strong>Hidden Power</strong>!<br></div><div class="battle-history"><small>(Slowking lost 12% of its health!)</small><br></div><div class="spacer battle-history"><br></div><h2 class="battle-history">Turn 61</h2><div class="spacer battle-history"><br></div><div class="battle-history">Hematemesis withdrew Tapu Koko!<br></div><div class="battle-history">Hematemesis sent out <strong>Toxapex</strong>!<br></div><div class="spacer battle-history"><br></div><div class="battle-history">Slowking is paralyzed! It can't move!<br></div><div class="spacer battle-history"><br></div><h2 class="battle-history">Turn 62</h2><div class="chat chatmessage-hematemesis"><strong style="color:#9412d5"><small>☆</small><span class="username" data-name="Hematemesis">Hematemesis</span>:</strong> <em>ggs</em></div><div class="chat chatmessage-hematemesis"><strong style="color:#9412d5"><small>☆</small><span class="username" data-name="Hematemesis">Hematemesis</span>:</strong> <em>It's specs roost which is based</em></div><div class="chat chatmessage-kha243"><strong style="color:#419e8f"><small>☆</small><span class="username" data-name="kha243">kha243</span>:</strong> <em>yo</em></div><div class="chat chatmessage-kha243"><strong style="color:#419e8f"><small>☆</small><span class="username" data-name="kha243">kha243</span>:</strong> <em>thats cool</em></div><div class="spacer battle-history"><br></div><div class="battle-history">Slowking, come back!<br></div><div class="battle-history">Go! dragalgemega (<strong>Dragalge-Mega</strong>)!<br></div><div class="battle-history">[dragalgemega's Acidic Surge]<br><small>(Acidic Terrain started!)</small><br></div><div class="battle-history"><small>Poison-type moves used by grounded Pokémon will have their power increased.</small><br></div><div class="battle-history"><small>Grounded Steel-type Pokémon will also lose their immunity to Poison-type moves.</small><br></div><div class="spacer battle-history"><br></div><div class="battle-history">The opposing Toxapex used <strong>Liquidation</strong>!<br></div><div class="battle-history"><small>It's not very effective...</small><br></div><div class="battle-history"><small>(dragalgemega lost 23% of its health!)</small><br></div><div class="battle-history"><small>dragalgemega's Defense fell!</small><br></div><div class="spacer battle-history"><br></div><h2 class="battle-history">Turn 63</h2><div class="spacer battle-history"><br></div><div class="battle-history">dragalgemega, come back!<br></div><div class="battle-history">Go! <strong>Tapu Fini</strong>!<br></div><div class="battle-history">[Tapu Fini's Misty Surge]<br><small>Mist swirled around the battlefield!</small><br></div><div class="spacer battle-history"><br></div><div class="battle-history">The opposing Toxapex used <strong>Liquidation</strong>!<br></div><div class="battle-history"><small>It's not very effective...</small><br></div><div class="battle-history"><small>(Tapu Fini lost 19% of its health!)</small><br></div><div class="battle-history"><small>Tapu Fini's Defense fell!</small><br></div><div class="spacer battle-history"><br></div><h2 class="battle-history">Turn 64</h2><div class="spacer battle-history"><br></div><div class="battle-history">Tapu Fini, come back!<br></div><div class="battle-history">Go! Slowking (<strong>Slowking-Galar</strong>)!<br></div><div class="spacer battle-history"><br></div><div class="battle-history">The opposing Toxapex used <strong>Liquidation</strong>!<br></div><div class="battle-history"><small>(Slowking lost 47% of its health!)</small><br></div><div class="spacer battle-history"><br></div><h2 class="battle-history">Turn 65</h2><div class="spacer battle-history"><br></div><div class="battle-history">The opposing Toxapex used <strong>Liquidation</strong>!<br></div><div class="battle-history"><small>(Slowking lost 47% of its health!)</small><br></div><div class="spacer battle-history"><br></div><div class="battle-history">Slowking is paralyzed! It can't move!<br></div><div class="spacer battle-history"><br></div><h2 class="battle-history">Turn 66</h2><div class="chat chatmessage-inkbug1 mine"><strong style="color:#e46e0f"><small>+</small><span class="username" data-name="inkbug1">inkbug1</span>:</strong> <em>bandana. kill.</em></div><div class="chat chatmessage-kha243"><strong style="color:#419e8f"><small>☆</small><span class="username" data-name="kha243">kha243</span>:</strong> <em>why cant i get a single future sight off ._.</em></div><div class="spacer battle-history"><br></div><div class="battle-history">Slowking, come back!<br></div><div class="battle-history">Go! <strong>Tapu Fini</strong>!<br></div><div class="spacer battle-history"><br></div><div class="battle-history">The opposing Toxapex used <strong>Liquidation</strong>!<br></div><div class="battle-history"><small>It's not very effective...</small><br></div><div class="battle-history"><small>(Tapu Fini lost 18% of its health!)</small><br></div><div class="spacer battle-history"><br></div><h2 class="battle-history">Turn 67</h2><div class="spacer battle-history"><br></div><div class="battle-history">Tapu Fini used <strong>Scald</strong>!<br></div><div class="battle-history"><small>It's not very effective...</small><br></div><div class="battle-history"><small>(The opposing Toxapex lost 11% of its health!)</small><br></div><div class="spacer battle-history"><br></div><div class="battle-history">The opposing Toxapex used <strong>Liquidation</strong>!<br></div><div class="battle-history"><small>It's not very effective...</small><br></div><div class="battle-history"><small>(Tapu Fini lost 17% of its health!)</small><br></div><div class="spacer battle-history"><br></div><div class="battle-history"><small>The mist disappeared from the battlefield.</small><br></div><div class="spacer battle-history"><br></div><h2 class="battle-history">Turn 68</h2><div class="spacer battle-history"><br></div><div class="battle-history">Tapu Fini used <strong>Scald</strong>!<br></div><div class="battle-history"><small>It's not very effective...</small><br></div><div class="battle-history"><small>(The opposing Toxapex lost 11% of its health!)</small><br></div><div class="spacer battle-history"><br></div><div class="battle-history">The opposing Toxapex used <strong>Liquidation</strong>!<br></div><div class="battle-history"><small>It's not very effective...</small><br></div><div class="battle-history"><small>(Tapu Fini lost 4% of its health!)</small><br></div><div class="spacer battle-history"><br></div><div class="battle-history">Tapu Fini fainted!<br></div><div class="spacer battle-history"><br></div><div class="battle-history">Go! <strong>Terrakion</strong>!<br></div><div class="spacer battle-history"><br></div><h2 class="battle-history">Turn 69</h2><div class="chat chatmessage-hematemesis"><strong style="color:#9412d5"><small>☆</small><span class="username" data-name="Hematemesis">Hematemesis</span>:</strong> <em>bandana burndaga</em></div><div class="spacer battle-history"><br></div><div class="battle-history"><small>Terrakion surrounded itself with its Z-Power!</small><br></div><div class="spacer battle-history"><br></div><div class="battle-history"><small>Terrakion unleashes its full-force Z-Move!</small><br>Terrakion used <strong>Continental Crush</strong>!<br></div><div class="battle-history"><small>(The opposing Toxapex lost 69% of its health!)</small><br></div><div class="spacer battle-history"><br></div><div class="battle-history">The opposing Toxapex used <strong>Liquidation</strong>!<br></div><div class="battle-history"><small>It's super effective!</small><br></div><div class="battle-history"><small>(Terrakion lost 2% of its health!)</small><br></div><div class="spacer battle-history"><br></div><div class="battle-history">Terrakion fainted!<br></div><div class="spacer battle-history"><br></div><div class="battle-history">Go! <strong>Gliscor</strong>!<br></div><div class="spacer battle-history"><br></div><h2 class="battle-history">Turn 70</h2><div class="spacer battle-history"><br></div><div class="battle-history">Gliscor used <strong>Earthquake</strong>!<br></div><div class="battle-history"><small>It's super effective!</small><br></div><div class="battle-history"><small>(The opposing Toxapex lost 9% of its health!)</small><br></div><div class="spacer battle-history"><br></div><div class="battle-history">The opposing Toxapex fainted!<br></div><div class="spacer battle-history"><br></div><div class="battle-history">[Gliscor's Poison Heal]<br><small>Gliscor had its HP restored.</small><br></div><div class="spacer battle-history"><br></div><div class="battle-history">Hematemesis sent out <strong>Tapu Koko</strong>!<br></div><div class="battle-history">[The opposing Tapu Koko's Electric Surge]<br><small>An electric current ran across the battlefield!</small><br></div><div class="spacer battle-history"><br></div><h2 class="battle-history">Turn 71</h2><div class="chat chatmessage-kha243"><strong style="color:#419e8f"><small>☆</small><span class="username" data-name="kha243">kha243</span>:</strong> <em>its a 50/50 to ohko</em></div><div class="spacer battle-history"><br></div><div class="battle-history">The opposing Tapu Koko used <strong>Hidden Power</strong>!<br></div><div class="battle-history"><small>It's super effective!</small><br></div><div class="battle-history"><small>(Gliscor lost 92% of its health!)</small><br></div><div class="spacer battle-history"><br></div><div class="battle-history">Gliscor used <strong>Earthquake</strong>!<br></div><div class="battle-history"><small>It's super effective!</small><br></div><div class="battle-history"><small>(The opposing Tapu Koko lost 56% of its health!)</small><br></div><div class="spacer battle-history"><br></div><div class="battle-history">The opposing Tapu Koko fainted!<br></div><div class="spacer battle-history"><br></div><div class="battle-history"><strong>kha243</strong> won the battle!<br></div><div class="chat chatmessage-kha243"><strong style="color:#419e8f"><small>☆</small><span class="username" data-name="kha243">kha243</span>:</strong> <em>gg</em></div><div class="chat chatmessage-kha243"><strong style="color:#419e8f"><small>☆</small><span class="username" data-name="kha243">kha243</span>:</strong> <em>wp</em></div><div class="chat chatmessage-hematemesis"><strong style="color:#9412d5"><small>☆</small><span class="username" data-name="Hematemesis">Hematemesis</span>:</strong> <em>gg wp</em></div><div class="chat chatmessage-hematemesis"><strong style="color:#9412d5"><small>☆</small><span class="username" data-name="Hematemesis">Hematemesis</span>:</strong> <em>L</em></div></div><div class="inner-preempt message-log"></div></div></div>
</div>
<script>
let daily = Math.floor(Date.now()/1000/60/60/24);document.write('<script src="https://dragonheaven.herokuapp.com/js/replay-embed.js?version'+daily+'"></'+'script>');
</script>
