<!DOCTYPE html>
<meta charset="utf-8" />
<!-- version 1 -->
<title>[Gen 8] Megas for All replay: Paul(Paulluxx) vs. Gekokeso</title>
<style>
html,body {font-family:Verdana, sans-serif;font-size:10pt;margin:0;padding:0;}body{padding:12px 0;} .battle-log {font-family:Verdana, sans-serif;font-size:10pt;} .battle-log-inline {border:1px solid #AAAAAA;background:#EEF2F5;color:black;max-width:640px;margin:0 auto 80px;padding-bottom:5px;} .battle-log .inner {padding:4px 8px 0px 8px;} .battle-log .inner-preempt {padding:0 8px 4px 8px;} .battle-log .inner-after {margin-top:0.5em;} .battle-log h2 {margin:0.5em -8px;padding:4px 8px;border:1px solid #AAAAAA;background:#E0E7EA;border-left:0;border-right:0;font-family:Verdana, sans-serif;font-size:13pt;} .battle-log .chat {vertical-align:middle;padding:3px 0 3px 0;font-size:8pt;} .battle-log .chat strong {color:#40576A;} .battle-log .chat em {padding:1px 4px 1px 3px;color:#000000;font-style:normal;} .chat.mine {background:rgba(0,0,0,0.05);margin-left:-8px;margin-right:-8px;padding-left:8px;padding-right:8px;} .spoiler {color:#BBBBBB;background:#BBBBBB;padding:0px 3px;} .spoiler:hover, .spoiler:active, .spoiler-shown {color:#000000;background:#E2E2E2;padding:0px 3px;} .spoiler a {color:#BBBBBB;} .spoiler:hover a, .spoiler:active a, .spoiler-shown a {color:#2288CC;} .chat code, .chat .spoiler:hover code, .chat .spoiler:active code, .chat .spoiler-shown code {border:1px solid #C0C0C0;background:#EEEEEE;color:black;padding:0 2px;} .chat .spoiler code {border:1px solid #CCCCCC;background:#CCCCCC;color:#CCCCCC;} .battle-log .rated {padding:3px 4px;} .battle-log .rated strong {color:white;background:#89A;padding:1px 4px;border-radius:4px;} .spacer {margin-top:0.5em;} .message-announce {background:#6688AA;color:white;padding:1px 4px 2px;} .message-announce a, .broadcast-green a, .broadcast-blue a, .broadcast-red a {color:#DDEEFF;} .broadcast-green {background-color:#559955;color:white;padding:2px 4px;} .broadcast-blue {background-color:#6688AA;color:white;padding:2px 4px;} .infobox {border:1px solid #6688AA;padding:2px 4px;} .infobox-limited {max-height:200px;overflow:auto;overflow-x:hidden;} .broadcast-red {background-color:#AA5544;color:white;padding:2px 4px;} .message-learn-canlearn {font-weight:bold;color:#228822;text-decoration:underline;} .message-learn-cannotlearn {font-weight:bold;color:#CC2222;text-decoration:underline;} .message-effect-weak {font-weight:bold;color:#CC2222;} .message-effect-resist {font-weight:bold;color:#6688AA;} .message-effect-immune {font-weight:bold;color:#666666;} .message-learn-list {margin-top:0;margin-bottom:0;} .message-throttle-notice, .message-error {color:#992222;} .message-overflow, .chat small.message-overflow {font-size:0pt;} .message-overflow::before {font-size:9pt;content:'...';} .subtle {color:#3A4A66;}
</style>
<div class="wrapper replay-wrapper" style="max-width:1180px;margin:0 auto">
<input type="hidden" name="replayid" value="dragonheaven-gen8megasforall-334" />
<div class="battle"></div><div class="battle-log"></div><div class="replay-controls"></div><div class="replay-controls-2"></div>
<h1 style="font-weight:normal;text-align:center"><strong>[Gen 8] Megas for All</strong><br /><a href="http://pokemonshowdown.com/users/paulpaulluxx" class="subtle" target="_blank">Paul(Paulluxx)</a> vs. <a href="http://pokemonshowdown.com/users/gekokeso" class="subtle" target="_blank">Gekokeso</a></h1>
<script type="text/plain" class="battle-log-data">|j|☆Paul(Paulluxx)
|j|☆Gekokeso
|t:|1640369665
|player|p1|Paul(Paulluxx)|mallow|
|player|p2|Gekokeso|swimmer-gen4dp|
|teamsize|p1|6
|teamsize|p2|6
|gametype|singles
|gen|8
|tier|[Gen 8] Megas for All
|rated|Tournament battle
|clearpoke
|poke|p1|Weavile, F|
|poke|p1|Scizor, M|
|poke|p1|Kyurem|
|poke|p1|Landorus-Therian, M|
|poke|p1|Tapu Fini|
|poke|p1|Heatran, F|
|poke|p2|Lunala|
|poke|p2|Silvally-*|
|poke|p2|Magnezone|
|poke|p2|Rillaboom, F|
|poke|p2|Gliscor, M|
|poke|p2|Cinderace, M|
|rule|HP Percentage Mod: HP is shown in percentages
|rule|Endless Battle Clause: Forcing endless battles is banned
|rule|OHKO Clause: OHKO moves are banned
|rule|Evasion Moves Clause: Evasion moves are banned
|rule|Species Clause: Limit one of each Pokémon
|rule|Dynamax Clause: You cannot dynamax
|rule|Sleep Clause Mod: Limit one foe put to sleep
|rule|Freeze Clause Mod: Limit one foe frozen
|raw|<img src="https:\/\/raw.githubusercontent.com\/scoopapa\/DH\/master\/data\/mods\/m4av6\/sprites\/m4a_banner.png" height="65" width="381">
|-message|Welcome to Megas for All!
|-message|This is a National Dex-based format where we aim to give a new Mega Evolution to every Pokémon.
|-message|Just like any official format, you can still only Mega Evolve one Pokémon per team!
|-message|You can find our thread and metagame resources here:
|-message|https:\/\/www.smogon.com\/forums\/threads\/3671140\/
|teampreview
|j|#inkbug1

|c|☆Paul(Paulluxx)|all these people running zone
|c|☆Gekokeso|Glhf!
|c|☆Paul(Paulluxx)|glhf
|c|☆Gekokeso|On handsight I prob should have brought a weavile switch in
|
|t:|1640369714
|start
|switch|p1a: Kyurem|Kyurem|100\/100
|switch|p2a: Lunala|Lunala|100\/100
|-ability|p1a: Kyurem|Pressure
|turn|1
|
|t:|1640369729
|-zpower|p1a: Kyurem
|move|p1a: Kyurem|Subzero Slammer|p2a: Lunala|[zeffect]
|-damage|p2a: Lunala|65\/100
|move|p2a: Lunala|Future Sight|p1a: Kyurem
|-start|p2a: Lunala|move: Future Sight
|
|upkeep
|turn|2
|c|☆Paul(Paulluxx)|that was dumb
|c|☆Gekokeso|Lol that did nothing
|c|☆Paul(Paulluxx)|I know this things ability
|
|t:|1640369747
|move|p1a: Kyurem|Ice Beam|p2a: Lunala
|-damage|p2a: Lunala|31\/100
|move|p2a: Lunala|Roost|p2a: Lunala
|-heal|p2a: Lunala|81\/100
|-singleturn|p2a: Lunala|move: Roost
|
|upkeep
|turn|3
|
|t:|1640369754
|switch|p1a: Weavile|Weavile, F|100\/100
|-ability|p1a: Weavile|Pressure
|move|p2a: Lunala|Focus Blast|p1a: Weavile|[miss]
|-miss|p2a: Lunala|p1a: Weavile
|
|-end|p1a: Weavile|move: Future Sight
|-immune|p1a: Weavile
|upkeep
|turn|4
|c|☆Gekokeso|Oh come on
|
|t:|1640369776
|move|p1a: Weavile|Knock Off|p2a: Lunala
|-supereffective|p2a: Lunala
|-damage|p2a: Lunala|0 fnt
|-enditem|p2a: Lunala|Heavy-Duty Boots|[from] move: Knock Off|[of] p1a: Weavile
|faint|p2a: Lunala
|
|upkeep
|
|t:|1640369784
|switch|p2a: Goose|Cinderace, M|100\/100
|turn|5
|
|t:|1640369790
|switch|p1a: Landorus|Landorus-Therian, M|100\/100
|-ability|p1a: Landorus|Intimidate|boost
|-unboost|p2a: Goose|atk|1
|move|p2a: Goose|U-turn|p1a: Landorus
|-start|p2a: Goose|typechange|Bug|[from] ability: Libero
|-resisted|p1a: Landorus
|-damage|p1a: Landorus|92\/100
|-damage|p2a: Goose|84\/100|[from] item: Rocky Helmet|[of] p1a: Landorus
|
|t:|1640369793
|switch|p2a: Udon|Silvally-Dragon|100\/100|[from]move: U-turn
|
|upkeep
|turn|6
|
|t:|1640369823
|detailschange|p2a: Udon|Silvally-Mega-Dragon
|-mega|p2a: Udon|Silvally|RKS Megamemory
|-start|p2a: Udon|typechange|Dragon|[silent]
|raw|<ul class="utilichart"><li class="result"><span class="col pokemonnamecol" style="white-space: nowrap">Silvally-Mega-Dragon<\/span> <span class="col typecol"><img src="https:\/\/play.pokemonshowdown.com\/sprites\/types\/Dragon.png" alt="Dragon" height="14" width="32"><\/span> <span style="float: left ; min-height: 26px"><span class="col abilitycol">Adaptability<\/span><span class="col abilitycol"><\/span><\/span><span style="float: left ; min-height: 26px"><span class="col statcol"><em>HP<\/em><br>95<\/span> <span class="col statcol"><em>Atk<\/em><br>100<\/span> <span class="col statcol"><em>Def<\/em><br>120<\/span> <span class="col statcol"><em>SpA<\/em><br>140<\/span> <span class="col statcol"><em>SpD<\/em><br>120<\/span> <span class="col statcol"><em>Spe<\/em><br>95<\/span> <\/span><\/li><li style="clear: both"><\/li><\/ul>
|-hint|Silvally-Mega-Dragon was submitted by KeroseneZanchu!
|move|p2a: Udon|Thunderbolt|p1a: Landorus
|-immune|p1a: Landorus
|move|p1a: Landorus|Toxic|p2a: Udon
|-status|p2a: Udon|tox
|
|-damage|p2a: Udon|94\/100 tox|[from] psn
|upkeep
|turn|7
|
|t:|1640369830
|switch|p1a: Heatran|Heatran, F|100\/100
|move|p2a: Udon|Draco Meteor|p1a: Heatran
|-resisted|p1a: Heatran
|-damage|p1a: Heatran|68\/100
|-unboost|p2a: Udon|spa|2
|
|-heal|p1a: Heatran|74\/100|[from] item: Leftovers
|-damage|p2a: Udon|82\/100 tox|[from] psn
|upkeep
|turn|8
|
|t:|1640369847
|move|p2a: Udon|Parting Shot|p1a: Heatran
|-unboost|p1a: Heatran|atk|1
|-unboost|p1a: Heatran|spa|1
|
|t:|1640369857
|switch|p2a: Zed|Gliscor, M|100\/100|[from]move: Parting Shot
|move|p1a: Heatran|Stealth Rock|p2a: Zed
|-sidestart|p2: Gekokeso|move: Stealth Rock
|
|-heal|p1a: Heatran|80\/100|[from] item: Leftovers
|-status|p2a: Zed|tox|[from] item: Toxic Orb
|upkeep
|turn|9
|
|t:|1640369862
|switch|p1a: Kyurem|Kyurem|100\/100
|-ability|p1a: Kyurem|Pressure
|move|p2a: Zed|Defog|p1a: Kyurem
|-unboost|p1a: Kyurem|evasion|1
|-sideend|p2: Gekokeso|Stealth Rock|[from] move: Defog|[of] p2a: Zed
|
|upkeep
|turn|10
|
|t:|1640369870
|switch|p2a: Pelvis|Magnezone|100\/100
|move|p1a: Kyurem|Ice Beam|p2a: Pelvis
|-resisted|p2a: Pelvis
|-damage|p2a: Pelvis|65\/100
|
|upkeep
|turn|11
|
|t:|1640369873
|move|p1a: Kyurem|Earth Power|p2a: Pelvis
|-supereffective|p2a: Pelvis
|-damage|p2a: Pelvis|0 fnt
|faint|p2a: Pelvis
|
|upkeep
|
|t:|1640369876
|switch|p2a: Goose|Cinderace, M|84\/100
|turn|12
|
|t:|1640369883
|switch|p1a: Landorus|Landorus-Therian, M|92\/100
|-ability|p1a: Landorus|Intimidate|boost
|-unboost|p2a: Goose|atk|1
|move|p2a: Goose|High Jump Kick|p1a: Landorus
|-start|p2a: Goose|typechange|Fighting|[from] ability: Libero
|-resisted|p1a: Landorus
|-damage|p1a: Landorus|77\/100
|-damage|p2a: Goose|67\/100|[from] item: Rocky Helmet|[of] p1a: Landorus
|
|upkeep
|turn|13
|
|t:|1640369893
|move|p2a: Goose|U-turn|p1a: Landorus
|-start|p2a: Goose|typechange|Bug|[from] ability: Libero
|-resisted|p1a: Landorus
|-damage|p1a: Landorus|68\/100
|-damage|p2a: Goose|51\/100|[from] item: Rocky Helmet|[of] p1a: Landorus
|
|t:|1640369899
|switch|p2a: Zed|Gliscor, M|100\/100 tox|[from]move: U-turn
|move|p1a: Landorus|Earthquake|p2a: Zed
|-immune|p2a: Zed
|
|upkeep
|turn|14
|
|t:|1640369906
|move|p2a: Zed|U-turn|p1a: Landorus
|-resisted|p1a: Landorus
|-damage|p1a: Landorus|63\/100
|-damage|p2a: Zed|84\/100 tox|[from] item: Rocky Helmet|[of] p1a: Landorus
|
|t:|1640369911
|switch|p2a: Udon|Silvally-Mega-Dragon|82\/100 tox|[from]move: U-turn
|-start|p2a: Udon|typechange|Dragon|[silent]
|move|p1a: Landorus|U-turn|p2a: Udon
|-damage|p2a: Udon|63\/100 tox
|
|t:|1640369929
|switch|p1a: Kyurem|Kyurem|100\/100|[from]move: U-turn
|-ability|p1a: Kyurem|Pressure
|
|-damage|p2a: Udon|57\/100 tox|[from] psn
|upkeep
|turn|15
|
|t:|1640369939
|switch|p1a: Heatran|Heatran, F|80\/100
|move|p2a: Udon|Draco Meteor|p1a: Heatran
|-resisted|p1a: Heatran
|-damage|p1a: Heatran|46\/100
|-unboost|p2a: Udon|spa|2
|
|-heal|p1a: Heatran|53\/100|[from] item: Leftovers
|-damage|p2a: Udon|45\/100 tox|[from] psn
|upkeep
|turn|16
|
|t:|1640369946
|move|p2a: Udon|Parting Shot|p1a: Heatran
|-unboost|p1a: Heatran|atk|1
|-unboost|p1a: Heatran|spa|1
|
|t:|1640369952
|switch|p2a: Goose|Cinderace, M|51\/100|[from]move: Parting Shot
|move|p1a: Heatran|Stealth Rock|p2a: Goose
|-sidestart|p2: Gekokeso|move: Stealth Rock
|
|-heal|p1a: Heatran|59\/100|[from] item: Leftovers
|upkeep
|turn|17
|
|t:|1640369966
|switch|p1a: Landorus|Landorus-Therian, M|63\/100
|-ability|p1a: Landorus|Intimidate|boost
|-unboost|p2a: Goose|atk|1
|move|p2a: Goose|Pyro Ball|p1a: Landorus
|-damage|p1a: Landorus|36\/100
|-status|p1a: Landorus|brn
|
|-damage|p1a: Landorus|30\/100 brn|[from] brn
|upkeep
|turn|18
|
|t:|1640369987
|switch|p2a: Zed|Gliscor, M|84\/100 tox
|-damage|p2a: Zed|71\/100 tox|[from] Stealth Rock
|move|p1a: Landorus|U-turn|p2a: Zed
|-resisted|p2a: Zed
|-damage|p2a: Zed|68\/100 tox
|
|t:|1640369993
|switch|p1a: Weavile|Weavile, F|100\/100|[from]move: U-turn
|-ability|p1a: Weavile|Pressure
|
|-heal|p2a: Zed|81\/100 tox|[from] ability: Poison Heal
|upkeep
|turn|19
|
|t:|1640369996
|move|p1a: Weavile|Triple Axel|p2a: Zed
|-supereffective|p2a: Zed
|-damage|p2a: Zed|42\/100 tox
|-supereffective|p2a: Zed
|-damage|p2a: Zed|0 fnt
|-hitcount|p2a: Zed|2
|faint|p2a: Zed
|
|upkeep
|
|t:|1640370009
|switch|p2a: Goose|Cinderace, M|51\/100
|turn|20
|
|t:|1640370016
|switch|p1a: Landorus|Landorus-Therian, M|30\/100 brn
|-ability|p1a: Landorus|Intimidate|boost
|-unboost|p2a: Goose|atk|1
|move|p2a: Goose|U-turn|p1a: Landorus
|-start|p2a: Goose|typechange|Bug|[from] ability: Libero
|-resisted|p1a: Landorus
|-damage|p1a: Landorus|22\/100 brn
|-damage|p2a: Goose|34\/100|[from] item: Rocky Helmet|[of] p1a: Landorus
|
|t:|1640370023
|switch|p2a: Mole|Rillaboom, F|100\/100|[from]move: U-turn
|-damage|p2a: Mole|88\/100|[from] Stealth Rock
|-fieldstart|move: Grassy Terrain|[from] ability: Grassy Surge|[of] p2a: Mole
|
|-heal|p2a: Mole|94\/100|[from] Grassy Terrain
|-damage|p1a: Landorus|16\/100 brn|[from] brn
|upkeep
|turn|21
|
|t:|1640370028
|move|p2a: Mole|U-turn|p1a: Landorus
|-resisted|p1a: Landorus
|-damage|p1a: Landorus|2\/100 brn
|-damage|p2a: Mole|78\/100|[from] item: Rocky Helmet|[of] p1a: Landorus
|
|t:|1640370035
|switch|p2a: Goose|Cinderace, M|34\/100|[from]move: U-turn
|move|p1a: Landorus|Toxic|p2a: Goose
|-status|p2a: Goose|tox
|
|-heal|p2a: Goose|40\/100 tox|[from] Grassy Terrain
|-damage|p2a: Goose|34\/100 tox|[from] psn
|-damage|p1a: Landorus|0 fnt|[from] brn
|faint|p1a: Landorus
|upkeep
|
|t:|1640370038
|switch|p1a: Weavile|Weavile, F|100\/100
|-ability|p1a: Weavile|Pressure
|turn|22
|
|t:|1640370042
|move|p2a: Goose|Sucker Punch|p1a: Weavile
|-start|p2a: Goose|typechange|Dark|[from] ability: Libero
|-resisted|p1a: Weavile
|-damage|p1a: Weavile|73\/100
|move|p1a: Weavile|Pursuit|p2a: Goose
|-resisted|p2a: Goose
|-damage|p2a: Goose|13\/100 tox
|
|-heal|p1a: Weavile|79\/100|[from] Grassy Terrain
|-heal|p2a: Goose|19\/100 tox|[from] Grassy Terrain
|-damage|p2a: Goose|7\/100 tox|[from] psn
|upkeep
|turn|23
|
|t:|1640370057
|switch|p1a: Tapu Fini|Tapu Fini|100\/100
|-fieldstart|move: Misty Terrain|[from] ability: Misty Surge|[of] p1a: Tapu Fini
|move|p2a: Goose|Pyro Ball|p1a: Tapu Fini
|-start|p2a: Goose|typechange|Fire|[from] ability: Libero
|-resisted|p1a: Tapu Fini
|-damage|p1a: Tapu Fini|74\/100
|
|-heal|p1a: Tapu Fini|80\/100|[from] item: Leftovers
|-damage|p2a: Goose|0 fnt|[from] psn
|faint|p2a: Goose
|upkeep
|
|t:|1640370060
|switch|p2a: Mole|Rillaboom, F|78\/100
|-damage|p2a: Mole|66\/100|[from] Stealth Rock
|-fieldstart|move: Grassy Terrain|[from] ability: Grassy Surge|[of] p2a: Mole
|turn|24
|
|t:|1640370071
|switch|p1a: Heatran|Heatran, F|59\/100
|move|p2a: Mole|Knock Off|p1a: Heatran
|-damage|p1a: Heatran|15\/100
|-enditem|p1a: Heatran|Leftovers|[from] move: Knock Off|[of] p2a: Mole
|
|-heal|p2a: Mole|72\/100|[from] Grassy Terrain
|-heal|p1a: Heatran|21\/100|[from] Grassy Terrain
|upkeep
|turn|25
|
|t:|1640370076
|move|p2a: Mole|Knock Off|p1a: Heatran
|-damage|p1a: Heatran|0 fnt
|faint|p1a: Heatran
|
|-heal|p2a: Mole|78\/100|[from] Grassy Terrain
|upkeep
|
|t:|1640370078
|switch|p1a: Scizor|Scizor, M|100\/100
|turn|26
|
|t:|1640370082
|switch|p2a: Udon|Silvally-Mega-Dragon|45\/100 tox
|-damage|p2a: Udon|33\/100 tox|[from] Stealth Rock
|-start|p2a: Udon|typechange|Dragon|[silent]
|detailschange|p1a: Scizor|Scizor-Mega, M
|-mega|p1a: Scizor|Scizor|Scizorite
|-start|p1a: Scizor|typechange|Bug\/Steel|[silent]
|raw|<ul class="utilichart"><li class="result"><span class="col pokemonnamecol" style="white-space: nowrap">Scizor-Mega<\/span> <span class="col typecol"><img src="https:\/\/play.pokemonshowdown.com\/sprites\/types\/Bug.png" alt="Bug" height="14" width="32"><img src="https:\/\/play.pokemonshowdown.com\/sprites\/types\/Steel.png" alt="Steel" height="14" width="32"><\/span> <span style="float: left ; min-height: 26px"><span class="col abilitycol">Technician<\/span><span class="col abilitycol"><\/span><\/span><span style="float: left ; min-height: 26px"><span class="col statcol"><em>HP<\/em><br>70<\/span> <span class="col statcol"><em>Atk<\/em><br>150<\/span> <span class="col statcol"><em>Def<\/em><br>140<\/span> <span class="col statcol"><em>SpA<\/em><br>65<\/span> <span class="col statcol"><em>SpD<\/em><br>100<\/span> <span class="col statcol"><em>Spe<\/em><br>75<\/span> <\/span><\/li><li style="clear: both"><\/li><\/ul>
|move|p1a: Scizor|Swords Dance|p1a: Scizor
|-boost|p1a: Scizor|atk|2
|
|-heal|p2a: Udon|39\/100 tox|[from] Grassy Terrain
|-damage|p2a: Udon|33\/100 tox|[from] psn
|upkeep
|turn|27
|
|t:|1640370091
|move|p1a: Scizor|Bullet Punch|p2a: Udon
|-damage|p2a: Udon|0 fnt
|faint|p2a: Udon
|
|upkeep
|c|☆Gekokeso|GG
|c|☆Paul(Paulluxx)|gg
|c|☆Paul(Paulluxx)|lunala bad
|c|☆Gekokeso|I would have literally 6-0 you if focus blast had hit
|c|☆Paul(Paulluxx)|nah
|
|t:|1640370136
|switch|p2a: Mole|Rillaboom, F|78\/100
|-damage|p2a: Mole|66\/100|[from] Stealth Rock
|turn|28
|c|☆Paul(Paulluxx)|pursuit mega scizor lol
|
|t:|1640370141
|move|p2a: Mole|Wood Hammer|p1a: Scizor
|-resisted|p1a: Scizor
|-damage|p1a: Scizor|78\/100
|-damage|p2a: Mole|58\/100|[from] Recoil
|move|p1a: Scizor|Swords Dance|p1a: Scizor
|-boost|p1a: Scizor|atk|2
|
|-heal|p2a: Mole|64\/100|[from] Grassy Terrain
|-heal|p1a: Scizor|84\/100|[from] Grassy Terrain
|-fieldend|move: Grassy Terrain
|upkeep
|turn|29
|
|t:|1640370146
|move|p2a: Mole|Wood Hammer|p1a: Scizor
|-resisted|p1a: Scizor
|-damage|p1a: Scizor|69\/100
|-damage|p2a: Mole|59\/100|[from] Recoil
|move|p1a: Scizor|Swords Dance|p1a: Scizor
|-boost|p1a: Scizor|atk|2
|
|upkeep
|turn|30
|c|☆Gekokeso|Fair
|c|☆Paul(Paulluxx)|wanted double insurance
|
|t:|1640370172
|move|p1a: Scizor|Bullet Punch|p2a: Mole
|-damage|p2a: Mole|0 fnt
|faint|p2a: Mole
|
|win|Paul(Paulluxx)</script>
</div>
<div class="battle-log battle-log-inline"><div class="inner"><div class="battle-options"><div style="padding-top: 3px; padding-right: 3px; text-align: right"><button class="icon button" name="openBattleOptions" title="Options">Battle Options</button></div></div><div class="inner message-log"><div class="chat"><small>☆Paul(Paulluxx) and ☆Gekokeso joined</small></div><div class=""><small>Format:</small> <br><strong>[Gen 8] Megas for All</strong></div><div class="rated"><strong>Tournament battle</strong></div><div class=""><small><em>HP Percentage Mod:</em> HP is shown in percentages</small></div><div class=""><small><em>Endless Battle Clause:</em> Forcing endless battles is banned</small></div><div class=""><small><em>OHKO Clause:</em> OHKO moves are banned</small></div><div class=""><small><em>Evasion Moves Clause:</em> Evasion moves are banned</small></div><div class=""><small><em>Species Clause:</em> Limit one of each Pokémon</small></div><div class=""><small><em>Dynamax Clause:</em> You cannot dynamax</small></div><div class=""><small><em>Sleep Clause Mod:</em> Limit one foe put to sleep</small></div><div class=""><small><em>Freeze Clause Mod:</em> Limit one foe frozen</small></div><div class="chat"><img src="https://raw.githubusercontent.com/scoopapa/DH/master/data/mods/m4av6/sprites/m4a_banner.png" height="65" width="381"></div><div class="spacer battle-history"><br></div><div class="battle-history"><small>Welcome to Megas for All!</small><br></div><div class="battle-history"><small>This is a National Dex-based format where we aim to give a new Mega Evolution to every Pokémon.</small><br></div><div class="battle-history"><small>Just like any official format, you can still only Mega Evolve one Pokémon per team!</small><br></div><div class="battle-history"><small>You can find our thread and metagame resources here:</small><br></div><div class="battle-history"><small>https://www.smogon.com/forums/threads/3671140/</small><br></div><div class="chat battle-history"><strong>Paul(Paulluxx)'s team:</strong> <em style="color:#445566;display:block;">Weavile / Scizor / Kyurem / Landorus-Therian / Tapu Fini / Heatran</em></div><div class="chat battle-history"><strong>Gekokeso's team:</strong> <em style="color:#445566;display:block;">Lunala / Silvally-* / Magnezone / Rillaboom / Gliscor / Cinderace</em></div><div class="chat"><small>#inkbug1 joined</small></div><div class="chat chatmessage-paulpaulluxx"><strong style="color:#17849a"><small>☆</small><span class="username" data-name="Paul(Paulluxx)">Paul(Paulluxx)</span>:</strong> <em>all these people running zone</em></div><div class="chat chatmessage-gekokeso"><strong style="color:#9b940e"><small>☆</small><span class="username" data-name="Gekokeso">Gekokeso</span>:</strong> <em>Glhf!</em></div><div class="chat chatmessage-paulpaulluxx"><strong style="color:#17849a"><small>☆</small><span class="username" data-name="Paul(Paulluxx)">Paul(Paulluxx)</span>:</strong> <em>glhf</em></div><div class="chat chatmessage-gekokeso"><strong style="color:#9b940e"><small>☆</small><span class="username" data-name="Gekokeso">Gekokeso</span>:</strong> <em>On handsight I prob should have brought a weavile switch in</em></div><div class="spacer battle-history"><br></div><div class="battle-history">Battle started between Paul(Paulluxx) and Gekokeso!<br></div><div class="spacer battle-history"><br></div><div class="battle-history">Go! <strong>Kyurem</strong>!<br></div><div class="spacer battle-history"><br></div><div class="battle-history">Gekokeso sent out <strong>Lunala</strong>!<br></div><div class="battle-history">[Kyurem's Pressure]<br><small>Kyurem is exerting its pressure!</small><br></div><div class="spacer battle-history"><br></div><h2 class="battle-history">Turn 1</h2><div class="spacer battle-history"><br></div><div class="battle-history"><small>Kyurem surrounded itself with its Z-Power!</small><br></div><div class="spacer battle-history"><br></div><div class="battle-history"><small>Kyurem unleashes its full-force Z-Move!</small><br>Kyurem used <strong>Subzero Slammer</strong>!<br></div><div class="battle-history"><small>(The opposing Lunala lost 35% of its health!)</small><br></div><div class="spacer battle-history"><br></div><div class="battle-history">The opposing Lunala used <strong>Future Sight</strong>!<br></div><div class="battle-history"><small>The opposing Lunala foresaw an attack!</small><br></div><div class="spacer battle-history"><br></div><h2 class="battle-history">Turn 2</h2><div class="chat chatmessage-paulpaulluxx"><strong style="color:#17849a"><small>☆</small><span class="username" data-name="Paul(Paulluxx)">Paul(Paulluxx)</span>:</strong> <em>that was dumb</em></div><div class="chat chatmessage-gekokeso"><strong style="color:#9b940e"><small>☆</small><span class="username" data-name="Gekokeso">Gekokeso</span>:</strong> <em>Lol that did nothing</em></div><div class="chat chatmessage-paulpaulluxx"><strong style="color:#17849a"><small>☆</small><span class="username" data-name="Paul(Paulluxx)">Paul(Paulluxx)</span>:</strong> <em>I know this things ability</em></div><div class="spacer battle-history"><br></div><div class="battle-history">Kyurem used <strong>Ice Beam</strong>!<br></div><div class="battle-history"><small>(The opposing Lunala lost 34% of its health!)</small><br></div><div class="spacer battle-history"><br></div><div class="battle-history">The opposing Lunala used <strong>Roost</strong>!<br></div><div class="battle-history"><small>The opposing Lunala had its HP restored.</small><br></div><div class="spacer battle-history"><br></div><h2 class="battle-history">Turn 3</h2><div class="spacer battle-history"><br></div><div class="battle-history">Kyurem, come back!<br></div><div class="battle-history">Go! <strong>Weavile</strong>!<br></div><div class="battle-history">[Weavile's Pressure]<br><small>Weavile is exerting its pressure!</small><br></div><div class="spacer battle-history"><br></div><div class="battle-history">The opposing Lunala used <strong>Focus Blast</strong>!<br></div><div class="battle-history"><small>Weavile avoided the attack!</small><br></div><div class="spacer battle-history"><br></div><div class="battle-history"><small>Weavile took the Future Sight attack!</small><br></div><div class="battle-history"><small>It doesn't affect Weavile...</small><br></div><div class="spacer battle-history"><br></div><h2 class="battle-history">Turn 4</h2><div class="chat chatmessage-gekokeso"><strong style="color:#9b940e"><small>☆</small><span class="username" data-name="Gekokeso">Gekokeso</span>:</strong> <em>Oh come on</em></div><div class="spacer battle-history"><br></div><div class="battle-history">Weavile used <strong>Knock Off</strong>!<br></div><div class="battle-history"><small>It's super effective!</small><br></div><div class="battle-history"><small>(The opposing Lunala lost 81% of its health!)</small><br></div><div class="battle-history"><small>Weavile knocked off the opposing Lunala's Heavy-Duty Boots!</small><br></div><div class="spacer battle-history"><br></div><div class="battle-history">The opposing Lunala fainted!<br></div><div class="spacer battle-history"><br></div><div class="battle-history">Gekokeso sent out Goose (<strong>Cinderace</strong>)!<br></div><div class="spacer battle-history"><br></div><h2 class="battle-history">Turn 5</h2><div class="spacer battle-history"><br></div><div class="battle-history">Weavile, come back!<br></div><div class="battle-history">Go! Landorus (<strong>Landorus-Therian</strong>)!<br></div><div class="battle-history">[Landorus's Intimidate]<br></div><div class="battle-history"><small>The opposing Goose's Attack fell!</small><br></div><div class="spacer battle-history"><br></div><div class="battle-history">The opposing Goose used <strong>U-turn</strong>!<br></div><div class="battle-history">[The opposing Goose's Libero]<br><small>The opposing Goose's type changed to Bug!</small><br></div><div class="battle-history"><small>It's not very effective...</small><br></div><div class="battle-history"><small>(Landorus lost 8% of its health!)</small><br></div><div class="battle-history"><small>The opposing Goose was hurt by the Rocky Helmet!</small><br></div><div class="spacer battle-history"><br></div><div class="battle-history">The opposing Goose went back to Gekokeso!<br></div><div class="battle-history">Gekokeso sent out Udon (<strong>Silvally-Dragon</strong>)!<br></div><div class="spacer battle-history"><br></div><h2 class="battle-history">Turn 6</h2><div class="spacer battle-history"><br></div><div class="battle-history"><small>The opposing Udon's RKS Megamemory is reacting to the Key Stone!</small><br>The opposing Udon has Mega Evolved into Mega Silvally!<br></div><div class="chat"><ul class="utilichart"><li class="result"><span class="col pokemonnamecol" style="white-space: nowrap">Silvally-Mega-Dragon</span> <span class="col typecol"><img src="https://play.pokemonshowdown.com/sprites/types/Dragon.png" alt="Dragon" height="14" width="32"></span> <span style="float: left ; min-height: 26px"><span class="col abilitycol">Adaptability</span><span class="col abilitycol"></span></span><span style="float: left ; min-height: 26px"><span class="col statcol"><em>HP</em><br>95</span> <span class="col statcol"><em>Atk</em><br>100</span> <span class="col statcol"><em>Def</em><br>120</span> <span class="col statcol"><em>SpA</em><br>140</span> <span class="col statcol"><em>SpD</em><br>120</span> <span class="col statcol"><em>Spe</em><br>95</span> </span></li><li style="clear: both"></li></ul></div><div class="battle-history"><small>(Silvally-Mega-Dragon was submitted by KeroseneZanchu!)</small><br></div><div class="spacer battle-history"><br></div><div class="battle-history">The opposing Udon used <strong>Thunderbolt</strong>!<br></div><div class="battle-history"><small>It doesn't affect Landorus...</small><br></div><div class="spacer battle-history"><br></div><div class="battle-history">Landorus used <strong>Toxic</strong>!<br></div><div class="battle-history"><small>The opposing Udon was badly poisoned!</small><br></div><div class="spacer battle-history"><br></div><div class="battle-history"><small>The opposing Udon was hurt by poison!</small><br></div><div class="spacer battle-history"><br></div><h2 class="battle-history">Turn 7</h2><div class="spacer battle-history"><br></div><div class="battle-history">Landorus, come back!<br></div><div class="battle-history">Go! <strong>Heatran</strong>!<br></div><div class="spacer battle-history"><br></div><div class="battle-history">The opposing Udon used <strong>Draco Meteor</strong>!<br></div><div class="battle-history"><small>It's not very effective...</small><br></div><div class="battle-history"><small>(Heatran lost 32% of its health!)</small><br></div><div class="battle-history"><small>The opposing Udon's Sp. Atk fell harshly!</small><br></div><div class="spacer battle-history"><br></div><div class="battle-history"><small>Heatran restored a little HP using its Leftovers!</small><br></div><div class="battle-history"><small>The opposing Udon was hurt by poison!</small><br></div><div class="spacer battle-history"><br></div><h2 class="battle-history">Turn 8</h2><div class="spacer battle-history"><br></div><div class="battle-history">The opposing Udon used <strong>Parting Shot</strong>!<br></div><div class="battle-history"><small>Heatran's Attack fell!</small><br></div><div class="battle-history"><small>Heatran's Sp. Atk fell!</small><br></div><div class="spacer battle-history"><br></div><div class="battle-history">Gekokeso withdrew Udon!<br></div><div class="battle-history">Gekokeso sent out Zed (<strong>Gliscor</strong>)!<br></div><div class="spacer battle-history"><br></div><div class="battle-history">Heatran used <strong>Stealth Rock</strong>!<br></div><div class="battle-history"><small>Pointed stones float in the air around the opposing team!</small><br></div><div class="spacer battle-history"><br></div><div class="battle-history"><small>Heatran restored a little HP using its Leftovers!</small><br></div><div class="battle-history"><small>The opposing Zed was badly poisoned!</small><br></div><div class="spacer battle-history"><br></div><h2 class="battle-history">Turn 9</h2><div class="spacer battle-history"><br></div><div class="battle-history">Heatran, come back!<br></div><div class="battle-history">Go! <strong>Kyurem</strong>!<br></div><div class="battle-history">[Kyurem's Pressure]<br><small>Kyurem is exerting its pressure!</small><br></div><div class="spacer battle-history"><br></div><div class="battle-history">The opposing Zed used <strong>Defog</strong>!<br></div><div class="battle-history"><small>Kyurem's evasiveness fell!</small><br></div><div class="battle-history"><small>The pointed stones disappeared from around the opposing team!</small><br></div><div class="spacer battle-history"><br></div><h2 class="battle-history">Turn 10</h2><div class="spacer battle-history"><br></div><div class="battle-history">Gekokeso withdrew Zed!<br></div><div class="battle-history">Gekokeso sent out Pelvis (<strong>Magnezone</strong>)!<br></div><div class="spacer battle-history"><br></div><div class="battle-history">Kyurem used <strong>Ice Beam</strong>!<br></div><div class="battle-history"><small>It's not very effective...</small><br></div><div class="battle-history"><small>(The opposing Pelvis lost 35% of its health!)</small><br></div><div class="spacer battle-history"><br></div><h2 class="battle-history">Turn 11</h2><div class="spacer battle-history"><br></div><div class="battle-history">Kyurem used <strong>Earth Power</strong>!<br></div><div class="battle-history"><small>It's super effective!</small><br></div><div class="battle-history"><small>(The opposing Pelvis lost 65% of its health!)</small><br></div><div class="spacer battle-history"><br></div><div class="battle-history">The opposing Pelvis fainted!<br></div><div class="spacer battle-history"><br></div><div class="battle-history">Gekokeso sent out Goose (<strong>Cinderace</strong>)!<br></div><div class="spacer battle-history"><br></div><h2 class="battle-history">Turn 12</h2><div class="spacer battle-history"><br></div><div class="battle-history">Kyurem, come back!<br></div><div class="battle-history">Go! Landorus (<strong>Landorus-Therian</strong>)!<br></div><div class="battle-history">[Landorus's Intimidate]<br></div><div class="battle-history"><small>The opposing Goose's Attack fell!</small><br></div><div class="spacer battle-history"><br></div><div class="battle-history">The opposing Goose used <strong>High Jump Kick</strong>!<br></div><div class="battle-history">[The opposing Goose's Libero]<br><small>The opposing Goose's type changed to Fighting!</small><br></div><div class="battle-history"><small>It's not very effective...</small><br></div><div class="battle-history"><small>(Landorus lost 15% of its health!)</small><br></div><div class="battle-history"><small>The opposing Goose was hurt by the Rocky Helmet!</small><br></div><div class="spacer battle-history"><br></div><h2 class="battle-history">Turn 13</h2><div class="spacer battle-history"><br></div><div class="battle-history">The opposing Goose used <strong>U-turn</strong>!<br></div><div class="battle-history">[The opposing Goose's Libero]<br><small>The opposing Goose's type changed to Bug!</small><br></div><div class="battle-history"><small>It's not very effective...</small><br></div><div class="battle-history"><small>(Landorus lost 9% of its health!)</small><br></div><div class="battle-history"><small>The opposing Goose was hurt by the Rocky Helmet!</small><br></div><div class="spacer battle-history"><br></div><div class="battle-history">The opposing Goose went back to Gekokeso!<br></div><div class="battle-history">Gekokeso sent out Zed (<strong>Gliscor</strong>)!<br></div><div class="spacer battle-history"><br></div><div class="battle-history">Landorus used <strong>Earthquake</strong>!<br></div><div class="battle-history"><small>It doesn't affect the opposing Zed...</small><br></div><div class="spacer battle-history"><br></div><h2 class="battle-history">Turn 14</h2><div class="spacer battle-history"><br></div><div class="battle-history">The opposing Zed used <strong>U-turn</strong>!<br></div><div class="battle-history"><small>It's not very effective...</small><br></div><div class="battle-history"><small>(Landorus lost 5% of its health!)</small><br></div><div class="battle-history"><small>The opposing Zed was hurt by the Rocky Helmet!</small><br></div><div class="spacer battle-history"><br></div><div class="battle-history">The opposing Zed went back to Gekokeso!<br></div><div class="battle-history">Gekokeso sent out Udon (<strong>Silvally-Mega-Dragon</strong>)!<br></div><div class="spacer battle-history"><br></div><div class="battle-history">Landorus used <strong>U-turn</strong>!<br></div><div class="battle-history"><small>(The opposing Udon lost 19% of its health!)</small><br></div><div class="spacer battle-history"><br></div><div class="battle-history">Landorus went back to Paul(Paulluxx)!<br></div><div class="battle-history">Go! <strong>Kyurem</strong>!<br></div><div class="battle-history">[Kyurem's Pressure]<br><small>Kyurem is exerting its pressure!</small><br></div><div class="spacer battle-history"><br></div><div class="battle-history"><small>The opposing Udon was hurt by poison!</small><br></div><div class="spacer battle-history"><br></div><h2 class="battle-history">Turn 15</h2><div class="spacer battle-history"><br></div><div class="battle-history">Kyurem, come back!<br></div><div class="battle-history">Go! <strong>Heatran</strong>!<br></div><div class="spacer battle-history"><br></div><div class="battle-history">The opposing Udon used <strong>Draco Meteor</strong>!<br></div><div class="battle-history"><small>It's not very effective...</small><br></div><div class="battle-history"><small>(Heatran lost 34% of its health!)</small><br></div><div class="battle-history"><small>The opposing Udon's Sp. Atk fell harshly!</small><br></div><div class="spacer battle-history"><br></div><div class="battle-history"><small>Heatran restored a little HP using its Leftovers!</small><br></div><div class="battle-history"><small>The opposing Udon was hurt by poison!</small><br></div><div class="spacer battle-history"><br></div><h2 class="battle-history">Turn 16</h2><div class="spacer battle-history"><br></div><div class="battle-history">The opposing Udon used <strong>Parting Shot</strong>!<br></div><div class="battle-history"><small>Heatran's Attack fell!</small><br></div><div class="battle-history"><small>Heatran's Sp. Atk fell!</small><br></div><div class="spacer battle-history"><br></div><div class="battle-history">Gekokeso withdrew Udon!<br></div><div class="battle-history">Gekokeso sent out Goose (<strong>Cinderace</strong>)!<br></div><div class="spacer battle-history"><br></div><div class="battle-history">Heatran used <strong>Stealth Rock</strong>!<br></div><div class="battle-history"><small>Pointed stones float in the air around the opposing team!</small><br></div><div class="spacer battle-history"><br></div><div class="battle-history"><small>Heatran restored a little HP using its Leftovers!</small><br></div><div class="spacer battle-history"><br></div><h2 class="battle-history">Turn 17</h2><div class="spacer battle-history"><br></div><div class="battle-history">Heatran, come back!<br></div><div class="battle-history">Go! Landorus (<strong>Landorus-Therian</strong>)!<br></div><div class="battle-history">[Landorus's Intimidate]<br></div><div class="battle-history"><small>The opposing Goose's Attack fell!</small><br></div><div class="spacer battle-history"><br></div><div class="battle-history">The opposing Goose used <strong>Pyro Ball</strong>!<br></div><div class="battle-history"><small>(Landorus lost 27% of its health!)</small><br></div><div class="battle-history"><small>Landorus was burned!</small><br></div><div class="spacer battle-history"><br></div><div class="battle-history"><small>Landorus was hurt by its burn!</small><br></div><div class="spacer battle-history"><br></div><h2 class="battle-history">Turn 18</h2><div class="spacer battle-history"><br></div><div class="battle-history">Gekokeso withdrew Goose!<br></div><div class="battle-history">Gekokeso sent out Zed (<strong>Gliscor</strong>)!<br></div><div class="battle-history"><small>Pointed stones dug into the opposing Zed!</small><br></div><div class="spacer battle-history"><br></div><div class="battle-history">Landorus used <strong>U-turn</strong>!<br></div><div class="battle-history"><small>It's not very effective...</small><br></div><div class="battle-history"><small>(The opposing Zed lost 3% of its health!)</small><br></div><div class="spacer battle-history"><br></div><div class="battle-history">Landorus went back to Paul(Paulluxx)!<br></div><div class="battle-history">Go! <strong>Weavile</strong>!<br></div><div class="battle-history">[Weavile's Pressure]<br><small>Weavile is exerting its pressure!</small><br></div><div class="spacer battle-history"><br></div><div class="battle-history">[The opposing Zed's Poison Heal]<br><small>The opposing Zed had its HP restored.</small><br></div><div class="spacer battle-history"><br></div><h2 class="battle-history">Turn 19</h2><div class="spacer battle-history"><br></div><div class="battle-history">Weavile used <strong>Triple Axel</strong>!<br></div><div class="battle-history"><small>It's super effective!</small><br></div><div class="battle-history"><small>(The opposing Zed lost 39% of its health!)</small><br></div><div class="battle-history"><small>It's super effective!</small><br></div><div class="battle-history"><small>(The opposing Zed lost 42% of its health!)</small><br></div><div class="battle-history"><small>The Pokémon was hit 2 times!</small><br></div><div class="spacer battle-history"><br></div><div class="battle-history">The opposing Zed fainted!<br></div><div class="spacer battle-history"><br></div><div class="battle-history">Gekokeso sent out Goose (<strong>Cinderace</strong>)!<br></div><div class="spacer battle-history"><br></div><h2 class="battle-history">Turn 20</h2><div class="spacer battle-history"><br></div><div class="battle-history">Weavile, come back!<br></div><div class="battle-history">Go! Landorus (<strong>Landorus-Therian</strong>)!<br></div><div class="battle-history">[Landorus's Intimidate]<br></div><div class="battle-history"><small>The opposing Goose's Attack fell!</small><br></div><div class="spacer battle-history"><br></div><div class="battle-history">The opposing Goose used <strong>U-turn</strong>!<br></div><div class="battle-history">[The opposing Goose's Libero]<br><small>The opposing Goose's type changed to Bug!</small><br></div><div class="battle-history"><small>It's not very effective...</small><br></div><div class="battle-history"><small>(Landorus lost 8% of its health!)</small><br></div><div class="battle-history"><small>The opposing Goose was hurt by the Rocky Helmet!</small><br></div><div class="spacer battle-history"><br></div><div class="battle-history">The opposing Goose went back to Gekokeso!<br></div><div class="battle-history">Gekokeso sent out Mole (<strong>Rillaboom</strong>)!<br></div><div class="battle-history"><small>Pointed stones dug into the opposing Mole!</small><br></div><div class="battle-history">[The opposing Mole's Grassy Surge]<br><small>Grass grew to cover the battlefield!</small><br></div><div class="spacer battle-history"><br></div><div class="battle-history"><small>The opposing Mole's HP was restored.</small><br></div><div class="battle-history"><small>Landorus was hurt by its burn!</small><br></div><div class="spacer battle-history"><br></div><h2 class="battle-history">Turn 21</h2><div class="spacer battle-history"><br></div><div class="battle-history">The opposing Mole used <strong>U-turn</strong>!<br></div><div class="battle-history"><small>It's not very effective...</small><br></div><div class="battle-history"><small>(Landorus lost 14% of its health!)</small><br></div><div class="battle-history"><small>The opposing Mole was hurt by the Rocky Helmet!</small><br></div><div class="spacer battle-history"><br></div><div class="battle-history">The opposing Mole went back to Gekokeso!<br></div><div class="battle-history">Gekokeso sent out Goose (<strong>Cinderace</strong>)!<br></div><div class="spacer battle-history"><br></div><div class="battle-history">Landorus used <strong>Toxic</strong>!<br></div><div class="battle-history"><small>The opposing Goose was badly poisoned!</small><br></div><div class="spacer battle-history"><br></div><div class="battle-history"><small>The opposing Goose's HP was restored.</small><br></div><div class="battle-history"><small>The opposing Goose was hurt by poison!</small><br></div><div class="battle-history"><small>Landorus was hurt by its burn!</small><br></div><div class="spacer battle-history"><br></div><div class="battle-history">Landorus fainted!<br></div><div class="spacer battle-history"><br></div><div class="battle-history">Go! <strong>Weavile</strong>!<br></div><div class="battle-history">[Weavile's Pressure]<br><small>Weavile is exerting its pressure!</small><br></div><div class="spacer battle-history"><br></div><h2 class="battle-history">Turn 22</h2><div class="spacer battle-history"><br></div><div class="battle-history">The opposing Goose used <strong>Sucker Punch</strong>!<br></div><div class="battle-history">[The opposing Goose's Libero]<br><small>The opposing Goose's type changed to Dark!</small><br></div><div class="battle-history"><small>It's not very effective...</small><br></div><div class="battle-history"><small>(Weavile lost 27% of its health!)</small><br></div><div class="spacer battle-history"><br></div><div class="battle-history">Weavile used <strong>Pursuit</strong>!<br></div><div class="battle-history"><small>It's not very effective...</small><br></div><div class="battle-history"><small>(The opposing Goose lost 21% of its health!)</small><br></div><div class="spacer battle-history"><br></div><div class="battle-history"><small>Weavile's HP was restored.</small><br></div><div class="battle-history"><small>The opposing Goose's HP was restored.</small><br></div><div class="battle-history"><small>The opposing Goose was hurt by poison!</small><br></div><div class="spacer battle-history"><br></div><h2 class="battle-history">Turn 23</h2><div class="spacer battle-history"><br></div><div class="battle-history">Weavile, come back!<br></div><div class="battle-history">Go! <strong>Tapu Fini</strong>!<br></div><div class="battle-history">[Tapu Fini's Misty Surge]<br><small>Mist swirled around the battlefield!</small><br></div><div class="spacer battle-history"><br></div><div class="battle-history">The opposing Goose used <strong>Pyro Ball</strong>!<br></div><div class="battle-history">[The opposing Goose's Libero]<br><small>The opposing Goose's type changed to Fire!</small><br></div><div class="battle-history"><small>It's not very effective...</small><br></div><div class="battle-history"><small>(Tapu Fini lost 26% of its health!)</small><br></div><div class="spacer battle-history"><br></div><div class="battle-history"><small>Tapu Fini restored a little HP using its Leftovers!</small><br></div><div class="battle-history"><small>The opposing Goose was hurt by poison!</small><br></div><div class="spacer battle-history"><br></div><div class="battle-history">The opposing Goose fainted!<br></div><div class="spacer battle-history"><br></div><div class="battle-history">Gekokeso sent out Mole (<strong>Rillaboom</strong>)!<br></div><div class="battle-history"><small>Pointed stones dug into the opposing Mole!</small><br></div><div class="battle-history">[The opposing Mole's Grassy Surge]<br><small>Grass grew to cover the battlefield!</small><br></div><div class="spacer battle-history"><br></div><h2 class="battle-history">Turn 24</h2><div class="spacer battle-history"><br></div><div class="battle-history">Tapu Fini, come back!<br></div><div class="battle-history">Go! <strong>Heatran</strong>!<br></div><div class="spacer battle-history"><br></div><div class="battle-history">The opposing Mole used <strong>Knock Off</strong>!<br></div><div class="battle-history"><small>(Heatran lost 44% of its health!)</small><br></div><div class="battle-history"><small>The opposing Mole knocked off Heatran's Leftovers!</small><br></div><div class="spacer battle-history"><br></div><div class="battle-history"><small>The opposing Mole's HP was restored.</small><br></div><div class="battle-history"><small>Heatran's HP was restored.</small><br></div><div class="spacer battle-history"><br></div><h2 class="battle-history">Turn 25</h2><div class="spacer battle-history"><br></div><div class="battle-history">The opposing Mole used <strong>Knock Off</strong>!<br></div><div class="battle-history"><small>(Heatran lost 21% of its health!)</small><br></div><div class="spacer battle-history"><br></div><div class="battle-history">Heatran fainted!<br></div><div class="spacer battle-history"><br></div><div class="battle-history"><small>The opposing Mole's HP was restored.</small><br></div><div class="spacer battle-history"><br></div><div class="battle-history">Go! <strong>Scizor</strong>!<br></div><div class="spacer battle-history"><br></div><h2 class="battle-history">Turn 26</h2><div class="spacer battle-history"><br></div><div class="battle-history">Gekokeso withdrew Mole!<br></div><div class="battle-history">Gekokeso sent out Udon (<strong>Silvally-Mega-Dragon</strong>)!<br></div><div class="battle-history"><small>Pointed stones dug into the opposing Udon!</small><br></div><div class="spacer battle-history"><br></div><div class="battle-history"><small>Scizor's Scizorite is reacting to the Key Stone!</small><br>Scizor has Mega Evolved into Mega Scizor!<br></div><div class="chat"><ul class="utilichart"><li class="result"><span class="col pokemonnamecol" style="white-space: nowrap">Scizor-Mega</span> <span class="col typecol"><img src="https://play.pokemonshowdown.com/sprites/types/Bug.png" alt="Bug" height="14" width="32"><img src="https://play.pokemonshowdown.com/sprites/types/Steel.png" alt="Steel" height="14" width="32"></span> <span style="float: left ; min-height: 26px"><span class="col abilitycol">Technician</span><span class="col abilitycol"></span></span><span style="float: left ; min-height: 26px"><span class="col statcol"><em>HP</em><br>70</span> <span class="col statcol"><em>Atk</em><br>150</span> <span class="col statcol"><em>Def</em><br>140</span> <span class="col statcol"><em>SpA</em><br>65</span> <span class="col statcol"><em>SpD</em><br>100</span> <span class="col statcol"><em>Spe</em><br>75</span> </span></li><li style="clear: both"></li></ul></div><div class="spacer battle-history"><br></div><div class="battle-history">Scizor used <strong>Swords Dance</strong>!<br></div><div class="battle-history"><small>Scizor's Attack rose sharply!</small><br></div><div class="spacer battle-history"><br></div><div class="battle-history"><small>The opposing Udon's HP was restored.</small><br></div><div class="battle-history"><small>The opposing Udon was hurt by poison!</small><br></div><div class="spacer battle-history"><br></div><h2 class="battle-history">Turn 27</h2><div class="spacer battle-history"><br></div><div class="battle-history">Scizor used <strong>Bullet Punch</strong>!<br></div><div class="battle-history"><small>(The opposing Udon lost 33% of its health!)</small><br></div><div class="spacer battle-history"><br></div><div class="battle-history">The opposing Udon fainted!<br></div><div class="chat chatmessage-gekokeso"><strong style="color:#9b940e"><small>☆</small><span class="username" data-name="Gekokeso">Gekokeso</span>:</strong> <em>GG</em></div><div class="chat chatmessage-paulpaulluxx"><strong style="color:#17849a"><small>☆</small><span class="username" data-name="Paul(Paulluxx)">Paul(Paulluxx)</span>:</strong> <em>gg</em></div><div class="chat chatmessage-paulpaulluxx"><strong style="color:#17849a"><small>☆</small><span class="username" data-name="Paul(Paulluxx)">Paul(Paulluxx)</span>:</strong> <em>lunala bad</em></div><div class="chat chatmessage-gekokeso"><strong style="color:#9b940e"><small>☆</small><span class="username" data-name="Gekokeso">Gekokeso</span>:</strong> <em>I would have literally 6-0 you if focus blast had hit</em></div><div class="chat chatmessage-paulpaulluxx"><strong style="color:#17849a"><small>☆</small><span class="username" data-name="Paul(Paulluxx)">Paul(Paulluxx)</span>:</strong> <em>nah</em></div><div class="spacer battle-history"><br></div><div class="battle-history">Gekokeso sent out Mole (<strong>Rillaboom</strong>)!<br></div><div class="battle-history"><small>Pointed stones dug into the opposing Mole!</small><br></div><div class="spacer battle-history"><br></div><h2 class="battle-history">Turn 28</h2><div class="chat chatmessage-paulpaulluxx"><strong style="color:#17849a"><small>☆</small><span class="username" data-name="Paul(Paulluxx)">Paul(Paulluxx)</span>:</strong> <em>pursuit mega scizor lol</em></div><div class="spacer battle-history"><br></div><div class="battle-history">The opposing Mole used <strong>Wood Hammer</strong>!<br></div><div class="battle-history"><small>It's not very effective...</small><br></div><div class="battle-history"><small>(Scizor lost 22% of its health!)</small><br></div><div class="battle-history"><small>The opposing Mole was damaged by the recoil!</small><br></div><div class="spacer battle-history"><br></div><div class="battle-history">Scizor used <strong>Swords Dance</strong>!<br></div><div class="battle-history"><small>Scizor's Attack rose sharply!</small><br></div><div class="spacer battle-history"><br></div><div class="battle-history"><small>The opposing Mole's HP was restored.</small><br></div><div class="battle-history"><small>Scizor's HP was restored.</small><br></div><div class="battle-history"><small>The grass disappeared from the battlefield.</small><br></div><div class="spacer battle-history"><br></div><h2 class="battle-history">Turn 29</h2><div class="spacer battle-history"><br></div><div class="battle-history">The opposing Mole used <strong>Wood Hammer</strong>!<br></div><div class="battle-history"><small>It's not very effective...</small><br></div><div class="battle-history"><small>(Scizor lost 15% of its health!)</small><br></div><div class="battle-history"><small>The opposing Mole was damaged by the recoil!</small><br></div><div class="spacer battle-history"><br></div><div class="battle-history">Scizor used <strong>Swords Dance</strong>!<br></div><div class="battle-history"><small>Scizor's Attack rose sharply!</small><br></div><div class="spacer battle-history"><br></div><h2 class="battle-history">Turn 30</h2><div class="chat chatmessage-gekokeso"><strong style="color:#9b940e"><small>☆</small><span class="username" data-name="Gekokeso">Gekokeso</span>:</strong> <em>Fair</em></div><div class="chat chatmessage-paulpaulluxx"><strong style="color:#17849a"><small>☆</small><span class="username" data-name="Paul(Paulluxx)">Paul(Paulluxx)</span>:</strong> <em>wanted double insurance</em></div><div class="spacer battle-history"><br></div><div class="battle-history">Scizor used <strong>Bullet Punch</strong>!<br></div><div class="battle-history"><small>(The opposing Mole lost 59% of its health!)</small><br></div><div class="spacer battle-history"><br></div><div class="battle-history">The opposing Mole fainted!<br></div><div class="spacer battle-history"><br></div><div class="battle-history"><strong>Paul(Paulluxx)</strong> won the battle!<br></div></div><div class="inner-preempt message-log"></div></div></div>
</div>
<script>
let daily = Math.floor(Date.now()/1000/60/60/24);document.write('<script src="https://dragonheaven.herokuapp.com/js/replay-embed.js?version'+daily+'"></'+'script>');
</script>
