<!DOCTYPE html>
<meta charset="utf-8" />
<!-- version 1 -->
<title>[Gen 8] Megas for All replay: Mossy Sandwich vs. CCMegaFlareon</title>
<style>
html,body {font-family:Verdana, sans-serif;font-size:10pt;margin:0;padding:0;}body{padding:12px 0;} .battle-log {font-family:Verdana, sans-serif;font-size:10pt;} .battle-log-inline {border:1px solid #AAAAAA;background:#EEF2F5;color:black;max-width:640px;margin:0 auto 80px;padding-bottom:5px;} .battle-log .inner {padding:4px 8px 0px 8px;} .battle-log .inner-preempt {padding:0 8px 4px 8px;} .battle-log .inner-after {margin-top:0.5em;} .battle-log h2 {margin:0.5em -8px;padding:4px 8px;border:1px solid #AAAAAA;background:#E0E7EA;border-left:0;border-right:0;font-family:Verdana, sans-serif;font-size:13pt;} .battle-log .chat {vertical-align:middle;padding:3px 0 3px 0;font-size:8pt;} .battle-log .chat strong {color:#40576A;} .battle-log .chat em {padding:1px 4px 1px 3px;color:#000000;font-style:normal;} .chat.mine {background:rgba(0,0,0,0.05);margin-left:-8px;margin-right:-8px;padding-left:8px;padding-right:8px;} .spoiler {color:#BBBBBB;background:#BBBBBB;padding:0px 3px;} .spoiler:hover, .spoiler:active, .spoiler-shown {color:#000000;background:#E2E2E2;padding:0px 3px;} .spoiler a {color:#BBBBBB;} .spoiler:hover a, .spoiler:active a, .spoiler-shown a {color:#2288CC;} .chat code, .chat .spoiler:hover code, .chat .spoiler:active code, .chat .spoiler-shown code {border:1px solid #C0C0C0;background:#EEEEEE;color:black;padding:0 2px;} .chat .spoiler code {border:1px solid #CCCCCC;background:#CCCCCC;color:#CCCCCC;} .battle-log .rated {padding:3px 4px;} .battle-log .rated strong {color:white;background:#89A;padding:1px 4px;border-radius:4px;} .spacer {margin-top:0.5em;} .message-announce {background:#6688AA;color:white;padding:1px 4px 2px;} .message-announce a, .broadcast-green a, .broadcast-blue a, .broadcast-red a {color:#DDEEFF;} .broadcast-green {background-color:#559955;color:white;padding:2px 4px;} .broadcast-blue {background-color:#6688AA;color:white;padding:2px 4px;} .infobox {border:1px solid #6688AA;padding:2px 4px;} .infobox-limited {max-height:200px;overflow:auto;overflow-x:hidden;} .broadcast-red {background-color:#AA5544;color:white;padding:2px 4px;} .message-learn-canlearn {font-weight:bold;color:#228822;text-decoration:underline;} .message-learn-cannotlearn {font-weight:bold;color:#CC2222;text-decoration:underline;} .message-effect-weak {font-weight:bold;color:#CC2222;} .message-effect-resist {font-weight:bold;color:#6688AA;} .message-effect-immune {font-weight:bold;color:#666666;} .message-learn-list {margin-top:0;margin-bottom:0;} .message-throttle-notice, .message-error {color:#992222;} .message-overflow, .chat small.message-overflow {font-size:0pt;} .message-overflow::before {font-size:9pt;content:'...';} .subtle {color:#3A4A66;}
</style>
<div class="wrapper replay-wrapper" style="max-width:1180px;margin:0 auto">
<input type="hidden" name="replayid" value="dragonheaven-gen8megasforall-1034" />
<div class="battle"></div><div class="battle-log"></div><div class="replay-controls"></div><div class="replay-controls-2"></div>
<h1 style="font-weight:normal;text-align:center"><strong>[Gen 8] Megas for All</strong><br /><a href="http://pokemonshowdown.com/users/mossysandwich" class="subtle" target="_blank">Mossy Sandwich</a> vs. <a href="http://pokemonshowdown.com/users/ccmegaflareon" class="subtle" target="_blank">CCMegaFlareon</a></h1>
<script type="text/plain" class="battle-log-data">|j|☆Mossy Sandwich
|j|☆CCMegaFlareon

|t:|1609622297
|player|p1|Mossy Sandwich|101|
|player|p2|CCMegaFlareon|giovanni|
|teamsize|p1|6
|teamsize|p2|6
|gametype|singles
|gen|8
|tier|[Gen 8] Megas for All
|clearpoke
|poke|p1|Clefable, F|
|poke|p1|Blissey, F|
|poke|p1|Corviknight, M|
|poke|p1|Buzzwole|
|poke|p1|Tapu Lele|
|poke|p1|Landorus-Therian, M|
|poke|p2|Slowbro, M|
|poke|p2|Blissey, F|
|poke|p2|Nidoking, M|
|poke|p2|Landorus-Therian, M|
|poke|p2|Clefable, F|
|poke|p2|Alakazam, F|
|rule|HP Percentage Mod: HP is shown in percentages
|rule|Endless Battle Clause: Forcing endless battles is banned
|rule|OHKO Clause: OHKO moves are banned
|rule|Evasion Moves Clause: Evasion moves are banned
|rule|Species Clause: Limit one of each Pokémon
|rule|Dynamax Clause: You cannot dynamax
|rule|Sleep Clause Mod: Limit one foe put to sleep
|rule|Freeze Clause Mod: Limit one foe frozen
|teampreview
|c|☆Mossy Sandwich|gl hf!
|
|t:|1609622315
|start
|switch|p1a: Corviknight|Corviknight, M|100\/100
|switch|p2a: Clefable|Clefable, F|394\/394
|-ability|p1a: Corviknight|Pressure
|turn|1
|
|t:|1609622332
|move|p1a: Corviknight|U-turn|p2a: Clefable
|-resisted|p2a: Clefable
|-damage|p2a: Clefable|373\/394
|c|☆CCMegaFlareon|gl hf
|
|t:|1609622349
|switch|p1a: Blissey|Blissey, F|100\/100|[from]move: U-turn
|move|p2a: Clefable|Knock Off|p1a: Blissey
|-damage|p1a: Blissey|89\/100
|-enditem|p1a: Blissey|Heavy-Duty Boots|[from] move: Knock Off|[of] p2a: Clefable
|
|-heal|p2a: Clefable|394\/394|[from] item: Leftovers
|upkeep
|turn|2
|
|t:|1609622359
|move|p2a: Clefable|Stealth Rock|p1a: Blissey
|-sidestart|p1: Mossy Sandwich|move: Stealth Rock
|move|p1a: Blissey|Stealth Rock|p2a: Clefable
|-sidestart|p2: CCMegaFlareon|move: Stealth Rock
|
|upkeep
|turn|3
|
|t:|1609622373
|switch|p2a: Landorus|Landorus-Therian, M|319\/319
|-damage|p2a: Landorus|280\/319|[from] Stealth Rock
|-ability|p2a: Landorus|Intimidate|boost
|-unboost|p1a: Blissey|atk|1
|switch|p1a: Clefable|Clefable, F|100\/100
|
|upkeep
|turn|4
|j| inkbug1
|j| piikiki4
|
|t:|1609622386
|detailschange|p1a: Clefable|Clefable-Mega, F
|-mega|p1a: Clefable|Clefable|Clefabite
|-start|p1a: Clefable|typechange|Fairy\/Ghost|[silent]
|raw|<ul class="utilichart"><li class="result"><span class="col pokemonnamecol" style="white-space: nowrap">Clefable-Mega<\/span> <span class="col typecol"><img src="https:\/\/play.pokemonshowdown.com\/sprites\/types\/Fairy.png" alt="Fairy" height="14" width="32"><img src="https:\/\/play.pokemonshowdown.com\/sprites\/types\/Ghost.png" alt="Ghost" height="14" width="32"><\/span> <span style="float: left ; min-height: 26px"><span class="col abilitycol">Prankster<\/span><span class="col abilitycol"><\/span><\/span><span style="float: left ; min-height: 26px"><span class="col statcol"><em>HP<\/em><br>95<\/span> <span class="col statcol"><em>Atk<\/em><br>80<\/span> <span class="col statcol"><em>Def<\/em><br>83<\/span> <span class="col statcol"><em>SpA<\/em><br>125<\/span> <span class="col statcol"><em>SpD<\/em><br>90<\/span> <span class="col statcol"><em>Spe<\/em><br>110<\/span> <\/span><\/li><li style="clear: both"><\/li><\/ul>
|move|p1a: Clefable|Will-O-Wisp|p2a: Landorus
|-status|p2a: Landorus|brn
|move|p2a: Landorus|Swords Dance|p2a: Landorus
|-boost|p2a: Landorus|atk|2
|
|-damage|p2a: Landorus|261\/319 brn|[from] brn
|upkeep
|turn|5
|
|t:|1609622403
|move|p2a: Landorus|Swords Dance|p2a: Landorus
|-boost|p2a: Landorus|atk|2
|move|p1a: Clefable|Hex|p2a: Landorus
|-damage|p2a: Landorus|0 fnt
|faint|p2a: Landorus
|
|upkeep
|
|t:|1609622421
|switch|p2a: Blissey|Blissey, F|714\/714
|turn|6
|
|t:|1609622433
|switch|p1a: Landorus|Landorus-Therian, M|100\/100
|-damage|p1a: Landorus|88\/100|[from] Stealth Rock
|-ability|p1a: Landorus|Intimidate|boost
|-unboost|p2a: Blissey|atk|1
|move|p2a: Blissey|Thunder Wave|p1a: Landorus
|-immune|p1a: Landorus
|
|upkeep
|turn|7
|
|t:|1609622443
|switch|p2a: Slowbro|Slowbro, M|394\/394
|move|p1a: Landorus|Swords Dance|p1a: Landorus
|-boost|p1a: Landorus|atk|2
|
|upkeep
|turn|8
|
|t:|1609622449
|move|p1a: Landorus|Earthquake|p2a: Slowbro
|-damage|p2a: Slowbro|108\/394
|move|p2a: Slowbro|Scald|p1a: Landorus
|-supereffective|p1a: Landorus
|-damage|p1a: Landorus|18\/100
|-status|p1a: Landorus|brn
|
|-damage|p1a: Landorus|12\/100 brn|[from] brn
|upkeep
|turn|9
|
|t:|1609622464
|switch|p2a: Clefable|Clefable, F|394\/394
|move|p1a: Landorus|Earthquake|p2a: Clefable
|-damage|p2a: Clefable|222\/394
|
|-heal|p2a: Clefable|246\/394|[from] item: Leftovers
|-damage|p1a: Landorus|6\/100 brn|[from] brn
|upkeep
|turn|10
|
|t:|1609622480
|-zpower|p1a: Landorus
|move|p1a: Landorus|Continental Crush|p2a: Clefable|[zeffect]
|-damage|p2a: Clefable|8\/394
|move|p2a: Clefable|Soft-Boiled|p2a: Clefable
|-heal|p2a: Clefable|205\/394
|
|-heal|p2a: Clefable|229\/394|[from] item: Leftovers
|-damage|p1a: Landorus|0 fnt|[from] brn
|faint|p1a: Landorus
|upkeep
|
|t:|1609622484
|switch|p1a: Tapu Lele|Tapu Lele|100\/100
|-damage|p1a: Tapu Lele|88\/100|[from] Stealth Rock
|-fieldstart|move: Psychic Terrain|[from] ability: Psychic Surge|[of] p1a: Tapu Lele
|turn|11
|
|t:|1609622496
|switch|p2a: Blissey|Blissey, F|714\/714
|move|p1a: Tapu Lele|Psyshock|p2a: Blissey
|-damage|p2a: Blissey|252\/714
|
|upkeep
|turn|12
|
|t:|1609622510
|move|p1a: Tapu Lele|Psyshock|p2a: Blissey
|-damage|p2a: Blissey|0 fnt
|faint|p2a: Blissey
|
|upkeep
|j| BlaueBrause
|
|t:|1609622546
|switch|p2a: Nidoking|Nidoking, M|303\/303
|-damage|p2a: Nidoking|285\/303|[from] Stealth Rock
|turn|13
|
|t:|1609622568
|switch|p1a: Corviknight|Corviknight, M|100\/100
|-damage|p1a: Corviknight|88\/100|[from] Stealth Rock
|-ability|p1a: Corviknight|Pressure
|detailschange|p2a: Nidoking|Nidoking-Mega, M
|-mega|p2a: Nidoking|Nidoking|Nidokinite
|-start|p2a: Nidoking|typechange|Poison\/Ground|[silent]
|raw|<ul class="utilichart"><li class="result"><span class="col pokemonnamecol" style="white-space: nowrap">Nidoking-Mega<\/span> <span class="col typecol"><img src="https:\/\/play.pokemonshowdown.com\/sprites\/types\/Poison.png" alt="Poison" height="14" width="32"><img src="https:\/\/play.pokemonshowdown.com\/sprites\/types\/Ground.png" alt="Ground" height="14" width="32"><\/span> <span style="float: left ; min-height: 26px"><span class="col abilitycol">Moxie<\/span><span class="col abilitycol"><\/span><\/span><span style="float: left ; min-height: 26px"><span class="col statcol"><em>HP<\/em><br>81<\/span> <span class="col statcol"><em>Atk<\/em><br>142<\/span> <span class="col statcol"><em>Def<\/em><br>107<\/span> <span class="col statcol"><em>SpA<\/em><br>85<\/span> <span class="col statcol"><em>SpD<\/em><br>75<\/span> <span class="col statcol"><em>Spe<\/em><br>115<\/span> <\/span><\/li><li style="clear: both"><\/li><\/ul>
|move|p2a: Nidoking|Poison Jab|p1a: Corviknight
|-immune|p1a: Corviknight
|
|-heal|p1a: Corviknight|94\/100|[from] item: Leftovers
|upkeep
|turn|14
|
|t:|1609622581
|switch|p2a: Slowbro|Slowbro, M|239\/394
|move|p1a: Corviknight|Defog|p2a: Slowbro
|-unboost|p2a: Slowbro|evasion|1
|-sideend|p2: CCMegaFlareon|Stealth Rock|[from] move: Defog|[of] p1a: Corviknight
|-sideend|p1: Mossy Sandwich|Stealth Rock|[from] move: Defog|[of] p1a: Corviknight
|-fieldend|move: Psychic Terrain
|
|-heal|p1a: Corviknight|100\/100|[from] item: Leftovers
|upkeep
|turn|15
|
|t:|1609622590
|move|p1a: Corviknight|U-turn|p2a: Slowbro
|-supereffective|p2a: Slowbro
|-damage|p2a: Slowbro|173\/394
|
|t:|1609622593
|switch|p1a: Clefable|Clefable-Mega, F|100\/100|[from]move: U-turn
|-start|p1a: Clefable|typechange|Fairy\/Ghost|[silent]
|move|p2a: Slowbro|Scald|p1a: Clefable
|-damage|p1a: Clefable|74\/100
|
|upkeep
|turn|16
|
|t:|1609622603
|move|p1a: Clefable|Hex|p2a: Slowbro
|-supereffective|p2a: Slowbro
|-damage|p2a: Slowbro|0 fnt
|faint|p2a: Slowbro
|
|upkeep
|
|t:|1609622611
|switch|p2a: Nidoking|Nidoking-Mega, M|285\/303
|-start|p2a: Nidoking|typechange|Poison\/Ground|[silent]
|turn|17
|
|t:|1609622615
|move|p1a: Clefable|Will-O-Wisp|p2a: Nidoking
|-status|p2a: Nidoking|brn
|move|p2a: Nidoking|Fire Punch|p1a: Clefable
|-damage|p1a: Clefable|61\/100
|
|-damage|p2a: Nidoking|267\/303 brn|[from] brn
|upkeep
|turn|18
|
|t:|1609622623
|move|p1a: Clefable|Soft-Boiled|p1a: Clefable
|-heal|p1a: Clefable|100\/100
|move|p2a: Nidoking|Poison Jab|p1a: Clefable
|-damage|p1a: Clefable|78\/100
|
|-damage|p2a: Nidoking|249\/303 brn|[from] brn
|upkeep
|turn|19
|
|t:|1609622630
|move|p2a: Nidoking|Poison Jab|p1a: Clefable
|-damage|p1a: Clefable|56\/100
|move|p1a: Clefable|Hex|p2a: Nidoking
|-damage|p2a: Nidoking|0 fnt
|faint|p2a: Nidoking
|
|upkeep
|
|t:|1609622639
|switch|p2a: Clefable|Clefable, F|229\/394
|turn|20
|
|t:|1609622644
|move|p1a: Clefable|Will-O-Wisp|p2a: Clefable
|-status|p2a: Clefable|brn
|move|p2a: Clefable|Stealth Rock|p1a: Clefable
|-sidestart|p1: Mossy Sandwich|move: Stealth Rock
|
|-heal|p2a: Clefable|253\/394 brn|[from] item: Leftovers
|upkeep
|turn|21
|
|t:|1609622652
|move|p1a: Clefable|Soft-Boiled|p1a: Clefable
|-heal|p1a: Clefable|100\/100
|move|p2a: Clefable|Knock Off|p1a: Clefable
|-damage|p1a: Clefable|96\/100
|
|-heal|p2a: Clefable|277\/394 brn|[from] item: Leftovers
|upkeep
|turn|22
|
|t:|1609622661
|move|p1a: Clefable|Hex|p2a: Clefable
|-damage|p2a: Clefable|25\/394 brn
|move|p2a: Clefable|Moonblast|p1a: Clefable
|-damage|p1a: Clefable|65\/100
|
|-heal|p2a: Clefable|49\/394 brn|[from] item: Leftovers
|upkeep
|turn|23
|
|t:|1609622668
|move|p1a: Clefable|Soft-Boiled|p1a: Clefable
|-heal|p1a: Clefable|100\/100
|move|p2a: Clefable|Moonblast|p1a: Clefable
|-damage|p1a: Clefable|71\/100
|
|-heal|p2a: Clefable|73\/394 brn|[from] item: Leftovers
|upkeep
|turn|24
|
|t:|1609622676
|move|p1a: Clefable|Hex|p2a: Clefable
|-damage|p2a: Clefable|0 fnt
|faint|p2a: Clefable
|
|upkeep
|
|t:|1609622680
|switch|p2a: Alakazam|Alakazam, F|251\/251
|turn|25
|
|t:|1609622685
|move|p2a: Alakazam|Nasty Plot|p2a: Alakazam
|-boost|p2a: Alakazam|spa|2
|move|p1a: Clefable|Hex|p2a: Alakazam
|-supereffective|p2a: Alakazam
|-damage|p2a: Alakazam|9\/251
|
|upkeep
|turn|26
|
|t:|1609622693
|move|p2a: Alakazam|Psychic|p1a: Clefable
|-damage|p1a: Clefable|0 fnt
|faint|p1a: Clefable
|
|upkeep
|
|t:|1609622695
|switch|p1a: Corviknight|Corviknight, M|100\/100
|-damage|p1a: Corviknight|88\/100|[from] Stealth Rock
|-ability|p1a: Corviknight|Pressure
|turn|27
|
|t:|1609622702
|move|p2a: Alakazam|Focus Blast|p1a: Corviknight|[miss]
|-miss|p2a: Alakazam|p1a: Corviknight
|move|p1a: Corviknight|Brave Bird|p2a: Alakazam
|-damage|p2a: Alakazam|0 fnt
|-damage|p1a: Corviknight|87\/100|[from] Recoil
|faint|p2a: Alakazam
|
|win|Mossy Sandwich
|c|☆Mossy Sandwich|gg
|c|☆CCMegaFlareon|gg</script>
</div>
<div class="battle-log battle-log-inline"><div class="inner"><div class="battle-options"><div style="padding-top: 3px; padding-right: 3px; text-align: right"><button class="icon button" name="openBattleOptions" title="Options">Battle Options</button></div></div><div class="inner message-log"><div class="chat"><small>☆Mossy Sandwich and ☆CCMegaFlareon joined</small></div><div class=""><small>Format:</small> <br><strong>[Gen 8] Megas for All</strong></div><div class=""><small><em>HP Percentage Mod:</em> HP is shown in percentages</small></div><div class=""><small><em>Endless Battle Clause:</em> Forcing endless battles is banned</small></div><div class=""><small><em>OHKO Clause:</em> OHKO moves are banned</small></div><div class=""><small><em>Evasion Moves Clause:</em> Evasion moves are banned</small></div><div class=""><small><em>Species Clause:</em> Limit one of each Pokémon</small></div><div class=""><small><em>Dynamax Clause:</em> You cannot dynamax</small></div><div class=""><small><em>Sleep Clause Mod:</em> Limit one foe put to sleep</small></div><div class=""><small><em>Freeze Clause Mod:</em> Limit one foe frozen</small></div><div class="chat battle-history"><strong>Mossy Sandwich's team:</strong> <em style="color:#445566;display:block;">Clefable / Blissey / Corviknight / Buzzwole / Tapu Lele / Landorus-Therian</em></div><div class="chat battle-history"><strong>CCMegaFlareon's team:</strong> <em style="color:#445566;display:block;">Slowbro / Blissey / Nidoking / Landorus-Therian / Clefable / Alakazam</em></div><div class="chat chatmessage-mossysandwich"><strong style="color:#ba49a2"><small>☆</small><span class="username" data-name="Mossy Sandwich">Mossy Sandwich</span>:</strong> <em>gl hf!</em></div><div class="spacer battle-history"><br></div><div class="battle-history">Battle started between Mossy Sandwich and CCMegaFlareon!<br></div><div class="spacer battle-history"><br></div><div class="battle-history">Mossy Sandwich sent out <strong>Corviknight</strong>!<br></div><div class="spacer battle-history"><br></div><div class="battle-history">Go! <strong>Clefable</strong>!<br></div><div class="battle-history">[The opposing Corviknight's Pressure]<br><small>The opposing Corviknight is exerting its pressure!</small><br></div><div class="spacer battle-history"><br></div><h2 class="battle-history">Turn 1</h2><div class="spacer battle-history"><br></div><div class="battle-history">The opposing Corviknight used <strong>U-turn</strong>!<br></div><div class="battle-history"><small>It's not very effective...</small><br></div><div class="battle-history"><small>(Clefable lost <abbr title="−21/394">5.3%</abbr> of its health!)</small><br></div><div class="chat chatmessage-ccmegaflareon mine"><strong style="color:#ac36b5"><small>☆</small><span class="username" data-name="CCMegaFlareon">CCMegaFlareon</span>:</strong> <em>gl hf</em></div><div class="spacer battle-history"><br></div><div class="battle-history">The opposing Corviknight went back to Mossy Sandwich!<br></div><div class="battle-history">Mossy Sandwich sent out <strong>Blissey</strong>!<br></div><div class="spacer battle-history"><br></div><div class="battle-history">Clefable used <strong>Knock Off</strong>!<br></div><div class="battle-history"><small>(The opposing Blissey lost 11% of its health!)</small><br></div><div class="battle-history"><small>Clefable knocked off the opposing Blissey's Heavy-Duty Boots!</small><br></div><div class="spacer battle-history"><br></div><div class="battle-history"><small>Clefable restored a little HP using its Leftovers!</small><br></div><div class="spacer battle-history"><br></div><h2 class="battle-history">Turn 2</h2><div class="spacer battle-history"><br></div><div class="battle-history">Clefable used <strong>Stealth Rock</strong>!<br></div><div class="battle-history"><small>Pointed stones float in the air around the opposing team!</small><br></div><div class="spacer battle-history"><br></div><div class="battle-history">The opposing Blissey used <strong>Stealth Rock</strong>!<br></div><div class="battle-history"><small>Pointed stones float in the air around your team!</small><br></div><div class="spacer battle-history"><br></div><h2 class="battle-history">Turn 3</h2><div class="spacer battle-history"><br></div><div class="battle-history">Clefable, come back!<br></div><div class="battle-history">Go! Landorus (<strong>Landorus-Therian</strong>)!<br></div><div class="battle-history"><small>Pointed stones dug into Landorus!</small><br></div><div class="battle-history">[Landorus's Intimidate]<br></div><div class="battle-history"><small>The opposing Blissey's Attack fell!</small><br></div><div class="spacer battle-history"><br></div><div class="battle-history">Mossy Sandwich withdrew Blissey!<br></div><div class="battle-history">Mossy Sandwich sent out <strong>Clefable</strong>!<br></div><div class="spacer battle-history"><br></div><h2 class="battle-history">Turn 4</h2><div class="chat"><small> inkbug1 and  piikiki4 joined</small></div><div class="spacer battle-history"><br></div><div class="battle-history"><small>The opposing Clefable's Clefabite is reacting to the Key Stone!</small><br>The opposing Clefable has Mega Evolved into Mega Clefable!<br></div><div class="chat"><ul class="utilichart"><li class="result"><span class="col pokemonnamecol" style="white-space: nowrap">Clefable-Mega</span> <span class="col typecol"><img src="https://play.pokemonshowdown.com/sprites/types/Fairy.png" alt="Fairy" height="14" width="32"><img src="https://play.pokemonshowdown.com/sprites/types/Ghost.png" alt="Ghost" height="14" width="32"></span> <span style="float: left ; min-height: 26px"><span class="col abilitycol">Prankster</span><span class="col abilitycol"></span></span><span style="float: left ; min-height: 26px"><span class="col statcol"><em>HP</em><br>95</span> <span class="col statcol"><em>Atk</em><br>80</span> <span class="col statcol"><em>Def</em><br>83</span> <span class="col statcol"><em>SpA</em><br>125</span> <span class="col statcol"><em>SpD</em><br>90</span> <span class="col statcol"><em>Spe</em><br>110</span> </span></li><li style="clear: both"></li></ul></div><div class="spacer battle-history"><br></div><div class="battle-history">The opposing Clefable used <strong>Will-O-Wisp</strong>!<br></div><div class="battle-history"><small>Landorus was burned!</small><br></div><div class="spacer battle-history"><br></div><div class="battle-history">Landorus used <strong>Swords Dance</strong>!<br></div><div class="battle-history"><small>Landorus's Attack rose sharply!</small><br></div><div class="spacer battle-history"><br></div><div class="battle-history"><small>Landorus was hurt by its burn!</small><br></div><div class="spacer battle-history"><br></div><h2 class="battle-history">Turn 5</h2><div class="spacer battle-history"><br></div><div class="battle-history">Landorus used <strong>Swords Dance</strong>!<br></div><div class="battle-history"><small>Landorus's Attack rose sharply!</small><br></div><div class="spacer battle-history"><br></div><div class="battle-history">The opposing Clefable used <strong>Hex</strong>!<br></div><div class="battle-history"><small>(Landorus lost <abbr title="−261/319">81.8%</abbr> of its health!)</small><br></div><div class="spacer battle-history"><br></div><div class="battle-history">Landorus fainted!<br></div><div class="spacer battle-history"><br></div><div class="battle-history">Go! <strong>Blissey</strong>!<br></div><div class="spacer battle-history"><br></div><h2 class="battle-history">Turn 6</h2><div class="spacer battle-history"><br></div><div class="battle-history">Mossy Sandwich withdrew Clefable!<br></div><div class="battle-history">Mossy Sandwich sent out Landorus (<strong>Landorus-Therian</strong>)!<br></div><div class="battle-history"><small>Pointed stones dug into the opposing Landorus!</small><br></div><div class="battle-history">[The opposing Landorus's Intimidate]<br></div><div class="battle-history"><small>Blissey's Attack fell!</small><br></div><div class="spacer battle-history"><br></div><div class="battle-history">Blissey used <strong>Thunder Wave</strong>!<br></div><div class="battle-history"><small>It doesn't affect the opposing Landorus...</small><br></div><div class="spacer battle-history"><br></div><h2 class="battle-history">Turn 7</h2><div class="spacer battle-history"><br></div><div class="battle-history">Blissey, come back!<br></div><div class="battle-history">Go! <strong>Slowbro</strong>!<br></div><div class="spacer battle-history"><br></div><div class="battle-history">The opposing Landorus used <strong>Swords Dance</strong>!<br></div><div class="battle-history"><small>The opposing Landorus's Attack rose sharply!</small><br></div><div class="spacer battle-history"><br></div><h2 class="battle-history">Turn 8</h2><div class="spacer battle-history"><br></div><div class="battle-history">The opposing Landorus used <strong>Earthquake</strong>!<br></div><div class="battle-history"><small>(Slowbro lost <abbr title="−286/394">72.6%</abbr> of its health!)</small><br></div><div class="spacer battle-history"><br></div><div class="battle-history">Slowbro used <strong>Scald</strong>!<br></div><div class="battle-history"><small>It's super effective!</small><br></div><div class="battle-history"><small>(The opposing Landorus lost 70% of its health!)</small><br></div><div class="battle-history"><small>The opposing Landorus was burned!</small><br></div><div class="spacer battle-history"><br></div><div class="battle-history"><small>The opposing Landorus was hurt by its burn!</small><br></div><div class="spacer battle-history"><br></div><h2 class="battle-history">Turn 9</h2><div class="spacer battle-history"><br></div><div class="battle-history">Slowbro, come back!<br></div><div class="battle-history">Go! <strong>Clefable</strong>!<br></div><div class="spacer battle-history"><br></div><div class="battle-history">The opposing Landorus used <strong>Earthquake</strong>!<br></div><div class="battle-history"><small>(Clefable lost <abbr title="−172/394">43.7%</abbr> of its health!)</small><br></div><div class="spacer battle-history"><br></div><div class="battle-history"><small>Clefable restored a little HP using its Leftovers!</small><br></div><div class="battle-history"><small>The opposing Landorus was hurt by its burn!</small><br></div><div class="spacer battle-history"><br></div><h2 class="battle-history">Turn 10</h2><div class="spacer battle-history"><br></div><div class="battle-history"><small>The opposing Landorus surrounded itself with its Z-Power!</small><br></div><div class="spacer battle-history"><br></div><div class="battle-history"><small>The opposing Landorus unleashes its full-force Z-Move!</small><br>The opposing Landorus used <strong>Continental Crush</strong>!<br></div><div class="battle-history"><small>(Clefable lost <abbr title="−238/394">60.4%</abbr> of its health!)</small><br></div><div class="spacer battle-history"><br></div><div class="battle-history">Clefable used <strong>Soft-Boiled</strong>!<br></div><div class="battle-history"><small>Clefable had its HP restored.</small><br></div><div class="spacer battle-history"><br></div><div class="battle-history"><small>Clefable restored a little HP using its Leftovers!</small><br></div><div class="battle-history"><small>The opposing Landorus was hurt by its burn!</small><br></div><div class="spacer battle-history"><br></div><div class="battle-history">The opposing Landorus fainted!<br></div><div class="spacer battle-history"><br></div><div class="battle-history">Mossy Sandwich sent out <strong>Tapu Lele</strong>!<br></div><div class="battle-history"><small>Pointed stones dug into the opposing Tapu Lele!</small><br></div><div class="battle-history">[The opposing Tapu Lele's Psychic Surge]<br><small>The battlefield got weird!</small><br></div><div class="spacer battle-history"><br></div><h2 class="battle-history">Turn 11</h2><div class="spacer battle-history"><br></div><div class="battle-history">Clefable, come back!<br></div><div class="battle-history">Go! <strong>Blissey</strong>!<br></div><div class="spacer battle-history"><br></div><div class="battle-history">The opposing Tapu Lele used <strong>Psyshock</strong>!<br></div><div class="battle-history"><small>(Blissey lost <abbr title="−462/714">64.7%</abbr> of its health!)</small><br></div><div class="spacer battle-history"><br></div><h2 class="battle-history">Turn 12</h2><div class="spacer battle-history"><br></div><div class="battle-history">The opposing Tapu Lele used <strong>Psyshock</strong>!<br></div><div class="battle-history"><small>(Blissey lost <abbr title="−252/714">35.3%</abbr> of its health!)</small><br></div><div class="spacer battle-history"><br></div><div class="battle-history">Blissey fainted!<br></div><div class="chat"><small> BlaueBrause joined</small></div><div class="spacer battle-history"><br></div><div class="battle-history">Go! <strong>Nidoking</strong>!<br></div><div class="battle-history"><small>Pointed stones dug into Nidoking!</small><br></div><div class="spacer battle-history"><br></div><h2 class="battle-history">Turn 13</h2><div class="spacer battle-history"><br></div><div class="battle-history">Mossy Sandwich withdrew Tapu Lele!<br></div><div class="battle-history">Mossy Sandwich sent out <strong>Corviknight</strong>!<br></div><div class="battle-history"><small>Pointed stones dug into the opposing Corviknight!</small><br></div><div class="battle-history">[The opposing Corviknight's Pressure]<br><small>The opposing Corviknight is exerting its pressure!</small><br></div><div class="spacer battle-history"><br></div><div class="battle-history"><small>Nidoking's Nidokinite is reacting to the Key Stone!</small><br>Nidoking has Mega Evolved into Mega Nidoking!<br></div><div class="chat"><ul class="utilichart"><li class="result"><span class="col pokemonnamecol" style="white-space: nowrap">Nidoking-Mega</span> <span class="col typecol"><img src="https://play.pokemonshowdown.com/sprites/types/Poison.png" alt="Poison" height="14" width="32"><img src="https://play.pokemonshowdown.com/sprites/types/Ground.png" alt="Ground" height="14" width="32"></span> <span style="float: left ; min-height: 26px"><span class="col abilitycol">Moxie</span><span class="col abilitycol"></span></span><span style="float: left ; min-height: 26px"><span class="col statcol"><em>HP</em><br>81</span> <span class="col statcol"><em>Atk</em><br>142</span> <span class="col statcol"><em>Def</em><br>107</span> <span class="col statcol"><em>SpA</em><br>85</span> <span class="col statcol"><em>SpD</em><br>75</span> <span class="col statcol"><em>Spe</em><br>115</span> </span></li><li style="clear: both"></li></ul></div><div class="spacer battle-history"><br></div><div class="battle-history">Nidoking used <strong>Poison Jab</strong>!<br></div><div class="battle-history"><small>It doesn't affect the opposing Corviknight...</small><br></div><div class="spacer battle-history"><br></div><div class="battle-history"><small>The opposing Corviknight restored a little HP using its Leftovers!</small><br></div><div class="spacer battle-history"><br></div><h2 class="battle-history">Turn 14</h2><div class="spacer battle-history"><br></div><div class="battle-history">Nidoking, come back!<br></div><div class="battle-history">Go! <strong>Slowbro</strong>!<br></div><div class="spacer battle-history"><br></div><div class="battle-history">The opposing Corviknight used <strong>Defog</strong>!<br></div><div class="battle-history"><small>Slowbro's evasiveness fell!</small><br></div><div class="battle-history"><small>The pointed stones disappeared from around your team!</small><br></div><div class="battle-history"><small>The pointed stones disappeared from around the opposing team!</small><br></div><div class="battle-history"><small>The weirdness disappeared from the battlefield!</small><br></div><div class="spacer battle-history"><br></div><div class="battle-history"><small>The opposing Corviknight restored a little HP using its Leftovers!</small><br></div><div class="spacer battle-history"><br></div><h2 class="battle-history">Turn 15</h2><div class="spacer battle-history"><br></div><div class="battle-history">The opposing Corviknight used <strong>U-turn</strong>!<br></div><div class="battle-history"><small>It's super effective!</small><br></div><div class="battle-history"><small>(Slowbro lost <abbr title="−66/394">16.8%</abbr> of its health!)</small><br></div><div class="spacer battle-history"><br></div><div class="battle-history">The opposing Corviknight went back to Mossy Sandwich!<br></div><div class="battle-history">Mossy Sandwich sent out Clefable (<strong>Clefable-Mega</strong>)!<br></div><div class="spacer battle-history"><br></div><div class="battle-history">Slowbro used <strong>Scald</strong>!<br></div><div class="battle-history"><small>(The opposing Clefable lost 26% of its health!)</small><br></div><div class="spacer battle-history"><br></div><h2 class="battle-history">Turn 16</h2><div class="spacer battle-history"><br></div><div class="battle-history">The opposing Clefable used <strong>Hex</strong>!<br></div><div class="battle-history"><small>It's super effective!</small><br></div><div class="battle-history"><small>(Slowbro lost <abbr title="−173/394">43.9%</abbr> of its health!)</small><br></div><div class="spacer battle-history"><br></div><div class="battle-history">Slowbro fainted!<br></div><div class="spacer battle-history"><br></div><div class="battle-history">Go! Nidoking (<strong>Nidoking-Mega</strong>)!<br></div><div class="spacer battle-history"><br></div><h2 class="battle-history">Turn 17</h2><div class="spacer battle-history"><br></div><div class="battle-history">The opposing Clefable used <strong>Will-O-Wisp</strong>!<br></div><div class="battle-history"><small>Nidoking was burned!</small><br></div><div class="spacer battle-history"><br></div><div class="battle-history">Nidoking used <strong>Fire Punch</strong>!<br></div><div class="battle-history"><small>(The opposing Clefable lost 13% of its health!)</small><br></div><div class="spacer battle-history"><br></div><div class="battle-history"><small>Nidoking was hurt by its burn!</small><br></div><div class="spacer battle-history"><br></div><h2 class="battle-history">Turn 18</h2><div class="spacer battle-history"><br></div><div class="battle-history">The opposing Clefable used <strong>Soft-Boiled</strong>!<br></div><div class="battle-history"><small>The opposing Clefable had its HP restored.</small><br></div><div class="spacer battle-history"><br></div><div class="battle-history">Nidoking used <strong>Poison Jab</strong>!<br></div><div class="battle-history"><small>(The opposing Clefable lost 22% of its health!)</small><br></div><div class="spacer battle-history"><br></div><div class="battle-history"><small>Nidoking was hurt by its burn!</small><br></div><div class="spacer battle-history"><br></div><h2 class="battle-history">Turn 19</h2><div class="spacer battle-history"><br></div><div class="battle-history">Nidoking used <strong>Poison Jab</strong>!<br></div><div class="battle-history"><small>(The opposing Clefable lost 22% of its health!)</small><br></div><div class="spacer battle-history"><br></div><div class="battle-history">The opposing Clefable used <strong>Hex</strong>!<br></div><div class="battle-history"><small>(Nidoking lost <abbr title="−249/303">82.2%</abbr> of its health!)</small><br></div><div class="spacer battle-history"><br></div><div class="battle-history">Nidoking fainted!<br></div><div class="spacer battle-history"><br></div><div class="battle-history">Go! <strong>Clefable</strong>!<br></div><div class="spacer battle-history"><br></div><h2 class="battle-history">Turn 20</h2><div class="spacer battle-history"><br></div><div class="battle-history">The opposing Clefable used <strong>Will-O-Wisp</strong>!<br></div><div class="battle-history"><small>Clefable was burned!</small><br></div><div class="spacer battle-history"><br></div><div class="battle-history">Clefable used <strong>Stealth Rock</strong>!<br></div><div class="battle-history"><small>Pointed stones float in the air around the opposing team!</small><br></div><div class="spacer battle-history"><br></div><div class="battle-history"><small>Clefable restored a little HP using its Leftovers!</small><br></div><div class="spacer battle-history"><br></div><h2 class="battle-history">Turn 21</h2><div class="spacer battle-history"><br></div><div class="battle-history">The opposing Clefable used <strong>Soft-Boiled</strong>!<br></div><div class="battle-history"><small>The opposing Clefable had its HP restored.</small><br></div><div class="spacer battle-history"><br></div><div class="battle-history">Clefable used <strong>Knock Off</strong>!<br></div><div class="battle-history"><small>(The opposing Clefable lost 4% of its health!)</small><br></div><div class="spacer battle-history"><br></div><div class="battle-history"><small>Clefable restored a little HP using its Leftovers!</small><br></div><div class="spacer battle-history"><br></div><h2 class="battle-history">Turn 22</h2><div class="spacer battle-history"><br></div><div class="battle-history">The opposing Clefable used <strong>Hex</strong>!<br></div><div class="battle-history"><small>(Clefable lost <abbr title="−252/394">64.0%</abbr> of its health!)</small><br></div><div class="spacer battle-history"><br></div><div class="battle-history">Clefable used <strong>Moonblast</strong>!<br></div><div class="battle-history"><small>(The opposing Clefable lost 31% of its health!)</small><br></div><div class="spacer battle-history"><br></div><div class="battle-history"><small>Clefable restored a little HP using its Leftovers!</small><br></div><div class="spacer battle-history"><br></div><h2 class="battle-history">Turn 23</h2><div class="spacer battle-history"><br></div><div class="battle-history">The opposing Clefable used <strong>Soft-Boiled</strong>!<br></div><div class="battle-history"><small>The opposing Clefable had its HP restored.</small><br></div><div class="spacer battle-history"><br></div><div class="battle-history">Clefable used <strong>Moonblast</strong>!<br></div><div class="battle-history"><small>(The opposing Clefable lost 29% of its health!)</small><br></div><div class="spacer battle-history"><br></div><div class="battle-history"><small>Clefable restored a little HP using its Leftovers!</small><br></div><div class="spacer battle-history"><br></div><h2 class="battle-history">Turn 24</h2><div class="spacer battle-history"><br></div><div class="battle-history">The opposing Clefable used <strong>Hex</strong>!<br></div><div class="battle-history"><small>(Clefable lost <abbr title="−73/394">18.5%</abbr> of its health!)</small><br></div><div class="spacer battle-history"><br></div><div class="battle-history">Clefable fainted!<br></div><div class="spacer battle-history"><br></div><div class="battle-history">Go! <strong>Alakazam</strong>!<br></div><div class="spacer battle-history"><br></div><h2 class="battle-history">Turn 25</h2><div class="spacer battle-history"><br></div><div class="battle-history">Alakazam used <strong>Nasty Plot</strong>!<br></div><div class="battle-history"><small>Alakazam's Sp. Atk rose sharply!</small><br></div><div class="spacer battle-history"><br></div><div class="battle-history">The opposing Clefable used <strong>Hex</strong>!<br></div><div class="battle-history"><small>It's super effective!</small><br></div><div class="battle-history"><small>(Alakazam lost <abbr title="−242/251">96.4%</abbr> of its health!)</small><br></div><div class="spacer battle-history"><br></div><h2 class="battle-history">Turn 26</h2><div class="spacer battle-history"><br></div><div class="battle-history">Alakazam used <strong>Psychic</strong>!<br></div><div class="battle-history"><small>(The opposing Clefable lost 71% of its health!)</small><br></div><div class="spacer battle-history"><br></div><div class="battle-history">The opposing Clefable fainted!<br></div><div class="spacer battle-history"><br></div><div class="battle-history">Mossy Sandwich sent out <strong>Corviknight</strong>!<br></div><div class="battle-history"><small>Pointed stones dug into the opposing Corviknight!</small><br></div><div class="battle-history">[The opposing Corviknight's Pressure]<br><small>The opposing Corviknight is exerting its pressure!</small><br></div><div class="spacer battle-history"><br></div><h2 class="battle-history">Turn 27</h2><div class="spacer battle-history"><br></div><div class="battle-history">Alakazam used <strong>Focus Blast</strong>!<br></div><div class="battle-history"><small>The opposing Corviknight avoided the attack!</small><br></div><div class="spacer battle-history"><br></div><div class="battle-history">The opposing Corviknight used <strong>Brave Bird</strong>!<br></div><div class="battle-history"><small>(Alakazam lost <abbr title="−9/251">3.6%</abbr> of its health!)</small><br></div><div class="battle-history"><small>The opposing Corviknight was damaged by the recoil!</small><br></div><div class="spacer battle-history"><br></div><div class="battle-history">Alakazam fainted!<br></div><div class="spacer battle-history"><br></div><div class="battle-history"><strong>Mossy Sandwich</strong> won the battle!<br></div><div class="chat chatmessage-mossysandwich"><strong style="color:#ba49a2"><small>☆</small><span class="username" data-name="Mossy Sandwich">Mossy Sandwich</span>:</strong> <em>gg</em></div><div class="chat chatmessage-ccmegaflareon mine"><strong style="color:#ac36b5"><small>☆</small><span class="username" data-name="CCMegaFlareon">CCMegaFlareon</span>:</strong> <em>gg</em></div></div><div class="inner-preempt message-log"></div></div></div>
</div>
<script>
let daily = Math.floor(Date.now()/1000/60/60/24);document.write('<script src="https://play.pokemonshowdown.com/js/replay-embed.js?version'+daily+'"></'+'script>');
</script>
