<!DOCTYPE html>
<meta charset="utf-8" />
<!-- version 1 -->
<title>[Gen 8] M4A Monotype replay: Regic Boat vs. Bekama</title>
<style>
html,body {font-family:Verdana, sans-serif;font-size:10pt;margin:0;padding:0;}body{padding:12px 0;} .battle-log {font-family:Verdana, sans-serif;font-size:10pt;} .battle-log-inline {border:1px solid #AAAAAA;background:#EEF2F5;color:black;max-width:640px;margin:0 auto 80px;padding-bottom:5px;} .battle-log .inner {padding:4px 8px 0px 8px;} .battle-log .inner-preempt {padding:0 8px 4px 8px;} .battle-log .inner-after {margin-top:0.5em;} .battle-log h2 {margin:0.5em -8px;padding:4px 8px;border:1px solid #AAAAAA;background:#E0E7EA;border-left:0;border-right:0;font-family:Verdana, sans-serif;font-size:13pt;} .battle-log .chat {vertical-align:middle;padding:3px 0 3px 0;font-size:8pt;} .battle-log .chat strong {color:#40576A;} .battle-log .chat em {padding:1px 4px 1px 3px;color:#000000;font-style:normal;} .chat.mine {background:rgba(0,0,0,0.05);margin-left:-8px;margin-right:-8px;padding-left:8px;padding-right:8px;} .spoiler {color:#BBBBBB;background:#BBBBBB;padding:0px 3px;} .spoiler:hover, .spoiler:active, .spoiler-shown {color:#000000;background:#E2E2E2;padding:0px 3px;} .spoiler a {color:#BBBBBB;} .spoiler:hover a, .spoiler:active a, .spoiler-shown a {color:#2288CC;} .chat code, .chat .spoiler:hover code, .chat .spoiler:active code, .chat .spoiler-shown code {border:1px solid #C0C0C0;background:#EEEEEE;color:black;padding:0 2px;} .chat .spoiler code {border:1px solid #CCCCCC;background:#CCCCCC;color:#CCCCCC;} .battle-log .rated {padding:3px 4px;} .battle-log .rated strong {color:white;background:#89A;padding:1px 4px;border-radius:4px;} .spacer {margin-top:0.5em;} .message-announce {background:#6688AA;color:white;padding:1px 4px 2px;} .message-announce a, .broadcast-green a, .broadcast-blue a, .broadcast-red a {color:#DDEEFF;} .broadcast-green {background-color:#559955;color:white;padding:2px 4px;} .broadcast-blue {background-color:#6688AA;color:white;padding:2px 4px;} .infobox {border:1px solid #6688AA;padding:2px 4px;} .infobox-limited {max-height:200px;overflow:auto;overflow-x:hidden;} .broadcast-red {background-color:#AA5544;color:white;padding:2px 4px;} .message-learn-canlearn {font-weight:bold;color:#228822;text-decoration:underline;} .message-learn-cannotlearn {font-weight:bold;color:#CC2222;text-decoration:underline;} .message-effect-weak {font-weight:bold;color:#CC2222;} .message-effect-resist {font-weight:bold;color:#6688AA;} .message-effect-immune {font-weight:bold;color:#666666;} .message-learn-list {margin-top:0;margin-bottom:0;} .message-throttle-notice, .message-error {color:#992222;} .message-overflow, .chat small.message-overflow {font-size:0pt;} .message-overflow::before {font-size:9pt;content:'...';} .subtle {color:#3A4A66;}
</style>
<div class="wrapper replay-wrapper" style="max-width:1180px;margin:0 auto">
<input type="hidden" name="replayid" value="dragonheaven-gen8m4amonotype-257" />
<div class="battle"></div><div class="battle-log"></div><div class="replay-controls"></div><div class="replay-controls-2"></div>
<h1 style="font-weight:normal;text-align:center"><strong>[Gen 8] M4A Monotype</strong><br /><a href="http://pokemonshowdown.com/users/regicboat" class="subtle" target="_blank">Regic Boat</a> vs. <a href="http://pokemonshowdown.com/users/bekama" class="subtle" target="_blank">Bekama</a></h1>
<script type="text/plain" class="battle-log-data">|j|☆Regic Boat
|j|☆Bekama
|t:|1624221013
|player|p1|Regic Boat|morty-gen2|
|player|p2|Bekama|buck|
|teamsize|p1|6
|teamsize|p2|6
|gametype|singles
|gen|8
|tier|[Gen 8] M4A Monotype
|rated|Tournament battle
|rule|Same Type Clause: Pokémon in a team must share a type
|clearpoke
|poke|p1|Venusaur, M|
|poke|p1|Amoonguss, M|
|poke|p1|Dhelmise|
|poke|p1|Sawsbuck-Summer, M|
|poke|p1|Virizion|
|poke|p1|Roserade, M|
|poke|p2|Rillaboom, M|
|poke|p2|Gourgeist-*, M|
|poke|p2|Ferrothorn, F|
|poke|p2|Venusaur, M|
|poke|p2|Exeggutor-Alola, M|
|poke|p2|Abomasnow, M|
|rule|HP Percentage Mod: HP is shown in percentages
|rule|Endless Battle Clause: Forcing endless battles is banned
|rule|OHKO Clause: OHKO moves are banned
|rule|Evasion Moves Clause: Evasion moves are banned
|rule|Species Clause: Limit one of each Pokémon
|rule|Dynamax Clause: You cannot dynamax
|rule|Sleep Clause Mod: Limit one foe put to sleep
|rule|Freeze Clause Mod: Limit one foe frozen
|raw|<img src="https:\/\/www.smogon.com\/forums\/attachments\/banner_2-png.302358\/" height="65" width="381">
|-message|Welcome to Megas for All!
|-message|This is a National Dex-based format where we aim to give a new Mega Evolution to every Pokémon.
|-message|Just like any official format, you can still only Mega Evolve one Pokémon per team!
|-message|You can find our thread and metagame resources here:
|-message|https:\/\/www.smogon.com\/forums\/threads\/3671140\/
|teampreview
|j| abismal
|j|#inkbug1

|c|☆Bekama|glhf
|c|☆Regic Boat|glhf
|c| abismal|yeah, had a feeling
|
|t:|1624221029
|start
|switch|p1a: Sawsbuck-Summer-Me|Sawsbuck-Summer, M|100\/100
|switch|p2a: Abomasnow|Abomasnow, M|100\/100
|-weather|Hail|[from] ability: Snow Warning|[of] p2a: Abomasnow
|turn|1
|
|t:|1624221038
|detailschange|p1a: Sawsbuck-Summer-Me|Sawsbuck-Summer-Mega, M
|-mega|p1a: Sawsbuck-Summer-Me|Sawsbuck|Sawsbuckite
|-start|p1a: Sawsbuck-Summer-Me|typechange|Fire\/Grass|[silent]
|raw|<ul class="utilichart"><li class="result"><span class="col pokemonnamecol" style="white-space: nowrap">Sawsbuck-Summer-Mega<\/span> <span class="col typecol"><img src="https:\/\/play.pokemonshowdown.com\/sprites\/types\/Fire.png" alt="Fire" height="14" width="32"><img src="https:\/\/play.pokemonshowdown.com\/sprites\/types\/Grass.png" alt="Grass" height="14" width="32"><\/span> <span style="float: left ; min-height: 26px"><span class="col abilitycol">Summer Days<\/span><span class="col abilitycol"><\/span><\/span><span style="float: left ; min-height: 26px"><span class="col statcol"><em>HP<\/em><br>80<\/span> <span class="col statcol"><em>Atk<\/em><br>100<\/span> <span class="col statcol"><em>Def<\/em><br>70<\/span> <span class="col statcol"><em>SpA<\/em><br>135<\/span> <span class="col statcol"><em>SpD<\/em><br>70<\/span> <span class="col statcol"><em>Spe<\/em><br>120<\/span> <\/span><\/li><li style="clear: both"><\/li><\/ul>
|move|p1a: Sawsbuck-Summer-Me|Flamethrower|p2a: Abomasnow
|-supereffective|p2a: Abomasnow
|-crit|p2a: Abomasnow
|-damage|p2a: Abomasnow|0 fnt
|faint|p2a: Abomasnow
|
|-weather|Hail|[upkeep]
|-damage|p1a: Sawsbuck-Summer-Me|95\/100|[from] Hail
|upkeep
|c|☆Regic Boat|sawsbuck-summer-me
|
|t:|1624221049
|switch|p2a: Exeggutor|Exeggutor-Alola, M|100\/100
|turn|2
|
|t:|1624221053
|switch|p1a: Amoonguss|Amoonguss, M|100\/100
|move|p2a: Exeggutor|Sludge Bomb|p1a: Amoonguss
|-damage|p1a: Amoonguss|78\/100
|
|-weather|Hail|[upkeep]
|-damage|p2a: Exeggutor|94\/100|[from] Hail
|-damage|p1a: Amoonguss|72\/100|[from] Hail
|-heal|p1a: Amoonguss|78\/100|[from] item: Leftovers
|upkeep
|turn|3
|
|t:|1624221058
|move|p2a: Exeggutor|Flamethrower|p1a: Amoonguss
|-supereffective|p1a: Amoonguss
|-damage|p1a: Amoonguss|27\/100
|move|p1a: Amoonguss|Hidden Power|p2a: Exeggutor
|-supereffective|p2a: Exeggutor
|-damage|p2a: Exeggutor|28\/100
|-enditem|p2a: Exeggutor|Sitrus Berry|[eat]
|-heal|p2a: Exeggutor|53\/100|[from] item: Sitrus Berry
|
|-weather|Hail|[upkeep]
|-damage|p2a: Exeggutor|47\/100|[from] Hail
|-damage|p1a: Amoonguss|21\/100|[from] Hail
|-heal|p1a: Amoonguss|27\/100|[from] item: Leftovers
|-item|p2a: Exeggutor|Sitrus Berry|[from] ability: Harvest
|upkeep
|-enditem|p2a: Exeggutor|Sitrus Berry|[eat]
|-heal|p2a: Exeggutor|72\/100|[from] item: Sitrus Berry
|turn|4
|
|t:|1624221077
|move|p2a: Exeggutor|Flamethrower|p1a: Amoonguss
|-supereffective|p1a: Amoonguss
|-damage|p1a: Amoonguss|0 fnt
|faint|p1a: Amoonguss
|
|-weather|Hail|[upkeep]
|-damage|p2a: Exeggutor|66\/100|[from] Hail
|-item|p2a: Exeggutor|Sitrus Berry|[from] ability: Harvest
|upkeep
|
|t:|1624221081
|switch|p1a: Virizion|Virizion|100\/100
|turn|5
|
|t:|1624221087
|move|p1a: Virizion|Hidden Power|p2a: Exeggutor
|-supereffective|p2a: Exeggutor
|-damage|p2a: Exeggutor|0 fnt
|faint|p2a: Exeggutor
|
|-weather|none
|upkeep
|
|t:|1624221090
|switch|p2a: Rillaboom|Rillaboom, M|100\/100
|-fieldstart|move: Grassy Terrain|[from] ability: Grassy Surge|[of] p2a: Rillaboom
|-enditem|p2a: Rillaboom|Grassy Seed
|-boost|p2a: Rillaboom|def|1|[from] item: Grassy Seed
|turn|6
|
|t:|1624221096
|move|p2a: Rillaboom|Fake Out|p1a: Virizion
|-crit|p1a: Virizion
|-damage|p1a: Virizion|71\/100
|cant|p1a: Virizion|flinch
|
|-heal|p1a: Virizion|78\/100|[from] Grassy Terrain
|upkeep
|turn|7
|
|t:|1624221105
|switch|p1a: Dhelmise|Dhelmise|100\/100
|move|p2a: Rillaboom|Acrobatics|p1a: Dhelmise
|-supereffective|p1a: Dhelmise
|-damage|p1a: Dhelmise|8\/100
|
|-heal|p1a: Dhelmise|14\/100|[from] item: Leftovers
|-heal|p1a: Dhelmise|20\/100|[from] Grassy Terrain
|upkeep
|turn|8
|
|t:|1624221112
|move|p2a: Rillaboom|Grassy Glide|p1a: Dhelmise
|-resisted|p1a: Dhelmise
|-damage|p1a: Dhelmise|0 fnt
|faint|p1a: Dhelmise
|
|upkeep
|
|t:|1624221116
|switch|p1a: Virizion|Virizion|78\/100
|turn|9
|
|t:|1624221120
|move|p1a: Virizion|Air Slash|p2a: Rillaboom
|-supereffective|p2a: Rillaboom
|-damage|p2a: Rillaboom|20\/100
|move|p2a: Rillaboom|Acrobatics|p1a: Virizion
|-supereffective|p1a: Virizion
|-damage|p1a: Virizion|0 fnt
|faint|p1a: Virizion
|
|-heal|p2a: Rillaboom|26\/100|[from] Grassy Terrain
|upkeep
|
|t:|1624221123
|switch|p1a: Sawsbuck-Summer-Me|Sawsbuck-Summer-Mega, M|95\/100
|-start|p1a: Sawsbuck-Summer-Me|typechange|Fire\/Grass|[silent]
|turn|10
|
|t:|1624221143
|move|p2a: Rillaboom|Grassy Glide|p1a: Sawsbuck-Summer-Me
|-resisted|p1a: Sawsbuck-Summer-Me
|-damage|p1a: Sawsbuck-Summer-Me|77\/100
|move|p1a: Sawsbuck-Summer-Me|Flamethrower|p2a: Rillaboom
|-supereffective|p2a: Rillaboom
|-damage|p2a: Rillaboom|0 fnt
|faint|p2a: Rillaboom
|
|-heal|p1a: Sawsbuck-Summer-Me|83\/100|[from] Grassy Terrain
|-fieldend|move: Grassy Terrain
|upkeep
|
|t:|1624221159
|switch|p2a: Gourgeist|Gourgeist, M|100\/100
|-item|p1a: Sawsbuck-Summer-Me|Sawsbuckite|[from] ability: Frisk|[of] p2a: Gourgeist|[identify]
|turn|11
|
|t:|1624221169
|switch|p1a: Venusaur|Venusaur, M|100\/100
|detailschange|p2a: Gourgeist|Gourgeist-Mega, M
|-mega|p2a: Gourgeist|Gourgeist|Gourgeite
|-start|p2a: Gourgeist|typechange|Ghost\/Grass|[silent]
|raw|<ul class="utilichart"><li class="result"><span class="col pokemonnamecol" style="white-space: nowrap">Gourgeist-Mega<\/span> <span class="col typecol"><img src="https:\/\/play.pokemonshowdown.com\/sprites\/types\/Ghost.png" alt="Ghost" height="14" width="32"><img src="https:\/\/play.pokemonshowdown.com\/sprites\/types\/Grass.png" alt="Grass" height="14" width="32"><\/span> <span style="float: left ; min-height: 26px"><span class="col abilitycol">Weak Armor<\/span><span class="col abilitycol"><\/span><\/span><span style="float: left ; min-height: 26px"><span class="col statcol"><em>HP<\/em><br>65<\/span> <span class="col statcol"><em>Atk<\/em><br>58<\/span> <span class="col statcol"><em>Def<\/em><br>147<\/span> <span class="col statcol"><em>SpA<\/em><br>145<\/span> <span class="col statcol"><em>SpD<\/em><br>95<\/span> <span class="col statcol"><em>Spe<\/em><br>84<\/span> <\/span><\/li><li style="clear: both"><\/li><\/ul>
|move|p2a: Gourgeist|Strength Sap|p1a: Venusaur
|-unboost|p1a: Venusaur|atk|1
|
|upkeep
|turn|12
|
|t:|1624221174
|move|p1a: Venusaur|Sludge Bomb|p2a: Gourgeist
|-damage|p2a: Gourgeist|39\/100
|-status|p2a: Gourgeist|psn
|move|p2a: Gourgeist|Fire Blast|p1a: Venusaur
|-supereffective|p1a: Venusaur
|-damage|p1a: Venusaur|0 fnt
|faint|p1a: Venusaur
|
|-damage|p2a: Gourgeist|27\/100 psn|[from] psn
|upkeep
|
|t:|1624221181
|switch|p1a: Sawsbuck-Summer-Me|Sawsbuck-Summer-Mega, M|83\/100
|-start|p1a: Sawsbuck-Summer-Me|typechange|Fire\/Grass|[silent]
|turn|13
|
|t:|1624221199
|move|p1a: Sawsbuck-Summer-Me|Flamethrower|p2a: Gourgeist
|-supereffective|p2a: Gourgeist
|-damage|p2a: Gourgeist|0 fnt
|faint|p2a: Gourgeist
|
|upkeep
|
|t:|1624221202
|switch|p2a: Venusaur|Venusaur, M|100\/100
|turn|14
|
|t:|1624221234
|move|p1a: Sawsbuck-Summer-Me|Overheat|p2a: Venusaur
|-supereffective|p2a: Venusaur
|-damage|p2a: Venusaur|0 fnt
|-unboost|p1a: Sawsbuck-Summer-Me|spa|2
|faint|p2a: Venusaur
|
|upkeep
|
|t:|1624221238
|switch|p2a: Ferrothorn|Ferrothorn, F|100\/100
|turn|15
|c|☆Bekama|gg
|c|☆Regic Boat|gg
|
|t:|1624221244
|move|p1a: Sawsbuck-Summer-Me|Overheat|p2a: Ferrothorn
|-supereffective|p2a: Ferrothorn
|-damage|p2a: Ferrothorn|0 fnt
|-unboost|p1a: Sawsbuck-Summer-Me|spa|2
|faint|p2a: Ferrothorn
|
|win|Regic Boat
|l|☆Bekama
|l|☆Regic Boat</script>
</div>
<div class="battle-log battle-log-inline"><div class="inner"><div class="battle-options"><div style="padding-top: 3px; padding-right: 3px; text-align: right"><button class="icon button" name="openBattleOptions" title="Options">Battle Options</button></div></div><div class="inner message-log"><div class="chat"><small>☆Regic Boat and ☆Bekama joined</small></div><div class=""><small>Format:</small> <br><strong>[Gen 8] M4A Monotype</strong></div><div class="rated"><strong>Tournament battle</strong></div><div class=""><small><em>Same Type Clause:</em> Pokémon in a team must share a type</small></div><div class=""><small><em>HP Percentage Mod:</em> HP is shown in percentages</small></div><div class=""><small><em>Endless Battle Clause:</em> Forcing endless battles is banned</small></div><div class=""><small><em>OHKO Clause:</em> OHKO moves are banned</small></div><div class=""><small><em>Evasion Moves Clause:</em> Evasion moves are banned</small></div><div class=""><small><em>Species Clause:</em> Limit one of each Pokémon</small></div><div class=""><small><em>Dynamax Clause:</em> You cannot dynamax</small></div><div class=""><small><em>Sleep Clause Mod:</em> Limit one foe put to sleep</small></div><div class=""><small><em>Freeze Clause Mod:</em> Limit one foe frozen</small></div><div class="chat"><img src="https://www.smogon.com/forums/attachments/banner_2-png.302358/" height="65" width="381"></div><div class="spacer battle-history"><br></div><div class="battle-history"><small>Welcome to Megas for All!</small><br></div><div class="battle-history"><small>This is a National Dex-based format where we aim to give a new Mega Evolution to every Pokémon.</small><br></div><div class="battle-history"><small>Just like any official format, you can still only Mega Evolve one Pokémon per team!</small><br></div><div class="battle-history"><small>You can find our thread and metagame resources here:</small><br></div><div class="battle-history"><small>https://www.smogon.com/forums/threads/3671140/</small><br></div><div class="chat battle-history"><strong>Regic Boat's team:</strong> <em style="color:#445566;display:block;">Venusaur / Amoonguss / Dhelmise / Sawsbuck-Summer / Virizion / Roserade</em></div><div class="chat battle-history"><strong>Bekama's team:</strong> <em style="color:#445566;display:block;">Rillaboom / Gourgeist-* / Ferrothorn / Venusaur / Exeggutor-Alola / Abomasnow</em></div><div class="chat"><small> abismal and #inkbug1 joined</small></div><div class="chat chatmessage-bekama"><strong style="color:#ac8416"><small>☆</small><span class="username" data-name="Bekama">Bekama</span>:</strong> <em>glhf</em></div><div class="chat chatmessage-regicboat"><strong style="color:#7732e7"><small>☆</small><span class="username" data-name="Regic Boat">Regic Boat</span>:</strong> <em>glhf</em></div><div class="chat chatmessage-abismal"><strong style="color:#68a730"><small> </small><span class="username" data-name="abismal">abismal</span>:</strong> <em>yeah, had a feeling</em></div><div class="spacer battle-history"><br></div><div class="battle-history">Battle started between Regic Boat and Bekama!<br></div><div class="spacer battle-history"><br></div><div class="battle-history">Go! Sawsbuck-Summer-Me (<strong>Sawsbuck-Summer</strong>)!<br></div><div class="spacer battle-history"><br></div><div class="battle-history">Bekama sent out <strong>Abomasnow</strong>!<br></div><div class="battle-history">[The opposing Abomasnow's Snow Warning]<br><small>It started to hail!</small><br></div><div class="spacer battle-history"><br></div><h2 class="battle-history">Turn 1</h2><div class="spacer battle-history"><br></div><div class="battle-history"><small>Sawsbuck-Summer-Me's Sawsbuckite is reacting to the Key Stone!</small><br>Sawsbuck-Summer-Me has Mega Evolved into Mega Sawsbuck!<br></div><div class="chat"><ul class="utilichart"><li class="result"><span class="col pokemonnamecol" style="white-space: nowrap">Sawsbuck-Summer-Mega</span> <span class="col typecol"><img src="https://play.pokemonshowdown.com/sprites/types/Fire.png" alt="Fire" height="14" width="32"><img src="https://play.pokemonshowdown.com/sprites/types/Grass.png" alt="Grass" height="14" width="32"></span> <span style="float: left ; min-height: 26px"><span class="col abilitycol">Summer Days</span><span class="col abilitycol"></span></span><span style="float: left ; min-height: 26px"><span class="col statcol"><em>HP</em><br>80</span> <span class="col statcol"><em>Atk</em><br>100</span> <span class="col statcol"><em>Def</em><br>70</span> <span class="col statcol"><em>SpA</em><br>135</span> <span class="col statcol"><em>SpD</em><br>70</span> <span class="col statcol"><em>Spe</em><br>120</span> </span></li><li style="clear: both"></li></ul></div><div class="spacer battle-history"><br></div><div class="battle-history">Sawsbuck-Summer-Me used <strong>Flamethrower</strong>!<br></div><div class="battle-history"><small>It's super effective!</small><br></div><div class="battle-history"><small>A critical hit!</small><br></div><div class="battle-history"><small>(The opposing Abomasnow lost 100% of its health!)</small><br></div><div class="spacer battle-history"><br></div><div class="battle-history">The opposing Abomasnow fainted!<br></div><div class="spacer battle-history"><br></div><div class="battle-history"><small>(The hail is crashing down.)</small><br></div><div class="battle-history"><small>Sawsbuck-Summer-Me is buffeted by the hail!</small><br></div><div class="chat chatmessage-regicboat"><strong style="color:#7732e7"><small>☆</small><span class="username" data-name="Regic Boat">Regic Boat</span>:</strong> <em>sawsbuck-summer-me</em></div><div class="spacer battle-history"><br></div><div class="battle-history">Bekama sent out Exeggutor (<strong>Exeggutor-Alola</strong>)!<br></div><div class="spacer battle-history"><br></div><h2 class="battle-history">Turn 2</h2><div class="spacer battle-history"><br></div><div class="battle-history">Sawsbuck-Summer-Me, come back!<br></div><div class="battle-history">Go! <strong>Amoonguss</strong>!<br></div><div class="spacer battle-history"><br></div><div class="battle-history">The opposing Exeggutor used <strong>Sludge Bomb</strong>!<br></div><div class="battle-history"><small>(Amoonguss lost 22% of its health!)</small><br></div><div class="spacer battle-history"><br></div><div class="battle-history"><small>(The hail is crashing down.)</small><br></div><div class="battle-history"><small>The opposing Exeggutor is buffeted by the hail!</small><br></div><div class="battle-history"><small>Amoonguss is buffeted by the hail!</small><br></div><div class="battle-history"><small>Amoonguss restored a little HP using its Leftovers!</small><br></div><div class="spacer battle-history"><br></div><h2 class="battle-history">Turn 3</h2><div class="spacer battle-history"><br></div><div class="battle-history">The opposing Exeggutor used <strong>Flamethrower</strong>!<br></div><div class="battle-history"><small>It's super effective!</small><br></div><div class="battle-history"><small>(Amoonguss lost 51% of its health!)</small><br></div><div class="spacer battle-history"><br></div><div class="battle-history">Amoonguss used <strong>Hidden Power</strong>!<br></div><div class="battle-history"><small>It's super effective!</small><br></div><div class="battle-history"><small>(The opposing Exeggutor lost 66% of its health!)</small><br></div><div class="battle-history"><small>(The opposing Exeggutor ate its Sitrus Berry!)</small><br></div><div class="battle-history"><small>The opposing Exeggutor restored HP using its Sitrus Berry!</small><br></div><div class="spacer battle-history"><br></div><div class="battle-history"><small>(The hail is crashing down.)</small><br></div><div class="battle-history"><small>The opposing Exeggutor is buffeted by the hail!</small><br></div><div class="battle-history"><small>Amoonguss is buffeted by the hail!</small><br></div><div class="battle-history"><small>Amoonguss restored a little HP using its Leftovers!</small><br></div><div class="battle-history">[The opposing Exeggutor's Harvest]<br><small>The opposing Exeggutor harvested one Sitrus Berry!</small><br></div><div class="spacer battle-history"><br></div><div class="battle-history"><small>(The opposing Exeggutor ate its Sitrus Berry!)</small><br></div><div class="battle-history"><small>The opposing Exeggutor restored HP using its Sitrus Berry!</small><br></div><div class="spacer battle-history"><br></div><h2 class="battle-history">Turn 4</h2><div class="spacer battle-history"><br></div><div class="battle-history">The opposing Exeggutor used <strong>Flamethrower</strong>!<br></div><div class="battle-history"><small>It's super effective!</small><br></div><div class="battle-history"><small>(Amoonguss lost 27% of its health!)</small><br></div><div class="spacer battle-history"><br></div><div class="battle-history">Amoonguss fainted!<br></div><div class="spacer battle-history"><br></div><div class="battle-history"><small>(The hail is crashing down.)</small><br></div><div class="battle-history"><small>The opposing Exeggutor is buffeted by the hail!</small><br></div><div class="battle-history">[The opposing Exeggutor's Harvest]<br><small>The opposing Exeggutor harvested one Sitrus Berry!</small><br></div><div class="spacer battle-history"><br></div><div class="battle-history">Go! <strong>Virizion</strong>!<br></div><div class="spacer battle-history"><br></div><h2 class="battle-history">Turn 5</h2><div class="spacer battle-history"><br></div><div class="battle-history">Virizion used <strong>Hidden Power</strong>!<br></div><div class="battle-history"><small>It's super effective!</small><br></div><div class="battle-history"><small>(The opposing Exeggutor lost 66% of its health!)</small><br></div><div class="spacer battle-history"><br></div><div class="battle-history">The opposing Exeggutor fainted!<br></div><div class="spacer battle-history"><br></div><div class="battle-history"><small>The hail stopped.</small><br></div><div class="spacer battle-history"><br></div><div class="battle-history">Bekama sent out <strong>Rillaboom</strong>!<br></div><div class="battle-history">[The opposing Rillaboom's Grassy Surge]<br><small>Grass grew to cover the battlefield!</small><br></div><div class="battle-history"><small>(The opposing Rillaboom used its Grassy Seed!)</small><br></div><div class="battle-history"><small>The Grassy Seed raised the opposing Rillaboom's Defense!</small><br></div><div class="spacer battle-history"><br></div><h2 class="battle-history">Turn 6</h2><div class="spacer battle-history"><br></div><div class="battle-history">The opposing Rillaboom used <strong>Fake Out</strong>!<br></div><div class="battle-history"><small>A critical hit!</small><br></div><div class="battle-history"><small>(Virizion lost 29% of its health!)</small><br></div><div class="spacer battle-history"><br></div><div class="battle-history">Virizion flinched and couldn't move!<br></div><div class="spacer battle-history"><br></div><div class="battle-history"><small>Virizion's HP was restored.</small><br></div><div class="spacer battle-history"><br></div><h2 class="battle-history">Turn 7</h2><div class="spacer battle-history"><br></div><div class="battle-history">Virizion, come back!<br></div><div class="battle-history">Go! <strong>Dhelmise</strong>!<br></div><div class="spacer battle-history"><br></div><div class="battle-history">The opposing Rillaboom used <strong>Acrobatics</strong>!<br></div><div class="battle-history"><small>It's super effective!</small><br></div><div class="battle-history"><small>(Dhelmise lost 92% of its health!)</small><br></div><div class="spacer battle-history"><br></div><div class="battle-history"><small>Dhelmise restored a little HP using its Leftovers!</small><br></div><div class="battle-history"><small>Dhelmise's HP was restored.</small><br></div><div class="spacer battle-history"><br></div><h2 class="battle-history">Turn 8</h2><div class="spacer battle-history"><br></div><div class="battle-history">The opposing Rillaboom used <strong>Grassy Glide</strong>!<br></div><div class="battle-history"><small>It's not very effective...</small><br></div><div class="battle-history"><small>(Dhelmise lost 20% of its health!)</small><br></div><div class="spacer battle-history"><br></div><div class="battle-history">Dhelmise fainted!<br></div><div class="spacer battle-history"><br></div><div class="battle-history">Go! <strong>Virizion</strong>!<br></div><div class="spacer battle-history"><br></div><h2 class="battle-history">Turn 9</h2><div class="spacer battle-history"><br></div><div class="battle-history">Virizion used <strong>Air Slash</strong>!<br></div><div class="battle-history"><small>It's super effective!</small><br></div><div class="battle-history"><small>(The opposing Rillaboom lost 80% of its health!)</small><br></div><div class="spacer battle-history"><br></div><div class="battle-history">The opposing Rillaboom used <strong>Acrobatics</strong>!<br></div><div class="battle-history"><small>It's super effective!</small><br></div><div class="battle-history"><small>(Virizion lost 78% of its health!)</small><br></div><div class="spacer battle-history"><br></div><div class="battle-history">Virizion fainted!<br></div><div class="spacer battle-history"><br></div><div class="battle-history"><small>The opposing Rillaboom's HP was restored.</small><br></div><div class="spacer battle-history"><br></div><div class="battle-history">Go! Sawsbuck-Summer-Me (<strong>Sawsbuck-Summer-Mega</strong>)!<br></div><div class="spacer battle-history"><br></div><h2 class="battle-history">Turn 10</h2><div class="spacer battle-history"><br></div><div class="battle-history">The opposing Rillaboom used <strong>Grassy Glide</strong>!<br></div><div class="battle-history"><small>It's not very effective...</small><br></div><div class="battle-history"><small>(Sawsbuck-Summer-Me lost 18% of its health!)</small><br></div><div class="spacer battle-history"><br></div><div class="battle-history">Sawsbuck-Summer-Me used <strong>Flamethrower</strong>!<br></div><div class="battle-history"><small>It's super effective!</small><br></div><div class="battle-history"><small>(The opposing Rillaboom lost 26% of its health!)</small><br></div><div class="spacer battle-history"><br></div><div class="battle-history">The opposing Rillaboom fainted!<br></div><div class="spacer battle-history"><br></div><div class="battle-history"><small>Sawsbuck-Summer-Me's HP was restored.</small><br></div><div class="battle-history"><small>The grass disappeared from the battlefield.</small><br></div><div class="spacer battle-history"><br></div><div class="battle-history">Bekama sent out <strong>Gourgeist</strong>!<br></div><div class="battle-history">[The opposing Gourgeist's Frisk]<br><small>The opposing Gourgeist frisked Sawsbuck-Summer-Me and found its Sawsbuckite!</small><br></div><div class="spacer battle-history"><br></div><h2 class="battle-history">Turn 11</h2><div class="spacer battle-history"><br></div><div class="battle-history">Sawsbuck-Summer-Me, come back!<br></div><div class="battle-history">Go! <strong>Venusaur</strong>!<br></div><div class="spacer battle-history"><br></div><div class="battle-history"><small>The opposing Gourgeist's Gourgeite is reacting to the Key Stone!</small><br>The opposing Gourgeist has Mega Evolved into Mega Gourgeist!<br></div><div class="chat"><ul class="utilichart"><li class="result"><span class="col pokemonnamecol" style="white-space: nowrap">Gourgeist-Mega</span> <span class="col typecol"><img src="https://play.pokemonshowdown.com/sprites/types/Ghost.png" alt="Ghost" height="14" width="32"><img src="https://play.pokemonshowdown.com/sprites/types/Grass.png" alt="Grass" height="14" width="32"></span> <span style="float: left ; min-height: 26px"><span class="col abilitycol">Weak Armor</span><span class="col abilitycol"></span></span><span style="float: left ; min-height: 26px"><span class="col statcol"><em>HP</em><br>65</span> <span class="col statcol"><em>Atk</em><br>58</span> <span class="col statcol"><em>Def</em><br>147</span> <span class="col statcol"><em>SpA</em><br>145</span> <span class="col statcol"><em>SpD</em><br>95</span> <span class="col statcol"><em>Spe</em><br>84</span> </span></li><li style="clear: both"></li></ul></div><div class="spacer battle-history"><br></div><div class="battle-history">The opposing Gourgeist used <strong>Strength Sap</strong>!<br></div><div class="battle-history"><small>Venusaur's Attack fell!</small><br></div><div class="spacer battle-history"><br></div><h2 class="battle-history">Turn 12</h2><div class="spacer battle-history"><br></div><div class="battle-history">Venusaur used <strong>Sludge Bomb</strong>!<br></div><div class="battle-history"><small>(The opposing Gourgeist lost 61% of its health!)</small><br></div><div class="battle-history"><small>The opposing Gourgeist was poisoned!</small><br></div><div class="spacer battle-history"><br></div><div class="battle-history">The opposing Gourgeist used <strong>Fire Blast</strong>!<br></div><div class="battle-history"><small>It's super effective!</small><br></div><div class="battle-history"><small>(Venusaur lost 100% of its health!)</small><br></div><div class="spacer battle-history"><br></div><div class="battle-history">Venusaur fainted!<br></div><div class="spacer battle-history"><br></div><div class="battle-history"><small>The opposing Gourgeist was hurt by poison!</small><br></div><div class="spacer battle-history"><br></div><div class="battle-history">Go! Sawsbuck-Summer-Me (<strong>Sawsbuck-Summer-Mega</strong>)!<br></div><div class="spacer battle-history"><br></div><h2 class="battle-history">Turn 13</h2><div class="spacer battle-history"><br></div><div class="battle-history">Sawsbuck-Summer-Me used <strong>Flamethrower</strong>!<br></div><div class="battle-history"><small>It's super effective!</small><br></div><div class="battle-history"><small>(The opposing Gourgeist lost 27% of its health!)</small><br></div><div class="spacer battle-history"><br></div><div class="battle-history">The opposing Gourgeist fainted!<br></div><div class="spacer battle-history"><br></div><div class="battle-history">Bekama sent out <strong>Venusaur</strong>!<br></div><div class="spacer battle-history"><br></div><h2 class="battle-history">Turn 14</h2><div class="spacer battle-history"><br></div><div class="battle-history">Sawsbuck-Summer-Me used <strong>Overheat</strong>!<br></div><div class="battle-history"><small>It's super effective!</small><br></div><div class="battle-history"><small>(The opposing Venusaur lost 100% of its health!)</small><br></div><div class="battle-history"><small>Sawsbuck-Summer-Me's Sp. Atk fell harshly!</small><br></div><div class="spacer battle-history"><br></div><div class="battle-history">The opposing Venusaur fainted!<br></div><div class="spacer battle-history"><br></div><div class="battle-history">Bekama sent out <strong>Ferrothorn</strong>!<br></div><div class="spacer battle-history"><br></div><h2 class="battle-history">Turn 15</h2><div class="chat chatmessage-bekama"><strong style="color:#ac8416"><small>☆</small><span class="username" data-name="Bekama">Bekama</span>:</strong> <em>gg</em></div><div class="chat chatmessage-regicboat"><strong style="color:#7732e7"><small>☆</small><span class="username" data-name="Regic Boat">Regic Boat</span>:</strong> <em>gg</em></div><div class="spacer battle-history"><br></div><div class="battle-history">Sawsbuck-Summer-Me used <strong>Overheat</strong>!<br></div><div class="battle-history"><small>It's super effective!</small><br></div><div class="battle-history"><small>(The opposing Ferrothorn lost 100% of its health!)</small><br></div><div class="battle-history"><small>Sawsbuck-Summer-Me's Sp. Atk fell harshly!</small><br></div><div class="spacer battle-history"><br></div><div class="battle-history">The opposing Ferrothorn fainted!<br></div><div class="spacer battle-history"><br></div><div class="battle-history"><strong>Regic Boat</strong> won the battle!<br></div><div class="chat"><small>☆Bekama and ☆Regic Boat left</small></div></div><div class="inner-preempt message-log"></div></div></div>
</div>
<script>
let daily = Math.floor(Date.now()/1000/60/60/24);document.write('<script src="https://dragonheaven.herokuapp.com/js/replay-embed.js?version'+daily+'"></'+'script>');
</script>
