<!DOCTYPE html>
<meta charset="utf-8" />
<!-- version 1 -->
<title>[Gen 8] Megas for All replay: paulluxx9000 vs. BlaueBrause</title>
<style>
html,body {font-family:Verdana, sans-serif;font-size:10pt;margin:0;padding:0;}body{padding:12px 0;} .battle-log {font-family:Verdana, sans-serif;font-size:10pt;} .battle-log-inline {border:1px solid #AAAAAA;background:#EEF2F5;color:black;max-width:640px;margin:0 auto 80px;padding-bottom:5px;} .battle-log .inner {padding:4px 8px 0px 8px;} .battle-log .inner-preempt {padding:0 8px 4px 8px;} .battle-log .inner-after {margin-top:0.5em;} .battle-log h2 {margin:0.5em -8px;padding:4px 8px;border:1px solid #AAAAAA;background:#E0E7EA;border-left:0;border-right:0;font-family:Verdana, sans-serif;font-size:13pt;} .battle-log .chat {vertical-align:middle;padding:3px 0 3px 0;font-size:8pt;} .battle-log .chat strong {color:#40576A;} .battle-log .chat em {padding:1px 4px 1px 3px;color:#000000;font-style:normal;} .chat.mine {background:rgba(0,0,0,0.05);margin-left:-8px;margin-right:-8px;padding-left:8px;padding-right:8px;} .spoiler {color:#BBBBBB;background:#BBBBBB;padding:0px 3px;} .spoiler:hover, .spoiler:active, .spoiler-shown {color:#000000;background:#E2E2E2;padding:0px 3px;} .spoiler a {color:#BBBBBB;} .spoiler:hover a, .spoiler:active a, .spoiler-shown a {color:#2288CC;} .chat code, .chat .spoiler:hover code, .chat .spoiler:active code, .chat .spoiler-shown code {border:1px solid #C0C0C0;background:#EEEEEE;color:black;padding:0 2px;} .chat .spoiler code {border:1px solid #CCCCCC;background:#CCCCCC;color:#CCCCCC;} .battle-log .rated {padding:3px 4px;} .battle-log .rated strong {color:white;background:#89A;padding:1px 4px;border-radius:4px;} .spacer {margin-top:0.5em;} .message-announce {background:#6688AA;color:white;padding:1px 4px 2px;} .message-announce a, .broadcast-green a, .broadcast-blue a, .broadcast-red a {color:#DDEEFF;} .broadcast-green {background-color:#559955;color:white;padding:2px 4px;} .broadcast-blue {background-color:#6688AA;color:white;padding:2px 4px;} .infobox {border:1px solid #6688AA;padding:2px 4px;} .infobox-limited {max-height:200px;overflow:auto;overflow-x:hidden;} .broadcast-red {background-color:#AA5544;color:white;padding:2px 4px;} .message-learn-canlearn {font-weight:bold;color:#228822;text-decoration:underline;} .message-learn-cannotlearn {font-weight:bold;color:#CC2222;text-decoration:underline;} .message-effect-weak {font-weight:bold;color:#CC2222;} .message-effect-resist {font-weight:bold;color:#6688AA;} .message-effect-immune {font-weight:bold;color:#666666;} .message-learn-list {margin-top:0;margin-bottom:0;} .message-throttle-notice, .message-error {color:#992222;} .message-overflow, .chat small.message-overflow {font-size:0pt;} .message-overflow::before {font-size:9pt;content:'...';} .subtle {color:#3A4A66;}
</style>
<div class="wrapper replay-wrapper" style="max-width:1180px;margin:0 auto">
<input type="hidden" name="replayid" value="dragonheaven-gen8megasforall-291" />
<div class="battle"></div><div class="battle-log"></div><div class="replay-controls"></div><div class="replay-controls-2"></div>
<h1 style="font-weight:normal;text-align:center"><strong>[Gen 8] Megas for All</strong><br /><a href="http://pokemonshowdown.com/users/paulluxx9000" class="subtle" target="_blank">paulluxx9000</a> vs. <a href="http://pokemonshowdown.com/users/blauebrause" class="subtle" target="_blank">BlaueBrause</a></h1>
<script type="text/plain" class="battle-log-data">|j|☆paulluxx9000
|j|☆BlaueBrause
|t:|1615747738
|player|p1|paulluxx9000|yellow|
|player|p2|BlaueBrause|psychic|
|teamsize|p1|6
|teamsize|p2|6
|gametype|singles
|gen|8
|tier|[Gen 8] Megas for All
|clearpoke
|poke|p1|Krookodile, M|
|poke|p1|Zapdos-Galar|
|poke|p1|Corviknight, F|
|poke|p1|Heatran, M|
|poke|p1|Toxapex, F|
|poke|p1|Grimmsnarl, M|
|poke|p2|Noivern, M|
|poke|p2|Swampert, F|
|poke|p2|Corviknight, F|
|poke|p2|Urshifu-*, F|
|poke|p2|Weavile, F|
|poke|p2|Rillaboom, F|
|rule|HP Percentage Mod: HP is shown in percentages
|rule|Endless Battle Clause: Forcing endless battles is banned
|rule|OHKO Clause: OHKO moves are banned
|rule|Evasion Moves Clause: Evasion moves are banned
|rule|Species Clause: Limit one of each Pokémon
|rule|Dynamax Clause: You cannot dynamax
|rule|Sleep Clause Mod: Limit one foe put to sleep
|rule|Freeze Clause Mod: Limit one foe frozen
|raw|<img src="https:\/\/www.smogon.com\/forums\/attachments\/banner_2-png.302358\/" height="65" width="381">
|-message|Welcome to Megas for All!
|-message|This is a National Dex-based format where we aim to give a new Mega Evolution to every Pokémon.
|-message|Just like any official format, you can still only Mega Evolve one Pokémon per team!
|-message|You can find our thread and metagame resources here:
|-message|https:\/\/www.smogon.com\/forums\/threads\/3671140\/
|teampreview
|c|☆BlaueBrause|same team, i see
|c|☆BlaueBrause|glhf!
|c|☆paulluxx9000|Yeah, I didn't have enough time to build 2 teams since I subbed in
|
|t:|1615747790
|start
|switch|p1a: Grimmsnarl|Grimmsnarl, M|100\/100
|switch|p2a: Narahdarn|Noivern, M|100\/100
|-item|p1a: Grimmsnarl|Light Clay|[from] ability: Frisk|[of] p2a: Narahdarn|[identify]
|turn|1
|
|t:|1615747803
|switch|p2a: Out of the Blue|Weavile, F|100\/100
|-ability|p2a: Out of the Blue|Pressure
|move|p1a: Grimmsnarl|Thunder Wave|p2a: Out of the Blue
|-hint|Since gen 7, Dark is immune to Prankster moves.
|-immune|p2a: Out of the Blue
|
|upkeep
|turn|2
|
|t:|1615747811
|move|p1a: Grimmsnarl|Reflect|p1a: Grimmsnarl
|-sidestart|p1: paulluxx9000|Reflect
|move|p2a: Out of the Blue|Knock Off|p1a: Grimmsnarl
|-resisted|p1a: Grimmsnarl
|-damage|p1a: Grimmsnarl|92\/100
|-enditem|p1a: Grimmsnarl|Light Clay|[from] move: Knock Off|[of] p2a: Out of the Blue
|
|upkeep
|turn|3
|
|t:|1615747817
|switch|p2a: F.E.'s Assistant|Swampert, F|100\/100
|move|p1a: Grimmsnarl|Light Screen|p1a: Grimmsnarl
|-sidestart|p1: paulluxx9000|move: Light Screen
|
|upkeep
|turn|4
|
|t:|1615747828
|switch|p1a: Toxapex|Toxapex, F, shiny|100\/100
|move|p2a: F.E.'s Assistant|Stealth Rock|p1a: Toxapex
|-sidestart|p1: paulluxx9000|move: Stealth Rock
|
|upkeep
|turn|5
|
|t:|1615747834
|move|p2a: F.E.'s Assistant|Protect|p2a: F.E.'s Assistant
|-singleturn|p2a: F.E.'s Assistant|Protect
|move|p1a: Toxapex|Liquidation|p2a: F.E.'s Assistant
|-activate|p2a: F.E.'s Assistant|move: Protect
|
|upkeep
|turn|6
|
|t:|1615747849
|move|p2a: F.E.'s Assistant|High Horsepower|p1a: Toxapex
|-supereffective|p1a: Toxapex
|-damage|p1a: Toxapex|73\/100
|move|p1a: Toxapex|Liquidation|p2a: F.E.'s Assistant
|-damage|p2a: F.E.'s Assistant|60\/100
|
|-heal|p2a: F.E.'s Assistant|67\/100|[from] item: Leftovers
|upkeep
|turn|7
|
|t:|1615747857
|move|p2a: F.E.'s Assistant|Protect|p2a: F.E.'s Assistant
|-singleturn|p2a: F.E.'s Assistant|Protect
|move|p1a: Toxapex|Liquidation|p2a: F.E.'s Assistant
|-activate|p2a: F.E.'s Assistant|move: Protect
|
|-heal|p2a: F.E.'s Assistant|73\/100|[from] item: Leftovers
|-sideend|p1: paulluxx9000|move: Light Screen
|upkeep
|turn|8
|
|t:|1615747869
|switch|p2a: Fidelis|Corviknight, F|100\/100
|-ability|p2a: Fidelis|Pressure
|move|p1a: Toxapex|Liquidation|p2a: Fidelis
|-damage|p2a: Fidelis|72\/100
|
|-heal|p2a: Fidelis|78\/100|[from] item: Leftovers
|upkeep
|turn|9
|
|t:|1615747878
|move|p2a: Fidelis|Brave Bird|p1a: Toxapex
|-damage|p1a: Toxapex|58\/100
|-damage|p2a: Fidelis|74\/100|[from] Recoil
|move|p1a: Toxapex|Liquidation|p2a: Fidelis
|-damage|p2a: Fidelis|47\/100
|-unboost|p2a: Fidelis|def|1
|
|-heal|p2a: Fidelis|54\/100|[from] item: Leftovers
|-sideend|p1: paulluxx9000|Reflect
|upkeep
|turn|10
|
|t:|1615747888
|move|p2a: Fidelis|Roost|p2a: Fidelis
|-heal|p2a: Fidelis|100\/100
|-singleturn|p2a: Fidelis|move: Roost
|move|p1a: Toxapex|Liquidation|p2a: Fidelis
|-crit|p2a: Fidelis
|-damage|p2a: Fidelis|35\/100
|
|-heal|p2a: Fidelis|41\/100|[from] item: Leftovers
|upkeep
|turn|11
|
|t:|1615747897
|move|p2a: Fidelis|Roost|p2a: Fidelis
|-heal|p2a: Fidelis|91\/100
|-singleturn|p2a: Fidelis|move: Roost
|move|p1a: Toxapex|Liquidation|p2a: Fidelis
|-damage|p2a: Fidelis|51\/100
|
|-heal|p2a: Fidelis|58\/100|[from] item: Leftovers
|upkeep
|turn|12
|
|t:|1615747908
|move|p2a: Fidelis|Roost|p2a: Fidelis
|-heal|p2a: Fidelis|100\/100
|-singleturn|p2a: Fidelis|move: Roost
|move|p1a: Toxapex|Liquidation|p2a: Fidelis
|-damage|p2a: Fidelis|58\/100
|
|-heal|p2a: Fidelis|65\/100|[from] item: Leftovers
|upkeep
|turn|13
|
|t:|1615747922
|switch|p1a: Krookodile|Krookodile, M|100\/100
|-damage|p1a: Krookodile|94\/100|[from] Stealth Rock
|-ability|p1a: Krookodile|Intimidate|boost
|-unboost|p2a: Fidelis|atk|1
|move|p2a: Fidelis|U-turn|p1a: Krookodile
|-supereffective|p1a: Krookodile
|-damage|p1a: Krookodile|70\/100
|
|t:|1615747932
|switch|p2a: Primavera|Rillaboom, F|100\/100|[from]move: U-turn
|-fieldstart|move: Grassy Terrain|[from] ability: Grassy Surge|[of] p2a: Primavera
|
|-heal|p1a: Krookodile|76\/100|[from] Grassy Terrain
|upkeep
|turn|14
|j| exploziff
|
|t:|1615747941
|switch|p1a: Heatran|Heatran, M|100\/100
|-damage|p1a: Heatran|88\/100|[from] Stealth Rock
|move|p2a: Primavera|Swords Dance|p2a: Primavera
|-boost|p2a: Primavera|atk|2
|
|-heal|p1a: Heatran|94\/100|[from] item: Leftovers
|-heal|p1a: Heatran|100\/100|[from] Grassy Terrain
|upkeep
|turn|15
|
|t:|1615747950
|move|p2a: Primavera|Drain Punch|p1a: Heatran
|-supereffective|p1a: Heatran
|-damage|p1a: Heatran|0 fnt
|-damage|p2a: Primavera|91\/100|[from] item: Life Orb
|faint|p1a: Heatran
|
|-heal|p2a: Primavera|97\/100|[from] Grassy Terrain
|upkeep
|
|t:|1615747956
|switch|p1a: Zapdos|Zapdos-Galar|100\/100
|-damage|p1a: Zapdos|88\/100|[from] Stealth Rock
|turn|16
|
|t:|1615747988
|switch|p2a: F.E.'s Assistant|Swampert, F|73\/100
|move|p1a: Zapdos|Brave Bird|p2a: F.E.'s Assistant
|-damage|p2a: F.E.'s Assistant|16\/100
|-damage|p1a: Zapdos|65\/100|[from] Recoil
|
|-heal|p2a: F.E.'s Assistant|23\/100|[from] item: Leftovers
|-heal|p2a: F.E.'s Assistant|29\/100|[from] Grassy Terrain
|upkeep
|turn|17
|
|t:|1615747998
|move|p2a: F.E.'s Assistant|Protect|p2a: F.E.'s Assistant
|-singleturn|p2a: F.E.'s Assistant|Protect
|move|p1a: Zapdos|Brave Bird|p2a: F.E.'s Assistant
|-activate|p2a: F.E.'s Assistant|move: Protect
|
|-heal|p2a: F.E.'s Assistant|35\/100|[from] item: Leftovers
|-heal|p2a: F.E.'s Assistant|41\/100|[from] Grassy Terrain
|-fieldend|move: Grassy Terrain
|upkeep
|turn|18
|j|+inkbug1

|
|t:|1615748007
|switch|p2a: Fidelis|Corviknight, F|65\/100
|-ability|p2a: Fidelis|Pressure
|move|p1a: Zapdos|Brave Bird|p2a: Fidelis
|-resisted|p2a: Fidelis
|-damage|p2a: Fidelis|44\/100
|-damage|p1a: Zapdos|56\/100|[from] Recoil
|
|-heal|p2a: Fidelis|51\/100|[from] item: Leftovers
|upkeep
|turn|19
|
|t:|1615748017
|switch|p1a: Corviknight|Corviknight, F|100\/100
|-damage|p1a: Corviknight|88\/100|[from] Stealth Rock
|-ability|p1a: Corviknight|Pressure
|move|p2a: Fidelis|Roost|p2a: Fidelis
|-heal|p2a: Fidelis|100\/100
|-singleturn|p2a: Fidelis|move: Roost
|
|-heal|p1a: Corviknight|94\/100|[from] item: Leftovers
|upkeep
|turn|20
|
|t:|1615748028
|move|p1a: Corviknight|Defog|p2a: Fidelis
|-unboost|p2a: Fidelis|evasion|1
|-sideend|p1: paulluxx9000|Stealth Rock|[from] move: Defog|[of] p1a: Corviknight
|move|p2a: Fidelis|U-turn|p1a: Corviknight
|-resisted|p1a: Corviknight
|-damage|p1a: Corviknight|92\/100
|
|t:|1615748036
|switch|p2a: Too Elegant|Urshifu-Rapid-Strike, F|100\/100|[from]move: U-turn
|
|-heal|p1a: Corviknight|98\/100|[from] item: Leftovers
|upkeep
|turn|21
|
|t:|1615748041
|move|p2a: Too Elegant|Surging Strikes|p1a: Corviknight
|-crit|p1a: Corviknight
|-damage|p1a: Corviknight|81\/100
|-crit|p1a: Corviknight
|-damage|p1a: Corviknight|65\/100
|-crit|p1a: Corviknight
|-damage|p1a: Corviknight|47\/100
|-hitcount|p1a: Corviknight|3
|move|p1a: Corviknight|Brave Bird|p2a: Too Elegant
|-supereffective|p2a: Too Elegant
|-damage|p2a: Too Elegant|30\/100
|-damage|p1a: Corviknight|27\/100|[from] Recoil
|
|-heal|p1a: Corviknight|33\/100|[from] item: Leftovers
|upkeep
|turn|22
|j| ThatTheDamned
|
|t:|1615748053
|switch|p1a: Toxapex|Toxapex, F, shiny|91\/100
|move|p2a: Too Elegant|Surging Strikes|p1a: Toxapex
|-resisted|p1a: Toxapex
|-crit|p1a: Toxapex
|-damage|p1a: Toxapex|80\/100
|-resisted|p1a: Toxapex
|-crit|p1a: Toxapex
|-damage|p1a: Toxapex|69\/100
|-resisted|p1a: Toxapex
|-crit|p1a: Toxapex
|-damage|p1a: Toxapex|58\/100
|-hitcount|p1a: Toxapex|3
|
|upkeep
|turn|23
|
|t:|1615748065
|switch|p2a: Fidelis|Corviknight, F|100\/100
|-ability|p2a: Fidelis|Pressure
|move|p1a: Toxapex|Baneful Bunker||[still]
|-fail|p1a: Toxapex
|
|upkeep
|turn|24
|
|t:|1615748072
|switch|p1a: Corviknight|Corviknight, F|33\/100
|-ability|p1a: Corviknight|Pressure
|move|p2a: Fidelis|Brave Bird|p1a: Corviknight
|-resisted|p1a: Corviknight
|-damage|p1a: Corviknight|21\/100
|-damage|p2a: Fidelis|97\/100|[from] Recoil
|
|-heal|p1a: Corviknight|28\/100|[from] item: Leftovers
|-heal|p2a: Fidelis|100\/100|[from] item: Leftovers
|upkeep
|turn|25
|
|t:|1615748083
|move|p1a: Corviknight|Roost|p1a: Corviknight
|-heal|p1a: Corviknight|78\/100
|-singleturn|p1a: Corviknight|move: Roost
|move|p2a: Fidelis|U-turn|p1a: Corviknight
|-resisted|p1a: Corviknight
|-damage|p1a: Corviknight|74\/100
|
|t:|1615748093
|switch|p2a: Too Elegant|Urshifu-Rapid-Strike, F|30\/100|[from]move: U-turn
|
|-heal|p1a: Corviknight|80\/100|[from] item: Leftovers
|upkeep
|turn|26
|
|t:|1615748099
|move|p2a: Too Elegant|Surging Strikes|p1a: Corviknight
|-crit|p1a: Corviknight
|-damage|p1a: Corviknight|63\/100
|-crit|p1a: Corviknight
|-damage|p1a: Corviknight|46\/100
|-crit|p1a: Corviknight
|-damage|p1a: Corviknight|26\/100
|-hitcount|p1a: Corviknight|3
|move|p1a: Corviknight|Brave Bird|p2a: Too Elegant
|-supereffective|p2a: Too Elegant
|-damage|p2a: Too Elegant|0 fnt
|-damage|p1a: Corviknight|18\/100|[from] Recoil
|faint|p2a: Too Elegant
|
|-heal|p1a: Corviknight|24\/100|[from] item: Leftovers
|upkeep
|
|t:|1615748155
|switch|p2a: Out of the Blue|Weavile, F|100\/100
|-ability|p2a: Out of the Blue|Pressure
|turn|27
|
|t:|1615748163
|switch|p1a: Krookodile|Krookodile, M|76\/100
|-ability|p1a: Krookodile|Intimidate|boost
|-unboost|p2a: Out of the Blue|atk|1
|move|p2a: Out of the Blue|Knock Off|p1a: Krookodile
|-resisted|p1a: Krookodile
|-damage|p1a: Krookodile|57\/100
|
|upkeep
|turn|28
|
|t:|1615748175
|switch|p2a: Primavera|Rillaboom, F|97\/100
|-fieldstart|move: Grassy Terrain|[from] ability: Grassy Surge|[of] p2a: Primavera
|detailschange|p1a: Krookodile|Krookodile-Mega, M
|-mega|p1a: Krookodile|Krookodile|Krookodilite
|-start|p1a: Krookodile|typechange|Ground\/Dark|[silent]
|raw|<ul class="utilichart"><li class="result"><span class="col pokemonnamecol" style="white-space: nowrap">Krookodile-Mega<\/span> <span class="col typecol"><img src="https:\/\/play.pokemonshowdown.com\/sprites\/types\/Ground.png" alt="Ground" height="14" width="32"><img src="https:\/\/play.pokemonshowdown.com\/sprites\/types\/Dark.png" alt="Dark" height="14" width="32"><\/span> <span style="float: left ; min-height: 26px"><span class="col abilitycol">Stygian Shades<\/span><span class="col abilitycol"><\/span><\/span><span style="float: left ; min-height: 26px"><span class="col statcol"><em>HP<\/em><br>95<\/span> <span class="col statcol"><em>Atk<\/em><br>150<\/span> <span class="col statcol"><em>Def<\/em><br>95<\/span> <span class="col statcol"><em>SpA<\/em><br>65<\/span> <span class="col statcol"><em>SpD<\/em><br>95<\/span> <span class="col statcol"><em>Spe<\/em><br>119<\/span> <\/span><\/li><li style="clear: both"><\/li><\/ul>
|move|p1a: Krookodile|Parting Shot|p2a: Primavera
|-unboost|p2a: Primavera|atk|1
|-unboost|p2a: Primavera|spa|1
|-sidestart|p2: BlaueBrause|Spikes
|
|t:|1615748185
|switch|p1a: Toxapex|Toxapex, F, shiny|91\/100|[from]move: Parting Shot
|
|-heal|p2a: Primavera|100\/100|[from] Grassy Terrain
|-heal|p1a: Toxapex|97\/100|[from] Grassy Terrain
|upkeep
|turn|29
|
|t:|1615748193
|switch|p2a: Fidelis|Corviknight, F|100\/100
|-ability|p2a: Fidelis|Pressure
|move|p1a: Toxapex|Gunk Shot|p2a: Fidelis
|-immune|p2a: Fidelis
|
|-heal|p1a: Toxapex|100\/100|[from] Grassy Terrain
|upkeep
|turn|30
|
|t:|1615748203
|switch|p1a: Corviknight|Corviknight, F|24\/100
|-ability|p1a: Corviknight|Pressure
|move|p2a: Fidelis|U-turn|p1a: Corviknight
|-resisted|p1a: Corviknight
|-damage|p1a: Corviknight|22\/100
|
|t:|1615748217
|switch|p2a: Out of the Blue|Weavile, F|100\/100|[from]move: U-turn
|-damage|p2a: Out of the Blue|88\/100|[from] Spikes
|-ability|p2a: Out of the Blue|Pressure
|
|-heal|p2a: Out of the Blue|94\/100|[from] Grassy Terrain
|-heal|p1a: Corviknight|29\/100|[from] item: Leftovers
|upkeep
|turn|31
|
|t:|1615748227
|switch|p1a: Grimmsnarl|Grimmsnarl, M|92\/100
|move|p2a: Out of the Blue|Knock Off|p1a: Grimmsnarl
|-resisted|p1a: Grimmsnarl
|-damage|p1a: Grimmsnarl|80\/100
|
|-heal|p2a: Out of the Blue|99\/100|[from] Grassy Terrain
|-heal|p1a: Grimmsnarl|86\/100|[from] Grassy Terrain
|upkeep
|turn|32
|j| Parcos
|
|t:|1615748238
|move|p1a: Grimmsnarl|Reflect|p1a: Grimmsnarl
|-sidestart|p1: paulluxx9000|Reflect
|move|p2a: Out of the Blue|Knock Off|p1a: Grimmsnarl
|-resisted|p1a: Grimmsnarl
|-damage|p1a: Grimmsnarl|80\/100
|
|-heal|p2a: Out of the Blue|100\/100|[from] Grassy Terrain
|-heal|p1a: Grimmsnarl|86\/100|[from] Grassy Terrain
|-fieldend|move: Grassy Terrain
|upkeep
|turn|33
|
|t:|1615748247
|switch|p2a: Fidelis|Corviknight, F|100\/100
|-ability|p2a: Fidelis|Pressure
|move|p1a: Grimmsnarl|Darkest Lariat|p2a: Fidelis
|-damage|p2a: Fidelis|75\/100
|
|-heal|p2a: Fidelis|81\/100|[from] item: Leftovers
|upkeep
|turn|34
|
|t:|1615748256
|move|p1a: Grimmsnarl|Thunder Wave|p2a: Fidelis
|-status|p2a: Fidelis|par
|move|p2a: Fidelis|U-turn|p1a: Grimmsnarl
|-damage|p1a: Grimmsnarl|79\/100
|
|t:|1615748262
|switch|p2a: Out of the Blue|Weavile, F|100\/100|[from]move: U-turn
|-damage|p2a: Out of the Blue|88\/100|[from] Spikes
|-ability|p2a: Out of the Blue|Pressure
|
|upkeep
|turn|35
|
|t:|1615748268
|move|p2a: Out of the Blue|Icicle Crash|p1a: Grimmsnarl
|-damage|p1a: Grimmsnarl|46\/100
|cant|p1a: Grimmsnarl|flinch
|
|upkeep
|turn|36
|
|t:|1615748273
|switch|p1a: Toxapex|Toxapex, F, shiny|100\/100
|move|p2a: Out of the Blue|Icicle Crash|p1a: Toxapex|[miss]
|-miss|p2a: Out of the Blue|p1a: Toxapex
|
|-sideend|p1: paulluxx9000|Reflect
|upkeep
|turn|37
|l| exploziff
|
|t:|1615748281
|switch|p2a: Narahdarn|Noivern, M|100\/100
|-item|p1a: Toxapex|Choice Band|[from] ability: Frisk|[of] p2a: Narahdarn|[identify]
|move|p1a: Toxapex|Liquidation|p2a: Narahdarn
|-resisted|p2a: Narahdarn
|-damage|p2a: Narahdarn|71\/100
|
|upkeep
|turn|38
|
|t:|1615748293
|switch|p1a: Grimmsnarl|Grimmsnarl, M|46\/100
|move|p2a: Narahdarn|Toxic|p1a: Grimmsnarl
|-status|p1a: Grimmsnarl|tox
|
|-damage|p1a: Grimmsnarl|40\/100 tox|[from] psn
|upkeep
|turn|39
|
|t:|1615748303
|switch|p2a: Fidelis|Corviknight, F|81\/100 par
|-ability|p2a: Fidelis|Pressure
|move|p1a: Grimmsnarl|Light Screen|p1a: Grimmsnarl
|-sidestart|p1: paulluxx9000|move: Light Screen
|
|-heal|p2a: Fidelis|87\/100 par|[from] item: Leftovers
|-damage|p1a: Grimmsnarl|28\/100 tox|[from] psn
|upkeep
|turn|40
|
|t:|1615748311
|switch|p1a: Corviknight|Corviknight, F|29\/100
|-ability|p1a: Corviknight|Pressure
|move|p2a: Fidelis|U-turn|p1a: Corviknight
|-resisted|p1a: Corviknight
|-damage|p1a: Corviknight|26\/100
|
|t:|1615748318
|switch|p2a: Out of the Blue|Weavile, F|88\/100|[from]move: U-turn
|-damage|p2a: Out of the Blue|76\/100|[from] Spikes
|-ability|p2a: Out of the Blue|Pressure
|
|-heal|p1a: Corviknight|33\/100|[from] item: Leftovers
|upkeep
|turn|41
|
|t:|1615748326
|switch|p1a: Grimmsnarl|Grimmsnarl, M|28\/100 tox
|move|p2a: Out of the Blue|Knock Off|p1a: Grimmsnarl
|-resisted|p1a: Grimmsnarl
|-damage|p1a: Grimmsnarl|17\/100 tox
|
|-damage|p1a: Grimmsnarl|11\/100 tox|[from] psn
|upkeep
|turn|42
|
|t:|1615748332
|move|p1a: Grimmsnarl|Reflect|p1a: Grimmsnarl
|-sidestart|p1: paulluxx9000|Reflect
|move|p2a: Out of the Blue|Knock Off|p1a: Grimmsnarl
|-resisted|p1a: Grimmsnarl
|-damage|p1a: Grimmsnarl|5\/100 tox
|
|-damage|p1a: Grimmsnarl|0 fnt|[from] psn
|faint|p1a: Grimmsnarl
|upkeep
|
|t:|1615748337
|switch|p1a: Krookodile|Krookodile-Mega, M|57\/100
|-start|p1a: Krookodile|typechange|Ground\/Dark|[silent]
|turn|43
|
|t:|1615748361
|switch|p2a: F.E.'s Assistant|Swampert, F|41\/100
|-damage|p2a: F.E.'s Assistant|29\/100|[from] Spikes
|move|p1a: Krookodile|Parting Shot|p2a: F.E.'s Assistant
|-unboost|p2a: F.E.'s Assistant|atk|1
|-unboost|p2a: F.E.'s Assistant|spa|1
|-sidestart|p2: BlaueBrause|Spikes
|
|t:|1615748364
|switch|p1a: Toxapex|Toxapex, F, shiny|100\/100|[from]move: Parting Shot
|
|-heal|p2a: F.E.'s Assistant|35\/100|[from] item: Leftovers
|-sideend|p1: paulluxx9000|move: Light Screen
|upkeep
|turn|44
|
|t:|1615748372
|move|p2a: F.E.'s Assistant|Protect|p2a: F.E.'s Assistant
|-singleturn|p2a: F.E.'s Assistant|Protect
|move|p1a: Toxapex|Liquidation|p2a: F.E.'s Assistant
|-activate|p2a: F.E.'s Assistant|move: Protect
|
|-heal|p2a: F.E.'s Assistant|41\/100|[from] item: Leftovers
|upkeep
|turn|45
|
|t:|1615748380
|move|p2a: F.E.'s Assistant|Flip Turn|p1a: Toxapex
|-resisted|p1a: Toxapex
|-damage|p1a: Toxapex|98\/100
|
|t:|1615748384
|switch|p2a: Fidelis|Corviknight, F|87\/100 par|[from]move: Flip Turn
|-ability|p2a: Fidelis|Pressure
|move|p1a: Toxapex|Liquidation|p2a: Fidelis
|-damage|p2a: Fidelis|59\/100 par
|
|-heal|p2a: Fidelis|66\/100 par|[from] item: Leftovers
|upkeep
|turn|46
|
|t:|1615748393
|switch|p1a: Zapdos|Zapdos-Galar|56\/100
|move|p2a: Fidelis|U-turn|p1a: Zapdos
|-resisted|p1a: Zapdos
|-damage|p1a: Zapdos|54\/100
|
|t:|1615748399
|switch|p2a: Narahdarn|Noivern, M|71\/100|[from]move: U-turn
|-item|p1a: Zapdos|Choice Scarf|[from] ability: Frisk|[of] p2a: Narahdarn|[identify]
|
|-sideend|p1: paulluxx9000|Reflect
|upkeep
|turn|47
|
|t:|1615748411
|switch|p2a: F.E.'s Assistant|Swampert, F|41\/100
|-damage|p2a: F.E.'s Assistant|25\/100|[from] Spikes
|move|p1a: Zapdos|Brave Bird|p2a: F.E.'s Assistant
|-damage|p2a: F.E.'s Assistant|0 fnt
|-damage|p1a: Zapdos|44\/100|[from] Recoil
|faint|p2a: F.E.'s Assistant
|
|upkeep
|
|t:|1615748425
|switch|p2a: Out of the Blue|Weavile, F|76\/100
|-damage|p2a: Out of the Blue|59\/100|[from] Spikes
|-ability|p2a: Out of the Blue|Pressure
|turn|48
|
|t:|1615748433
|move|p2a: Out of the Blue|Ice Shard|p1a: Zapdos
|-supereffective|p1a: Zapdos
|-damage|p1a: Zapdos|0 fnt
|faint|p1a: Zapdos
|
|upkeep
|
|t:|1615748436
|switch|p1a: Toxapex|Toxapex, F, shiny|100\/100
|turn|49
|
|t:|1615748441
|switch|p2a: Fidelis|Corviknight, F|66\/100 par
|-ability|p2a: Fidelis|Pressure
|move|p1a: Toxapex|Knock Off|p2a: Fidelis
|-damage|p2a: Fidelis|44\/100 par
|-enditem|p2a: Fidelis|Leftovers|[from] move: Knock Off|[of] p1a: Toxapex
|
|upkeep
|turn|50
|
|t:|1615748450
|move|p1a: Toxapex|Knock Off|p2a: Fidelis
|-damage|p2a: Fidelis|30\/100 par
|move|p2a: Fidelis|Defog|p1a: Toxapex
|-unboost|p1a: Toxapex|evasion|1
|-sideend|p2: BlaueBrause|Spikes|[from] move: Defog|[of] p2a: Fidelis
|
|upkeep
|turn|51
|
|t:|1615748458
|move|p1a: Toxapex|Knock Off|p2a: Fidelis
|-damage|p2a: Fidelis|15\/100 par
|cant|p2a: Fidelis|par
|
|upkeep
|turn|52
|
|t:|1615748465
|move|p1a: Toxapex|Knock Off|p2a: Fidelis
|-damage|p2a: Fidelis|0 fnt
|faint|p2a: Fidelis
|
|upkeep
|
|t:|1615748473
|switch|p2a: Narahdarn|Noivern, M|71\/100
|-item|p1a: Toxapex|Choice Band|[from] ability: Frisk|[of] p2a: Narahdarn|[identify]
|turn|53
|
|t:|1615748484
|move|p2a: Narahdarn|Psychic|p1a: Toxapex
|-supereffective|p1a: Toxapex
|-damage|p1a: Toxapex|55\/100
|move|p1a: Toxapex|Knock Off|p2a: Narahdarn
|-damage|p2a: Narahdarn|43\/100
|
|upkeep
|turn|54
|
|t:|1615748492
|detailschange|p2a: Narahdarn|Noivern-Mega, M
|-mega|p2a: Narahdarn|Noivern|Noivernite
|-start|p2a: Narahdarn|typechange|Psychic\/Dragon|[silent]
|raw|<ul class="utilichart"><li class="result"><span class="col pokemonnamecol" style="white-space: nowrap">Noivern-Mega<\/span> <span class="col typecol"><img src="https:\/\/play.pokemonshowdown.com\/sprites\/types\/Psychic.png" alt="Psychic" height="14" width="32"><img src="https:\/\/play.pokemonshowdown.com\/sprites\/types\/Dragon.png" alt="Dragon" height="14" width="32"><\/span> <span style="float: left ; min-height: 26px"><span class="col abilitycol">Trace<\/span><span class="col abilitycol"><\/span><\/span><span style="float: left ; min-height: 26px"><span class="col statcol"><em>HP<\/em><br>85<\/span> <span class="col statcol"><em>Atk<\/em><br>70<\/span> <span class="col statcol"><em>Def<\/em><br>95<\/span> <span class="col statcol"><em>SpA<\/em><br>120<\/span> <span class="col statcol"><em>SpD<\/em><br>95<\/span> <span class="col statcol"><em>Spe<\/em><br>170<\/span> <\/span><\/li><li style="clear: both"><\/li><\/ul>
|-ability|p2a: Narahdarn|Regenerator|[from] ability: Trace|[of] p1a: Toxapex
|move|p2a: Narahdarn|Psychic|p1a: Toxapex
|-supereffective|p1a: Toxapex
|-damage|p1a: Toxapex|0 fnt
|faint|p1a: Toxapex
|
|upkeep
|
|t:|1615748499
|switch|p1a: Krookodile|Krookodile-Mega, M|57\/100
|-start|p1a: Krookodile|typechange|Ground\/Dark|[silent]
|turn|55
|
|t:|1615748517
|move|p2a: Narahdarn|U-turn|p1a: Krookodile
|-supereffective|p1a: Krookodile
|-damage|p1a: Krookodile|32\/100
|
|t:|1615748526
|switch|p2a: Out of the Blue|Weavile, F|59\/100|[from]move: U-turn
|-ability|p2a: Out of the Blue|Pressure
|move|p1a: Krookodile|Knock Off|p2a: Out of the Blue
|-resisted|p2a: Out of the Blue
|-damage|p2a: Out of the Blue|12\/100
|-enditem|p2a: Out of the Blue|Choice Band|[from] move: Knock Off|[of] p1a: Krookodile
|
|upkeep
|turn|56
|
|t:|1615748538
|move|p2a: Out of the Blue|Ice Shard|p1a: Krookodile
|-supereffective|p1a: Krookodile
|-damage|p1a: Krookodile|0 fnt
|faint|p1a: Krookodile
|
|upkeep
|
|t:|1615748540
|switch|p1a: Corviknight|Corviknight, F|33\/100
|-ability|p1a: Corviknight|Pressure
|turn|57
|
|t:|1615748547
|move|p2a: Out of the Blue|Knock Off|p1a: Corviknight
|-damage|p1a: Corviknight|3\/100
|-enditem|p1a: Corviknight|Leftovers|[from] move: Knock Off|[of] p2a: Out of the Blue
|move|p1a: Corviknight|Roost|p1a: Corviknight
|-heal|p1a: Corviknight|53\/100
|-singleturn|p1a: Corviknight|move: Roost
|
|upkeep
|turn|58
|
|t:|1615748555
|move|p2a: Out of the Blue|Icicle Crash|p1a: Corviknight
|-damage|p1a: Corviknight|27\/100
|move|p1a: Corviknight|Roost|p1a: Corviknight
|-heal|p1a: Corviknight|77\/100
|-singleturn|p1a: Corviknight|move: Roost
|
|upkeep
|turn|59
|
|t:|1615748562
|move|p2a: Out of the Blue|Icicle Crash|p1a: Corviknight
|-damage|p1a: Corviknight|53\/100
|move|p1a: Corviknight|U-turn|p2a: Out of the Blue
|-supereffective|p2a: Out of the Blue
|-damage|p2a: Out of the Blue|0 fnt
|faint|p2a: Out of the Blue
|
|upkeep
|
|t:|1615748568
|switch|p2a: Primavera|Rillaboom, F|100\/100
|-fieldstart|move: Grassy Terrain|[from] ability: Grassy Surge|[of] p2a: Primavera
|turn|60
|
|t:|1615748573
|move|p2a: Primavera|Swords Dance|p2a: Primavera
|-boost|p2a: Primavera|atk|2
|move|p1a: Corviknight|Roost|p1a: Corviknight
|-heal|p1a: Corviknight|100\/100
|-singleturn|p1a: Corviknight|move: Roost
|
|upkeep
|turn|61
|
|t:|1615748580
|move|p2a: Primavera|Swords Dance|p2a: Primavera
|-boost|p2a: Primavera|atk|2
|move|p1a: Corviknight|Brave Bird|p2a: Primavera
|-supereffective|p2a: Primavera
|-damage|p2a: Primavera|17\/100
|-damage|p1a: Corviknight|76\/100|[from] Recoil
|
|-heal|p2a: Primavera|23\/100|[from] Grassy Terrain
|upkeep
|turn|62
|
|t:|1615748590
|move|p2a: Primavera|Drain Punch|p1a: Corviknight
|-damage|p1a: Corviknight|15\/100
|-heal|p2a: Primavera|58\/100|[from] drain|[of] p1a: Corviknight
|-damage|p2a: Primavera|48\/100|[from] item: Life Orb
|move|p1a: Corviknight|U-turn|p2a: Primavera
|-supereffective|p2a: Primavera
|-damage|p2a: Primavera|15\/100
|
|-heal|p2a: Primavera|21\/100|[from] Grassy Terrain
|upkeep
|turn|63
|c|☆BlaueBrause|gg
|
|t:|1615748599
|move|p2a: Primavera|Drain Punch|p1a: Corviknight
|-damage|p1a: Corviknight|0 fnt
|-heal|p2a: Primavera|29\/100|[from] drain|[of] p1a: Corviknight
|-damage|p2a: Primavera|19\/100|[from] item: Life Orb
|faint|p1a: Corviknight
|
|win|BlaueBrause
|c|☆paulluxx9000|gg
|l| Parcos
|l|☆paulluxx9000
|c|☆BlaueBrause|well played!
|l|☆BlaueBrause</script>
</div>
<div class="battle-log battle-log-inline"><div class="inner"><div class="battle-options"><div style="padding-top: 3px; padding-right: 3px; text-align: right"><button class="icon button" name="openBattleOptions" title="Options">Battle Options</button></div></div><div class="inner message-log"><div class="chat"><small>☆paulluxx9000 and ☆BlaueBrause joined</small></div><div class=""><small>Format:</small> <br><strong>[Gen 8] Megas for All</strong></div><div class=""><small><em>HP Percentage Mod:</em> HP is shown in percentages</small></div><div class=""><small><em>Endless Battle Clause:</em> Forcing endless battles is banned</small></div><div class=""><small><em>OHKO Clause:</em> OHKO moves are banned</small></div><div class=""><small><em>Evasion Moves Clause:</em> Evasion moves are banned</small></div><div class=""><small><em>Species Clause:</em> Limit one of each Pokémon</small></div><div class=""><small><em>Dynamax Clause:</em> You cannot dynamax</small></div><div class=""><small><em>Sleep Clause Mod:</em> Limit one foe put to sleep</small></div><div class=""><small><em>Freeze Clause Mod:</em> Limit one foe frozen</small></div><div class="chat"><img src="https://www.smogon.com/forums/attachments/banner_2-png.302358/" height="65" width="381"></div><div class="spacer battle-history"><br></div><div class="battle-history"><small>Welcome to Megas for All!</small><br></div><div class="battle-history"><small>This is a National Dex-based format where we aim to give a new Mega Evolution to every Pokémon.</small><br></div><div class="battle-history"><small>Just like any official format, you can still only Mega Evolve one Pokémon per team!</small><br></div><div class="battle-history"><small>You can find our thread and metagame resources here:</small><br></div><div class="battle-history"><small>https://www.smogon.com/forums/threads/3671140/</small><br></div><div class="chat battle-history"><strong>paulluxx9000's team:</strong> <em style="color:#445566;display:block;">Krookodile / Zapdos-Galar / Corviknight / Heatran / Toxapex / Grimmsnarl</em></div><div class="chat battle-history"><strong>BlaueBrause's team:</strong> <em style="color:#445566;display:block;">Noivern / Swampert / Corviknight / Urshifu-* / Weavile / Rillaboom</em></div><div class="chat chatmessage-blauebrause"><strong style="color:#6b66e4"><small>☆</small><span class="username" data-name="BlaueBrause">BlaueBrause</span>:</strong> <em>same team, i see</em></div><div class="chat chatmessage-blauebrause"><strong style="color:#6b66e4"><small>☆</small><span class="username" data-name="BlaueBrause">BlaueBrause</span>:</strong> <em>glhf!</em></div><div class="chat chatmessage-paulluxx9000"><strong style="color:#5b64db"><small>☆</small><span class="username" data-name="paulluxx9000">paulluxx9000</span>:</strong> <em>Yeah, I didn't have enough time to build 2 teams since I subbed in</em></div><div class="spacer battle-history"><br></div><div class="battle-history">Battle started between paulluxx9000 and BlaueBrause!<br></div><div class="spacer battle-history"><br></div><div class="battle-history">Go! <strong>Grimmsnarl</strong>!<br></div><div class="spacer battle-history"><br></div><div class="battle-history">BlaueBrause sent out Narahdarn (<strong>Noivern</strong>)!<br></div><div class="battle-history">[The opposing Narahdarn's Frisk]<br><small>The opposing Narahdarn frisked Grimmsnarl and found its Light Clay!</small><br></div><div class="spacer battle-history"><br></div><h2 class="battle-history">Turn 1</h2><div class="spacer battle-history"><br></div><div class="battle-history">BlaueBrause withdrew Narahdarn!<br></div><div class="battle-history">BlaueBrause sent out Out of the Blue (<strong>Weavile</strong>)!<br></div><div class="battle-history">[The opposing Out of the Blue's Pressure]<br><small>The opposing Out of the Blue is exerting its pressure!</small><br></div><div class="spacer battle-history"><br></div><div class="battle-history">Grimmsnarl used <strong>Thunder Wave</strong>!<br></div><div class="battle-history"><small>(Since gen 7, Dark is immune to Prankster moves.)</small><br></div><div class="battle-history"><small>It doesn't affect the opposing Out of the Blue...</small><br></div><div class="spacer battle-history"><br></div><h2 class="battle-history">Turn 2</h2><div class="spacer battle-history"><br></div><div class="battle-history">Grimmsnarl used <strong>Reflect</strong>!<br></div><div class="battle-history"><small>Reflect made your team stronger against physical moves!</small><br></div><div class="spacer battle-history"><br></div><div class="battle-history">The opposing Out of the Blue used <strong>Knock Off</strong>!<br></div><div class="battle-history"><small>It's not very effective...</small><br></div><div class="battle-history"><small>(Grimmsnarl lost 8% of its health!)</small><br></div><div class="battle-history"><small>The opposing Out of the Blue knocked off Grimmsnarl's Light Clay!</small><br></div><div class="spacer battle-history"><br></div><h2 class="battle-history">Turn 3</h2><div class="spacer battle-history"><br></div><div class="battle-history">BlaueBrause withdrew Out of the Blue!<br></div><div class="battle-history">BlaueBrause sent out F.E.'s Assistant (<strong>Swampert</strong>)!<br></div><div class="spacer battle-history"><br></div><div class="battle-history">Grimmsnarl used <strong>Light Screen</strong>!<br></div><div class="battle-history"><small>Light Screen made your team stronger against special moves!</small><br></div><div class="spacer battle-history"><br></div><h2 class="battle-history">Turn 4</h2><div class="spacer battle-history"><br></div><div class="battle-history">Grimmsnarl, come back!<br></div><div class="battle-history">Go! <strong>Toxapex</strong>!<br></div><div class="spacer battle-history"><br></div><div class="battle-history">The opposing F.E.'s Assistant used <strong>Stealth Rock</strong>!<br></div><div class="battle-history"><small>Pointed stones float in the air around your team!</small><br></div><div class="spacer battle-history"><br></div><h2 class="battle-history">Turn 5</h2><div class="spacer battle-history"><br></div><div class="battle-history">The opposing F.E.'s Assistant used <strong>Protect</strong>!<br></div><div class="battle-history"><small>The opposing F.E.'s Assistant protected itself!</small><br></div><div class="spacer battle-history"><br></div><div class="battle-history">Toxapex used <strong>Liquidation</strong>!<br></div><div class="battle-history"><small>The opposing F.E.'s Assistant protected itself!</small><br></div><div class="spacer battle-history"><br></div><h2 class="battle-history">Turn 6</h2><div class="spacer battle-history"><br></div><div class="battle-history">The opposing F.E.'s Assistant used <strong>High Horsepower</strong>!<br></div><div class="battle-history"><small>It's super effective!</small><br></div><div class="battle-history"><small>(Toxapex lost 27% of its health!)</small><br></div><div class="spacer battle-history"><br></div><div class="battle-history">Toxapex used <strong>Liquidation</strong>!<br></div><div class="battle-history"><small>(The opposing F.E.'s Assistant lost 40% of its health!)</small><br></div><div class="spacer battle-history"><br></div><div class="battle-history"><small>The opposing F.E.'s Assistant restored a little HP using its Leftovers!</small><br></div><div class="spacer battle-history"><br></div><h2 class="battle-history">Turn 7</h2><div class="spacer battle-history"><br></div><div class="battle-history">The opposing F.E.'s Assistant used <strong>Protect</strong>!<br></div><div class="battle-history"><small>The opposing F.E.'s Assistant protected itself!</small><br></div><div class="spacer battle-history"><br></div><div class="battle-history">Toxapex used <strong>Liquidation</strong>!<br></div><div class="battle-history"><small>The opposing F.E.'s Assistant protected itself!</small><br></div><div class="spacer battle-history"><br></div><div class="battle-history"><small>The opposing F.E.'s Assistant restored a little HP using its Leftovers!</small><br></div><div class="battle-history"><small>Your team's Light Screen wore off!</small><br></div><div class="spacer battle-history"><br></div><h2 class="battle-history">Turn 8</h2><div class="spacer battle-history"><br></div><div class="battle-history">BlaueBrause withdrew F.E.'s Assistant!<br></div><div class="battle-history">BlaueBrause sent out Fidelis (<strong>Corviknight</strong>)!<br></div><div class="battle-history">[The opposing Fidelis's Pressure]<br><small>The opposing Fidelis is exerting its pressure!</small><br></div><div class="spacer battle-history"><br></div><div class="battle-history">Toxapex used <strong>Liquidation</strong>!<br></div><div class="battle-history"><small>(The opposing Fidelis lost 28% of its health!)</small><br></div><div class="spacer battle-history"><br></div><div class="battle-history"><small>The opposing Fidelis restored a little HP using its Leftovers!</small><br></div><div class="spacer battle-history"><br></div><h2 class="battle-history">Turn 9</h2><div class="spacer battle-history"><br></div><div class="battle-history">The opposing Fidelis used <strong>Brave Bird</strong>!<br></div><div class="battle-history"><small>(Toxapex lost 15% of its health!)</small><br></div><div class="battle-history"><small>The opposing Fidelis was damaged by the recoil!</small><br></div><div class="spacer battle-history"><br></div><div class="battle-history">Toxapex used <strong>Liquidation</strong>!<br></div><div class="battle-history"><small>(The opposing Fidelis lost 27% of its health!)</small><br></div><div class="battle-history"><small>The opposing Fidelis's Defense fell!</small><br></div><div class="spacer battle-history"><br></div><div class="battle-history"><small>The opposing Fidelis restored a little HP using its Leftovers!</small><br></div><div class="battle-history"><small>Your team's Reflect wore off!</small><br></div><div class="spacer battle-history"><br></div><h2 class="battle-history">Turn 10</h2><div class="spacer battle-history"><br></div><div class="battle-history">The opposing Fidelis used <strong>Roost</strong>!<br></div><div class="battle-history"><small>The opposing Fidelis had its HP restored.</small><br></div><div class="battle-history"><small>(The opposing Fidelis loses Flying type this turn.)</small><br></div><div class="spacer battle-history"><br></div><div class="battle-history">Toxapex used <strong>Liquidation</strong>!<br></div><div class="battle-history"><small>A critical hit!</small><br></div><div class="battle-history"><small>(The opposing Fidelis lost 65% of its health!)</small><br></div><div class="spacer battle-history"><br></div><div class="battle-history"><small>The opposing Fidelis restored a little HP using its Leftovers!</small><br></div><div class="spacer battle-history"><br></div><h2 class="battle-history">Turn 11</h2><div class="spacer battle-history"><br></div><div class="battle-history">The opposing Fidelis used <strong>Roost</strong>!<br></div><div class="battle-history"><small>The opposing Fidelis had its HP restored.</small><br></div><div class="battle-history"><small>(The opposing Fidelis loses Flying type this turn.)</small><br></div><div class="spacer battle-history"><br></div><div class="battle-history">Toxapex used <strong>Liquidation</strong>!<br></div><div class="battle-history"><small>(The opposing Fidelis lost 40% of its health!)</small><br></div><div class="spacer battle-history"><br></div><div class="battle-history"><small>The opposing Fidelis restored a little HP using its Leftovers!</small><br></div><div class="spacer battle-history"><br></div><h2 class="battle-history">Turn 12</h2><div class="spacer battle-history"><br></div><div class="battle-history">The opposing Fidelis used <strong>Roost</strong>!<br></div><div class="battle-history"><small>The opposing Fidelis had its HP restored.</small><br></div><div class="battle-history"><small>(The opposing Fidelis loses Flying type this turn.)</small><br></div><div class="spacer battle-history"><br></div><div class="battle-history">Toxapex used <strong>Liquidation</strong>!<br></div><div class="battle-history"><small>(The opposing Fidelis lost 42% of its health!)</small><br></div><div class="spacer battle-history"><br></div><div class="battle-history"><small>The opposing Fidelis restored a little HP using its Leftovers!</small><br></div><div class="spacer battle-history"><br></div><h2 class="battle-history">Turn 13</h2><div class="spacer battle-history"><br></div><div class="battle-history">Toxapex, come back!<br></div><div class="battle-history">Go! <strong>Krookodile</strong>!<br></div><div class="battle-history"><small>Pointed stones dug into Krookodile!</small><br></div><div class="battle-history">[Krookodile's Intimidate]<br></div><div class="battle-history"><small>The opposing Fidelis's Attack fell!</small><br></div><div class="spacer battle-history"><br></div><div class="battle-history">The opposing Fidelis used <strong>U-turn</strong>!<br></div><div class="battle-history"><small>It's super effective!</small><br></div><div class="battle-history"><small>(Krookodile lost 24% of its health!)</small><br></div><div class="spacer battle-history"><br></div><div class="battle-history">The opposing Fidelis went back to BlaueBrause!<br></div><div class="battle-history">BlaueBrause sent out Primavera (<strong>Rillaboom</strong>)!<br></div><div class="battle-history">[The opposing Primavera's Grassy Surge]<br><small>Grass grew to cover the battlefield!</small><br></div><div class="spacer battle-history"><br></div><div class="battle-history"><small>Krookodile's HP was restored.</small><br></div><div class="spacer battle-history"><br></div><h2 class="battle-history">Turn 14</h2><div class="chat"><small> exploziff joined</small></div><div class="spacer battle-history"><br></div><div class="battle-history">Krookodile, come back!<br></div><div class="battle-history">Go! <strong>Heatran</strong>!<br></div><div class="battle-history"><small>Pointed stones dug into Heatran!</small><br></div><div class="spacer battle-history"><br></div><div class="battle-history">The opposing Primavera used <strong>Swords Dance</strong>!<br></div><div class="battle-history"><small>The opposing Primavera's Attack rose sharply!</small><br></div><div class="spacer battle-history"><br></div><div class="battle-history"><small>Heatran restored a little HP using its Leftovers!</small><br></div><div class="battle-history"><small>Heatran's HP was restored.</small><br></div><div class="spacer battle-history"><br></div><h2 class="battle-history">Turn 15</h2><div class="spacer battle-history"><br></div><div class="battle-history">The opposing Primavera used <strong>Drain Punch</strong>!<br></div><div class="battle-history"><small>It's super effective!</small><br></div><div class="battle-history"><small>(Heatran lost 100% of its health!)</small><br></div><div class="battle-history"><small>The opposing Primavera lost some of its HP!</small><br></div><div class="spacer battle-history"><br></div><div class="battle-history">Heatran fainted!<br></div><div class="spacer battle-history"><br></div><div class="battle-history"><small>The opposing Primavera's HP was restored.</small><br></div><div class="spacer battle-history"><br></div><div class="battle-history">Go! Zapdos (<strong>Zapdos-Galar</strong>)!<br></div><div class="battle-history"><small>Pointed stones dug into Zapdos!</small><br></div><div class="spacer battle-history"><br></div><h2 class="battle-history">Turn 16</h2><div class="spacer battle-history"><br></div><div class="battle-history">BlaueBrause withdrew Primavera!<br></div><div class="battle-history">BlaueBrause sent out F.E.'s Assistant (<strong>Swampert</strong>)!<br></div><div class="spacer battle-history"><br></div><div class="battle-history">Zapdos used <strong>Brave Bird</strong>!<br></div><div class="battle-history"><small>(The opposing F.E.'s Assistant lost 57% of its health!)</small><br></div><div class="battle-history"><small>Zapdos was damaged by the recoil!</small><br></div><div class="spacer battle-history"><br></div><div class="battle-history"><small>The opposing F.E.'s Assistant restored a little HP using its Leftovers!</small><br></div><div class="battle-history"><small>The opposing F.E.'s Assistant's HP was restored.</small><br></div><div class="spacer battle-history"><br></div><h2 class="battle-history">Turn 17</h2><div class="spacer battle-history"><br></div><div class="battle-history">The opposing F.E.'s Assistant used <strong>Protect</strong>!<br></div><div class="battle-history"><small>The opposing F.E.'s Assistant protected itself!</small><br></div><div class="spacer battle-history"><br></div><div class="battle-history">Zapdos used <strong>Brave Bird</strong>!<br></div><div class="battle-history"><small>The opposing F.E.'s Assistant protected itself!</small><br></div><div class="spacer battle-history"><br></div><div class="battle-history"><small>The opposing F.E.'s Assistant restored a little HP using its Leftovers!</small><br></div><div class="battle-history"><small>The opposing F.E.'s Assistant's HP was restored.</small><br></div><div class="battle-history"><small>The grass disappeared from the battlefield.</small><br></div><div class="spacer battle-history"><br></div><h2 class="battle-history">Turn 18</h2><div class="chat"><small>+inkbug1 joined</small></div><div class="spacer battle-history"><br></div><div class="battle-history">BlaueBrause withdrew F.E.'s Assistant!<br></div><div class="battle-history">BlaueBrause sent out Fidelis (<strong>Corviknight</strong>)!<br></div><div class="battle-history">[The opposing Fidelis's Pressure]<br><small>The opposing Fidelis is exerting its pressure!</small><br></div><div class="spacer battle-history"><br></div><div class="battle-history">Zapdos used <strong>Brave Bird</strong>!<br></div><div class="battle-history"><small>It's not very effective...</small><br></div><div class="battle-history"><small>(The opposing Fidelis lost 21% of its health!)</small><br></div><div class="battle-history"><small>Zapdos was damaged by the recoil!</small><br></div><div class="spacer battle-history"><br></div><div class="battle-history"><small>The opposing Fidelis restored a little HP using its Leftovers!</small><br></div><div class="spacer battle-history"><br></div><h2 class="battle-history">Turn 19</h2><div class="spacer battle-history"><br></div><div class="battle-history">Zapdos, come back!<br></div><div class="battle-history">Go! <strong>Corviknight</strong>!<br></div><div class="battle-history"><small>Pointed stones dug into Corviknight!</small><br></div><div class="battle-history">[Corviknight's Pressure]<br><small>Corviknight is exerting its pressure!</small><br></div><div class="spacer battle-history"><br></div><div class="battle-history">The opposing Fidelis used <strong>Roost</strong>!<br></div><div class="battle-history"><small>The opposing Fidelis had its HP restored.</small><br></div><div class="battle-history"><small>(The opposing Fidelis loses Flying type this turn.)</small><br></div><div class="spacer battle-history"><br></div><div class="battle-history"><small>Corviknight restored a little HP using its Leftovers!</small><br></div><div class="spacer battle-history"><br></div><h2 class="battle-history">Turn 20</h2><div class="spacer battle-history"><br></div><div class="battle-history">Corviknight used <strong>Defog</strong>!<br></div><div class="battle-history"><small>The opposing Fidelis's evasiveness fell!</small><br></div><div class="battle-history"><small>The pointed stones disappeared from around your team!</small><br></div><div class="spacer battle-history"><br></div><div class="battle-history">The opposing Fidelis used <strong>U-turn</strong>!<br></div><div class="battle-history"><small>It's not very effective...</small><br></div><div class="battle-history"><small>(Corviknight lost 2% of its health!)</small><br></div><div class="spacer battle-history"><br></div><div class="battle-history">The opposing Fidelis went back to BlaueBrause!<br></div><div class="battle-history">BlaueBrause sent out Too Elegant (<strong>Urshifu-Rapid-Strike</strong>)!<br></div><div class="spacer battle-history"><br></div><div class="battle-history"><small>Corviknight restored a little HP using its Leftovers!</small><br></div><div class="spacer battle-history"><br></div><h2 class="battle-history">Turn 21</h2><div class="spacer battle-history"><br></div><div class="battle-history">The opposing Too Elegant used <strong>Surging Strikes</strong>!<br></div><div class="battle-history"><small>A critical hit!</small><br></div><div class="battle-history"><small>(Corviknight lost 17% of its health!)</small><br></div><div class="battle-history"><small>A critical hit!</small><br></div><div class="battle-history"><small>(Corviknight lost 16% of its health!)</small><br></div><div class="battle-history"><small>A critical hit!</small><br></div><div class="battle-history"><small>(Corviknight lost 18% of its health!)</small><br></div><div class="battle-history"><small>The Pokémon was hit 3 times!</small><br></div><div class="spacer battle-history"><br></div><div class="battle-history">Corviknight used <strong>Brave Bird</strong>!<br></div><div class="battle-history"><small>It's super effective!</small><br></div><div class="battle-history"><small>(The opposing Too Elegant lost 70% of its health!)</small><br></div><div class="battle-history"><small>Corviknight was damaged by the recoil!</small><br></div><div class="spacer battle-history"><br></div><div class="battle-history"><small>Corviknight restored a little HP using its Leftovers!</small><br></div><div class="spacer battle-history"><br></div><h2 class="battle-history">Turn 22</h2><div class="chat"><small> ThatTheDamned joined</small></div><div class="spacer battle-history"><br></div><div class="battle-history">Corviknight, come back!<br></div><div class="battle-history">Go! <strong>Toxapex</strong>!<br></div><div class="spacer battle-history"><br></div><div class="battle-history">The opposing Too Elegant used <strong>Surging Strikes</strong>!<br></div><div class="battle-history"><small>It's not very effective...</small><br></div><div class="battle-history"><small>A critical hit!</small><br></div><div class="battle-history"><small>(Toxapex lost 11% of its health!)</small><br></div><div class="battle-history"><small>It's not very effective...</small><br></div><div class="battle-history"><small>A critical hit!</small><br></div><div class="battle-history"><small>(Toxapex lost 11% of its health!)</small><br></div><div class="battle-history"><small>It's not very effective...</small><br></div><div class="battle-history"><small>A critical hit!</small><br></div><div class="battle-history"><small>(Toxapex lost 11% of its health!)</small><br></div><div class="battle-history"><small>The Pokémon was hit 3 times!</small><br></div><div class="spacer battle-history"><br></div><h2 class="battle-history">Turn 23</h2><div class="spacer battle-history"><br></div><div class="battle-history">BlaueBrause withdrew Too Elegant!<br></div><div class="battle-history">BlaueBrause sent out Fidelis (<strong>Corviknight</strong>)!<br></div><div class="battle-history">[The opposing Fidelis's Pressure]<br><small>The opposing Fidelis is exerting its pressure!</small><br></div><div class="spacer battle-history"><br></div><div class="battle-history">Toxapex used <strong>Baneful Bunker</strong>!<br></div><div class="battle-history"><small>But it failed!</small><br></div><div class="spacer battle-history"><br></div><h2 class="battle-history">Turn 24</h2><div class="spacer battle-history"><br></div><div class="battle-history">Toxapex, come back!<br></div><div class="battle-history">Go! <strong>Corviknight</strong>!<br></div><div class="battle-history">[Corviknight's Pressure]<br><small>Corviknight is exerting its pressure!</small><br></div><div class="spacer battle-history"><br></div><div class="battle-history">The opposing Fidelis used <strong>Brave Bird</strong>!<br></div><div class="battle-history"><small>It's not very effective...</small><br></div><div class="battle-history"><small>(Corviknight lost 12% of its health!)</small><br></div><div class="battle-history"><small>The opposing Fidelis was damaged by the recoil!</small><br></div><div class="spacer battle-history"><br></div><div class="battle-history"><small>Corviknight restored a little HP using its Leftovers!</small><br></div><div class="battle-history"><small>The opposing Fidelis restored a little HP using its Leftovers!</small><br></div><div class="spacer battle-history"><br></div><h2 class="battle-history">Turn 25</h2><div class="spacer battle-history"><br></div><div class="battle-history">Corviknight used <strong>Roost</strong>!<br></div><div class="battle-history"><small>Corviknight had its HP restored.</small><br></div><div class="battle-history"><small>(Corviknight loses Flying type this turn.)</small><br></div><div class="spacer battle-history"><br></div><div class="battle-history">The opposing Fidelis used <strong>U-turn</strong>!<br></div><div class="battle-history"><small>It's not very effective...</small><br></div><div class="battle-history"><small>(Corviknight lost 4% of its health!)</small><br></div><div class="spacer battle-history"><br></div><div class="battle-history">The opposing Fidelis went back to BlaueBrause!<br></div><div class="battle-history">BlaueBrause sent out Too Elegant (<strong>Urshifu-Rapid-Strike</strong>)!<br></div><div class="spacer battle-history"><br></div><div class="battle-history"><small>Corviknight restored a little HP using its Leftovers!</small><br></div><div class="spacer battle-history"><br></div><h2 class="battle-history">Turn 26</h2><div class="spacer battle-history"><br></div><div class="battle-history">The opposing Too Elegant used <strong>Surging Strikes</strong>!<br></div><div class="battle-history"><small>A critical hit!</small><br></div><div class="battle-history"><small>(Corviknight lost 17% of its health!)</small><br></div><div class="battle-history"><small>A critical hit!</small><br></div><div class="battle-history"><small>(Corviknight lost 17% of its health!)</small><br></div><div class="battle-history"><small>A critical hit!</small><br></div><div class="battle-history"><small>(Corviknight lost 20% of its health!)</small><br></div><div class="battle-history"><small>The Pokémon was hit 3 times!</small><br></div><div class="spacer battle-history"><br></div><div class="battle-history">Corviknight used <strong>Brave Bird</strong>!<br></div><div class="battle-history"><small>It's super effective!</small><br></div><div class="battle-history"><small>(The opposing Too Elegant lost 30% of its health!)</small><br></div><div class="battle-history"><small>Corviknight was damaged by the recoil!</small><br></div><div class="spacer battle-history"><br></div><div class="battle-history">The opposing Too Elegant fainted!<br></div><div class="spacer battle-history"><br></div><div class="battle-history"><small>Corviknight restored a little HP using its Leftovers!</small><br></div><div class="spacer battle-history"><br></div><div class="battle-history">BlaueBrause sent out Out of the Blue (<strong>Weavile</strong>)!<br></div><div class="battle-history">[The opposing Out of the Blue's Pressure]<br><small>The opposing Out of the Blue is exerting its pressure!</small><br></div><div class="spacer battle-history"><br></div><h2 class="battle-history">Turn 27</h2><div class="spacer battle-history"><br></div><div class="battle-history">Corviknight, come back!<br></div><div class="battle-history">Go! <strong>Krookodile</strong>!<br></div><div class="battle-history">[Krookodile's Intimidate]<br></div><div class="battle-history"><small>The opposing Out of the Blue's Attack fell!</small><br></div><div class="spacer battle-history"><br></div><div class="battle-history">The opposing Out of the Blue used <strong>Knock Off</strong>!<br></div><div class="battle-history"><small>It's not very effective...</small><br></div><div class="battle-history"><small>(Krookodile lost 19% of its health!)</small><br></div><div class="spacer battle-history"><br></div><h2 class="battle-history">Turn 28</h2><div class="spacer battle-history"><br></div><div class="battle-history">BlaueBrause withdrew Out of the Blue!<br></div><div class="battle-history">BlaueBrause sent out Primavera (<strong>Rillaboom</strong>)!<br></div><div class="battle-history">[The opposing Primavera's Grassy Surge]<br><small>Grass grew to cover the battlefield!</small><br></div><div class="spacer battle-history"><br></div><div class="battle-history"><small>Krookodile's Krookodilite is reacting to the Key Stone!</small><br>Krookodile has Mega Evolved into Mega Krookodile!<br></div><div class="chat"><ul class="utilichart"><li class="result"><span class="col pokemonnamecol" style="white-space: nowrap">Krookodile-Mega</span> <span class="col typecol"><img src="https://play.pokemonshowdown.com/sprites/types/Ground.png" alt="Ground" height="14" width="32"><img src="https://play.pokemonshowdown.com/sprites/types/Dark.png" alt="Dark" height="14" width="32"></span> <span style="float: left ; min-height: 26px"><span class="col abilitycol">Stygian Shades</span><span class="col abilitycol"></span></span><span style="float: left ; min-height: 26px"><span class="col statcol"><em>HP</em><br>95</span> <span class="col statcol"><em>Atk</em><br>150</span> <span class="col statcol"><em>Def</em><br>95</span> <span class="col statcol"><em>SpA</em><br>65</span> <span class="col statcol"><em>SpD</em><br>95</span> <span class="col statcol"><em>Spe</em><br>119</span> </span></li><li style="clear: both"></li></ul></div><div class="spacer battle-history"><br></div><div class="battle-history">Krookodile used <strong>Parting Shot</strong>!<br></div><div class="battle-history"><small>The opposing Primavera's Attack fell!</small><br></div><div class="battle-history"><small>The opposing Primavera's Sp. Atk fell!</small><br></div><div class="battle-history"><small>Spikes were scattered on the ground all around the opposing team!</small><br></div><div class="spacer battle-history"><br></div><div class="battle-history">Krookodile, come back!<br></div><div class="battle-history">Go! <strong>Toxapex</strong>!<br></div><div class="spacer battle-history"><br></div><div class="battle-history"><small>The opposing Primavera's HP was restored.</small><br></div><div class="battle-history"><small>Toxapex's HP was restored.</small><br></div><div class="spacer battle-history"><br></div><h2 class="battle-history">Turn 29</h2><div class="spacer battle-history"><br></div><div class="battle-history">BlaueBrause withdrew Primavera!<br></div><div class="battle-history">BlaueBrause sent out Fidelis (<strong>Corviknight</strong>)!<br></div><div class="battle-history">[The opposing Fidelis's Pressure]<br><small>The opposing Fidelis is exerting its pressure!</small><br></div><div class="spacer battle-history"><br></div><div class="battle-history">Toxapex used <strong>Gunk Shot</strong>!<br></div><div class="battle-history"><small>It doesn't affect the opposing Fidelis...</small><br></div><div class="spacer battle-history"><br></div><div class="battle-history"><small>Toxapex's HP was restored.</small><br></div><div class="spacer battle-history"><br></div><h2 class="battle-history">Turn 30</h2><div class="spacer battle-history"><br></div><div class="battle-history">Toxapex, come back!<br></div><div class="battle-history">Go! <strong>Corviknight</strong>!<br></div><div class="battle-history">[Corviknight's Pressure]<br><small>Corviknight is exerting its pressure!</small><br></div><div class="spacer battle-history"><br></div><div class="battle-history">The opposing Fidelis used <strong>U-turn</strong>!<br></div><div class="battle-history"><small>It's not very effective...</small><br></div><div class="battle-history"><small>(Corviknight lost 2% of its health!)</small><br></div><div class="spacer battle-history"><br></div><div class="battle-history">The opposing Fidelis went back to BlaueBrause!<br></div><div class="battle-history">BlaueBrause sent out Out of the Blue (<strong>Weavile</strong>)!<br></div><div class="battle-history"><small>The opposing Out of the Blue was hurt by the spikes!</small><br></div><div class="battle-history">[The opposing Out of the Blue's Pressure]<br><small>The opposing Out of the Blue is exerting its pressure!</small><br></div><div class="spacer battle-history"><br></div><div class="battle-history"><small>The opposing Out of the Blue's HP was restored.</small><br></div><div class="battle-history"><small>Corviknight restored a little HP using its Leftovers!</small><br></div><div class="spacer battle-history"><br></div><h2 class="battle-history">Turn 31</h2><div class="spacer battle-history"><br></div><div class="battle-history">Corviknight, come back!<br></div><div class="battle-history">Go! <strong>Grimmsnarl</strong>!<br></div><div class="spacer battle-history"><br></div><div class="battle-history">The opposing Out of the Blue used <strong>Knock Off</strong>!<br></div><div class="battle-history"><small>It's not very effective...</small><br></div><div class="battle-history"><small>(Grimmsnarl lost 12% of its health!)</small><br></div><div class="spacer battle-history"><br></div><div class="battle-history"><small>The opposing Out of the Blue's HP was restored.</small><br></div><div class="battle-history"><small>Grimmsnarl's HP was restored.</small><br></div><div class="spacer battle-history"><br></div><h2 class="battle-history">Turn 32</h2><div class="chat"><small> Parcos joined</small></div><div class="spacer battle-history"><br></div><div class="battle-history">Grimmsnarl used <strong>Reflect</strong>!<br></div><div class="battle-history"><small>Reflect made your team stronger against physical moves!</small><br></div><div class="spacer battle-history"><br></div><div class="battle-history">The opposing Out of the Blue used <strong>Knock Off</strong>!<br></div><div class="battle-history"><small>It's not very effective...</small><br></div><div class="battle-history"><small>(Grimmsnarl lost 6% of its health!)</small><br></div><div class="spacer battle-history"><br></div><div class="battle-history"><small>The opposing Out of the Blue's HP was restored.</small><br></div><div class="battle-history"><small>Grimmsnarl's HP was restored.</small><br></div><div class="battle-history"><small>The grass disappeared from the battlefield.</small><br></div><div class="spacer battle-history"><br></div><h2 class="battle-history">Turn 33</h2><div class="spacer battle-history"><br></div><div class="battle-history">BlaueBrause withdrew Out of the Blue!<br></div><div class="battle-history">BlaueBrause sent out Fidelis (<strong>Corviknight</strong>)!<br></div><div class="battle-history">[The opposing Fidelis's Pressure]<br><small>The opposing Fidelis is exerting its pressure!</small><br></div><div class="spacer battle-history"><br></div><div class="battle-history">Grimmsnarl used <strong>Darkest Lariat</strong>!<br></div><div class="battle-history"><small>(The opposing Fidelis lost 25% of its health!)</small><br></div><div class="spacer battle-history"><br></div><div class="battle-history"><small>The opposing Fidelis restored a little HP using its Leftovers!</small><br></div><div class="spacer battle-history"><br></div><h2 class="battle-history">Turn 34</h2><div class="spacer battle-history"><br></div><div class="battle-history">Grimmsnarl used <strong>Thunder Wave</strong>!<br></div><div class="battle-history"><small>The opposing Fidelis is paralyzed! It may be unable to move!</small><br></div><div class="spacer battle-history"><br></div><div class="battle-history">The opposing Fidelis used <strong>U-turn</strong>!<br></div><div class="battle-history"><small>(Grimmsnarl lost 7% of its health!)</small><br></div><div class="spacer battle-history"><br></div><div class="battle-history">The opposing Fidelis went back to BlaueBrause!<br></div><div class="battle-history">BlaueBrause sent out Out of the Blue (<strong>Weavile</strong>)!<br></div><div class="battle-history"><small>The opposing Out of the Blue was hurt by the spikes!</small><br></div><div class="battle-history">[The opposing Out of the Blue's Pressure]<br><small>The opposing Out of the Blue is exerting its pressure!</small><br></div><div class="spacer battle-history"><br></div><h2 class="battle-history">Turn 35</h2><div class="spacer battle-history"><br></div><div class="battle-history">The opposing Out of the Blue used <strong>Icicle Crash</strong>!<br></div><div class="battle-history"><small>(Grimmsnarl lost 33% of its health!)</small><br></div><div class="spacer battle-history"><br></div><div class="battle-history">Grimmsnarl flinched and couldn't move!<br></div><div class="spacer battle-history"><br></div><h2 class="battle-history">Turn 36</h2><div class="spacer battle-history"><br></div><div class="battle-history">Grimmsnarl, come back!<br></div><div class="battle-history">Go! <strong>Toxapex</strong>!<br></div><div class="spacer battle-history"><br></div><div class="battle-history">The opposing Out of the Blue used <strong>Icicle Crash</strong>!<br></div><div class="battle-history"><small>Toxapex avoided the attack!</small><br></div><div class="spacer battle-history"><br></div><div class="battle-history"><small>Your team's Reflect wore off!</small><br></div><div class="spacer battle-history"><br></div><h2 class="battle-history">Turn 37</h2><div class="chat"><small> exploziff left</small></div><div class="spacer battle-history"><br></div><div class="battle-history">BlaueBrause withdrew Out of the Blue!<br></div><div class="battle-history">BlaueBrause sent out Narahdarn (<strong>Noivern</strong>)!<br></div><div class="battle-history">[The opposing Narahdarn's Frisk]<br><small>The opposing Narahdarn frisked Toxapex and found its Choice Band!</small><br></div><div class="spacer battle-history"><br></div><div class="battle-history">Toxapex used <strong>Liquidation</strong>!<br></div><div class="battle-history"><small>It's not very effective...</small><br></div><div class="battle-history"><small>(The opposing Narahdarn lost 29% of its health!)</small><br></div><div class="spacer battle-history"><br></div><h2 class="battle-history">Turn 38</h2><div class="spacer battle-history"><br></div><div class="battle-history">Toxapex, come back!<br></div><div class="battle-history">Go! <strong>Grimmsnarl</strong>!<br></div><div class="spacer battle-history"><br></div><div class="battle-history">The opposing Narahdarn used <strong>Toxic</strong>!<br></div><div class="battle-history"><small>Grimmsnarl was badly poisoned!</small><br></div><div class="spacer battle-history"><br></div><div class="battle-history"><small>Grimmsnarl was hurt by poison!</small><br></div><div class="spacer battle-history"><br></div><h2 class="battle-history">Turn 39</h2><div class="spacer battle-history"><br></div><div class="battle-history">BlaueBrause withdrew Narahdarn!<br></div><div class="battle-history">BlaueBrause sent out Fidelis (<strong>Corviknight</strong>)!<br></div><div class="battle-history">[The opposing Fidelis's Pressure]<br><small>The opposing Fidelis is exerting its pressure!</small><br></div><div class="spacer battle-history"><br></div><div class="battle-history">Grimmsnarl used <strong>Light Screen</strong>!<br></div><div class="battle-history"><small>Light Screen made your team stronger against special moves!</small><br></div><div class="spacer battle-history"><br></div><div class="battle-history"><small>The opposing Fidelis restored a little HP using its Leftovers!</small><br></div><div class="battle-history"><small>Grimmsnarl was hurt by poison!</small><br></div><div class="spacer battle-history"><br></div><h2 class="battle-history">Turn 40</h2><div class="spacer battle-history"><br></div><div class="battle-history">Grimmsnarl, come back!<br></div><div class="battle-history">Go! <strong>Corviknight</strong>!<br></div><div class="battle-history">[Corviknight's Pressure]<br><small>Corviknight is exerting its pressure!</small><br></div><div class="spacer battle-history"><br></div><div class="battle-history">The opposing Fidelis used <strong>U-turn</strong>!<br></div><div class="battle-history"><small>It's not very effective...</small><br></div><div class="battle-history"><small>(Corviknight lost 3% of its health!)</small><br></div><div class="spacer battle-history"><br></div><div class="battle-history">The opposing Fidelis went back to BlaueBrause!<br></div><div class="battle-history">BlaueBrause sent out Out of the Blue (<strong>Weavile</strong>)!<br></div><div class="battle-history"><small>The opposing Out of the Blue was hurt by the spikes!</small><br></div><div class="battle-history">[The opposing Out of the Blue's Pressure]<br><small>The opposing Out of the Blue is exerting its pressure!</small><br></div><div class="spacer battle-history"><br></div><div class="battle-history"><small>Corviknight restored a little HP using its Leftovers!</small><br></div><div class="spacer battle-history"><br></div><h2 class="battle-history">Turn 41</h2><div class="spacer battle-history"><br></div><div class="battle-history">Corviknight, come back!<br></div><div class="battle-history">Go! <strong>Grimmsnarl</strong>!<br></div><div class="spacer battle-history"><br></div><div class="battle-history">The opposing Out of the Blue used <strong>Knock Off</strong>!<br></div><div class="battle-history"><small>It's not very effective...</small><br></div><div class="battle-history"><small>(Grimmsnarl lost 11% of its health!)</small><br></div><div class="spacer battle-history"><br></div><div class="battle-history"><small>Grimmsnarl was hurt by poison!</small><br></div><div class="spacer battle-history"><br></div><h2 class="battle-history">Turn 42</h2><div class="spacer battle-history"><br></div><div class="battle-history">Grimmsnarl used <strong>Reflect</strong>!<br></div><div class="battle-history"><small>Reflect made your team stronger against physical moves!</small><br></div><div class="spacer battle-history"><br></div><div class="battle-history">The opposing Out of the Blue used <strong>Knock Off</strong>!<br></div><div class="battle-history"><small>It's not very effective...</small><br></div><div class="battle-history"><small>(Grimmsnarl lost 6% of its health!)</small><br></div><div class="spacer battle-history"><br></div><div class="battle-history"><small>Grimmsnarl was hurt by poison!</small><br></div><div class="spacer battle-history"><br></div><div class="battle-history">Grimmsnarl fainted!<br></div><div class="spacer battle-history"><br></div><div class="battle-history">Go! Krookodile (<strong>Krookodile-Mega</strong>)!<br></div><div class="spacer battle-history"><br></div><h2 class="battle-history">Turn 43</h2><div class="spacer battle-history"><br></div><div class="battle-history">BlaueBrause withdrew Out of the Blue!<br></div><div class="battle-history">BlaueBrause sent out F.E.'s Assistant (<strong>Swampert</strong>)!<br></div><div class="battle-history"><small>The opposing F.E.'s Assistant was hurt by the spikes!</small><br></div><div class="spacer battle-history"><br></div><div class="battle-history">Krookodile used <strong>Parting Shot</strong>!<br></div><div class="battle-history"><small>The opposing F.E.'s Assistant's Attack fell!</small><br></div><div class="battle-history"><small>The opposing F.E.'s Assistant's Sp. Atk fell!</small><br></div><div class="battle-history"><small>Spikes were scattered on the ground all around the opposing team!</small><br></div><div class="spacer battle-history"><br></div><div class="battle-history">Krookodile, come back!<br></div><div class="battle-history">Go! <strong>Toxapex</strong>!<br></div><div class="spacer battle-history"><br></div><div class="battle-history"><small>The opposing F.E.'s Assistant restored a little HP using its Leftovers!</small><br></div><div class="battle-history"><small>Your team's Light Screen wore off!</small><br></div><div class="spacer battle-history"><br></div><h2 class="battle-history">Turn 44</h2><div class="spacer battle-history"><br></div><div class="battle-history">The opposing F.E.'s Assistant used <strong>Protect</strong>!<br></div><div class="battle-history"><small>The opposing F.E.'s Assistant protected itself!</small><br></div><div class="spacer battle-history"><br></div><div class="battle-history">Toxapex used <strong>Liquidation</strong>!<br></div><div class="battle-history"><small>The opposing F.E.'s Assistant protected itself!</small><br></div><div class="spacer battle-history"><br></div><div class="battle-history"><small>The opposing F.E.'s Assistant restored a little HP using its Leftovers!</small><br></div><div class="spacer battle-history"><br></div><h2 class="battle-history">Turn 45</h2><div class="spacer battle-history"><br></div><div class="battle-history">The opposing F.E.'s Assistant used <strong>Flip Turn</strong>!<br></div><div class="battle-history"><small>It's not very effective...</small><br></div><div class="battle-history"><small>(Toxapex lost 2% of its health!)</small><br></div><div class="spacer battle-history"><br></div><div class="battle-history">BlaueBrause withdrew F.E.'s Assistant!<br></div><div class="battle-history">BlaueBrause sent out Fidelis (<strong>Corviknight</strong>)!<br></div><div class="battle-history">[The opposing Fidelis's Pressure]<br><small>The opposing Fidelis is exerting its pressure!</small><br></div><div class="spacer battle-history"><br></div><div class="battle-history">Toxapex used <strong>Liquidation</strong>!<br></div><div class="battle-history"><small>(The opposing Fidelis lost 28% of its health!)</small><br></div><div class="spacer battle-history"><br></div><div class="battle-history"><small>The opposing Fidelis restored a little HP using its Leftovers!</small><br></div><div class="spacer battle-history"><br></div><h2 class="battle-history">Turn 46</h2><div class="spacer battle-history"><br></div><div class="battle-history">Toxapex, come back!<br></div><div class="battle-history">Go! Zapdos (<strong>Zapdos-Galar</strong>)!<br></div><div class="spacer battle-history"><br></div><div class="battle-history">The opposing Fidelis used <strong>U-turn</strong>!<br></div><div class="battle-history"><small>It's not very effective...</small><br></div><div class="battle-history"><small>(Zapdos lost 2% of its health!)</small><br></div><div class="spacer battle-history"><br></div><div class="battle-history">The opposing Fidelis went back to BlaueBrause!<br></div><div class="battle-history">BlaueBrause sent out Narahdarn (<strong>Noivern</strong>)!<br></div><div class="battle-history">[The opposing Narahdarn's Frisk]<br><small>The opposing Narahdarn frisked Zapdos and found its Choice Scarf!</small><br></div><div class="spacer battle-history"><br></div><div class="battle-history"><small>Your team's Reflect wore off!</small><br></div><div class="spacer battle-history"><br></div><h2 class="battle-history">Turn 47</h2><div class="spacer battle-history"><br></div><div class="battle-history">BlaueBrause withdrew Narahdarn!<br></div><div class="battle-history">BlaueBrause sent out F.E.'s Assistant (<strong>Swampert</strong>)!<br></div><div class="battle-history"><small>The opposing F.E.'s Assistant was hurt by the spikes!</small><br></div><div class="spacer battle-history"><br></div><div class="battle-history">Zapdos used <strong>Brave Bird</strong>!<br></div><div class="battle-history"><small>(The opposing F.E.'s Assistant lost 25% of its health!)</small><br></div><div class="battle-history"><small>Zapdos was damaged by the recoil!</small><br></div><div class="spacer battle-history"><br></div><div class="battle-history">The opposing F.E.'s Assistant fainted!<br></div><div class="spacer battle-history"><br></div><div class="battle-history">BlaueBrause sent out Out of the Blue (<strong>Weavile</strong>)!<br></div><div class="battle-history"><small>The opposing Out of the Blue was hurt by the spikes!</small><br></div><div class="battle-history">[The opposing Out of the Blue's Pressure]<br><small>The opposing Out of the Blue is exerting its pressure!</small><br></div><div class="spacer battle-history"><br></div><h2 class="battle-history">Turn 48</h2><div class="spacer battle-history"><br></div><div class="battle-history">The opposing Out of the Blue used <strong>Ice Shard</strong>!<br></div><div class="battle-history"><small>It's super effective!</small><br></div><div class="battle-history"><small>(Zapdos lost 44% of its health!)</small><br></div><div class="spacer battle-history"><br></div><div class="battle-history">Zapdos fainted!<br></div><div class="spacer battle-history"><br></div><div class="battle-history">Go! <strong>Toxapex</strong>!<br></div><div class="spacer battle-history"><br></div><h2 class="battle-history">Turn 49</h2><div class="spacer battle-history"><br></div><div class="battle-history">BlaueBrause withdrew Out of the Blue!<br></div><div class="battle-history">BlaueBrause sent out Fidelis (<strong>Corviknight</strong>)!<br></div><div class="battle-history">[The opposing Fidelis's Pressure]<br><small>The opposing Fidelis is exerting its pressure!</small><br></div><div class="spacer battle-history"><br></div><div class="battle-history">Toxapex used <strong>Knock Off</strong>!<br></div><div class="battle-history"><small>(The opposing Fidelis lost 22% of its health!)</small><br></div><div class="battle-history"><small>Toxapex knocked off the opposing Fidelis's Leftovers!</small><br></div><div class="spacer battle-history"><br></div><h2 class="battle-history">Turn 50</h2><div class="spacer battle-history"><br></div><div class="battle-history">Toxapex used <strong>Knock Off</strong>!<br></div><div class="battle-history"><small>(The opposing Fidelis lost 14% of its health!)</small><br></div><div class="spacer battle-history"><br></div><div class="battle-history">The opposing Fidelis used <strong>Defog</strong>!<br></div><div class="battle-history"><small>Toxapex's evasiveness fell!</small><br></div><div class="battle-history"><small>The spikes disappeared from the ground around the opposing team!</small><br></div><div class="spacer battle-history"><br></div><h2 class="battle-history">Turn 51</h2><div class="spacer battle-history"><br></div><div class="battle-history">Toxapex used <strong>Knock Off</strong>!<br></div><div class="battle-history"><small>(The opposing Fidelis lost 15% of its health!)</small><br></div><div class="spacer battle-history"><br></div><div class="battle-history">The opposing Fidelis is paralyzed! It can't move!<br></div><div class="spacer battle-history"><br></div><h2 class="battle-history">Turn 52</h2><div class="spacer battle-history"><br></div><div class="battle-history">Toxapex used <strong>Knock Off</strong>!<br></div><div class="battle-history"><small>(The opposing Fidelis lost 15% of its health!)</small><br></div><div class="spacer battle-history"><br></div><div class="battle-history">The opposing Fidelis fainted!<br></div><div class="spacer battle-history"><br></div><div class="battle-history">BlaueBrause sent out Narahdarn (<strong>Noivern</strong>)!<br></div><div class="battle-history">[The opposing Narahdarn's Frisk]<br><small>The opposing Narahdarn frisked Toxapex and found its Choice Band!</small><br></div><div class="spacer battle-history"><br></div><h2 class="battle-history">Turn 53</h2><div class="spacer battle-history"><br></div><div class="battle-history">The opposing Narahdarn used <strong>Psychic</strong>!<br></div><div class="battle-history"><small>It's super effective!</small><br></div><div class="battle-history"><small>(Toxapex lost 45% of its health!)</small><br></div><div class="spacer battle-history"><br></div><div class="battle-history">Toxapex used <strong>Knock Off</strong>!<br></div><div class="battle-history"><small>(The opposing Narahdarn lost 28% of its health!)</small><br></div><div class="spacer battle-history"><br></div><h2 class="battle-history">Turn 54</h2><div class="spacer battle-history"><br></div><div class="battle-history"><small>The opposing Narahdarn's Noivernite is reacting to the Key Stone!</small><br>The opposing Narahdarn has Mega Evolved into Mega Noivern!<br></div><div class="chat"><ul class="utilichart"><li class="result"><span class="col pokemonnamecol" style="white-space: nowrap">Noivern-Mega</span> <span class="col typecol"><img src="https://play.pokemonshowdown.com/sprites/types/Psychic.png" alt="Psychic" height="14" width="32"><img src="https://play.pokemonshowdown.com/sprites/types/Dragon.png" alt="Dragon" height="14" width="32"></span> <span style="float: left ; min-height: 26px"><span class="col abilitycol">Trace</span><span class="col abilitycol"></span></span><span style="float: left ; min-height: 26px"><span class="col statcol"><em>HP</em><br>85</span> <span class="col statcol"><em>Atk</em><br>70</span> <span class="col statcol"><em>Def</em><br>95</span> <span class="col statcol"><em>SpA</em><br>120</span> <span class="col statcol"><em>SpD</em><br>95</span> <span class="col statcol"><em>Spe</em><br>170</span> </span></li><li style="clear: both"></li></ul></div><div class="battle-history">[The opposing Narahdarn's Trace]<br>[The opposing Narahdarn's Regenerator]<br><small>The opposing Narahdarn traced Toxapex's Regenerator!</small><br></div><div class="spacer battle-history"><br></div><div class="battle-history">The opposing Narahdarn used <strong>Psychic</strong>!<br></div><div class="battle-history"><small>It's super effective!</small><br></div><div class="battle-history"><small>(Toxapex lost 55% of its health!)</small><br></div><div class="spacer battle-history"><br></div><div class="battle-history">Toxapex fainted!<br></div><div class="spacer battle-history"><br></div><div class="battle-history">Go! Krookodile (<strong>Krookodile-Mega</strong>)!<br></div><div class="spacer battle-history"><br></div><h2 class="battle-history">Turn 55</h2><div class="spacer battle-history"><br></div><div class="battle-history">The opposing Narahdarn used <strong>U-turn</strong>!<br></div><div class="battle-history"><small>It's super effective!</small><br></div><div class="battle-history"><small>(Krookodile lost 25% of its health!)</small><br></div><div class="spacer battle-history"><br></div><div class="battle-history">The opposing Narahdarn went back to BlaueBrause!<br></div><div class="battle-history">BlaueBrause sent out Out of the Blue (<strong>Weavile</strong>)!<br></div><div class="battle-history">[The opposing Out of the Blue's Pressure]<br><small>The opposing Out of the Blue is exerting its pressure!</small><br></div><div class="spacer battle-history"><br></div><div class="battle-history">Krookodile used <strong>Knock Off</strong>!<br></div><div class="battle-history"><small>It's not very effective...</small><br></div><div class="battle-history"><small>(The opposing Out of the Blue lost 47% of its health!)</small><br></div><div class="battle-history"><small>Krookodile knocked off the opposing Out of the Blue's Choice Band!</small><br></div><div class="spacer battle-history"><br></div><h2 class="battle-history">Turn 56</h2><div class="spacer battle-history"><br></div><div class="battle-history">The opposing Out of the Blue used <strong>Ice Shard</strong>!<br></div><div class="battle-history"><small>It's super effective!</small><br></div><div class="battle-history"><small>(Krookodile lost 32% of its health!)</small><br></div><div class="spacer battle-history"><br></div><div class="battle-history">Krookodile fainted!<br></div><div class="spacer battle-history"><br></div><div class="battle-history">Go! <strong>Corviknight</strong>!<br></div><div class="battle-history">[Corviknight's Pressure]<br><small>Corviknight is exerting its pressure!</small><br></div><div class="spacer battle-history"><br></div><h2 class="battle-history">Turn 57</h2><div class="spacer battle-history"><br></div><div class="battle-history">The opposing Out of the Blue used <strong>Knock Off</strong>!<br></div><div class="battle-history"><small>(Corviknight lost 30% of its health!)</small><br></div><div class="battle-history"><small>The opposing Out of the Blue knocked off Corviknight's Leftovers!</small><br></div><div class="spacer battle-history"><br></div><div class="battle-history">Corviknight used <strong>Roost</strong>!<br></div><div class="battle-history"><small>Corviknight had its HP restored.</small><br></div><div class="battle-history"><small>(Corviknight loses Flying type this turn.)</small><br></div><div class="spacer battle-history"><br></div><h2 class="battle-history">Turn 58</h2><div class="spacer battle-history"><br></div><div class="battle-history">The opposing Out of the Blue used <strong>Icicle Crash</strong>!<br></div><div class="battle-history"><small>(Corviknight lost 26% of its health!)</small><br></div><div class="spacer battle-history"><br></div><div class="battle-history">Corviknight used <strong>Roost</strong>!<br></div><div class="battle-history"><small>Corviknight had its HP restored.</small><br></div><div class="battle-history"><small>(Corviknight loses Flying type this turn.)</small><br></div><div class="spacer battle-history"><br></div><h2 class="battle-history">Turn 59</h2><div class="spacer battle-history"><br></div><div class="battle-history">The opposing Out of the Blue used <strong>Icicle Crash</strong>!<br></div><div class="battle-history"><small>(Corviknight lost 24% of its health!)</small><br></div><div class="spacer battle-history"><br></div><div class="battle-history">Corviknight used <strong>U-turn</strong>!<br></div><div class="battle-history"><small>It's super effective!</small><br></div><div class="battle-history"><small>(The opposing Out of the Blue lost 12% of its health!)</small><br></div><div class="spacer battle-history"><br></div><div class="battle-history">The opposing Out of the Blue fainted!<br></div><div class="spacer battle-history"><br></div><div class="battle-history">BlaueBrause sent out Primavera (<strong>Rillaboom</strong>)!<br></div><div class="battle-history">[The opposing Primavera's Grassy Surge]<br><small>Grass grew to cover the battlefield!</small><br></div><div class="spacer battle-history"><br></div><h2 class="battle-history">Turn 60</h2><div class="spacer battle-history"><br></div><div class="battle-history">The opposing Primavera used <strong>Swords Dance</strong>!<br></div><div class="battle-history"><small>The opposing Primavera's Attack rose sharply!</small><br></div><div class="spacer battle-history"><br></div><div class="battle-history">Corviknight used <strong>Roost</strong>!<br></div><div class="battle-history"><small>Corviknight had its HP restored.</small><br></div><div class="battle-history"><small>(Corviknight loses Flying type this turn.)</small><br></div><div class="spacer battle-history"><br></div><h2 class="battle-history">Turn 61</h2><div class="spacer battle-history"><br></div><div class="battle-history">The opposing Primavera used <strong>Swords Dance</strong>!<br></div><div class="battle-history"><small>The opposing Primavera's Attack rose sharply!</small><br></div><div class="spacer battle-history"><br></div><div class="battle-history">Corviknight used <strong>Brave Bird</strong>!<br></div><div class="battle-history"><small>It's super effective!</small><br></div><div class="battle-history"><small>(The opposing Primavera lost 83% of its health!)</small><br></div><div class="battle-history"><small>Corviknight was damaged by the recoil!</small><br></div><div class="spacer battle-history"><br></div><div class="battle-history"><small>The opposing Primavera's HP was restored.</small><br></div><div class="spacer battle-history"><br></div><h2 class="battle-history">Turn 62</h2><div class="spacer battle-history"><br></div><div class="battle-history">The opposing Primavera used <strong>Drain Punch</strong>!<br></div><div class="battle-history"><small>(Corviknight lost 61% of its health!)</small><br></div><div class="battle-history"><small>Corviknight had its energy drained!</small><br></div><div class="battle-history"><small>The opposing Primavera lost some of its HP!</small><br></div><div class="spacer battle-history"><br></div><div class="battle-history">Corviknight used <strong>U-turn</strong>!<br></div><div class="battle-history"><small>It's super effective!</small><br></div><div class="battle-history"><small>(The opposing Primavera lost 33% of its health!)</small><br></div><div class="spacer battle-history"><br></div><div class="battle-history"><small>The opposing Primavera's HP was restored.</small><br></div><div class="spacer battle-history"><br></div><h2 class="battle-history">Turn 63</h2><div class="chat chatmessage-blauebrause"><strong style="color:#6b66e4"><small>☆</small><span class="username" data-name="BlaueBrause">BlaueBrause</span>:</strong> <em>gg</em></div><div class="spacer battle-history"><br></div><div class="battle-history">The opposing Primavera used <strong>Drain Punch</strong>!<br></div><div class="battle-history"><small>(Corviknight lost 15% of its health!)</small><br></div><div class="battle-history"><small>Corviknight had its energy drained!</small><br></div><div class="battle-history"><small>The opposing Primavera lost some of its HP!</small><br></div><div class="spacer battle-history"><br></div><div class="battle-history">Corviknight fainted!<br></div><div class="spacer battle-history"><br></div><div class="battle-history"><strong>BlaueBrause</strong> won the battle!<br></div><div class="chat chatmessage-paulluxx9000"><strong style="color:#5b64db"><small>☆</small><span class="username" data-name="paulluxx9000">paulluxx9000</span>:</strong> <em>gg</em></div><div class="chat"><small> Parcos and ☆paulluxx9000 left</small></div><div class="chat chatmessage-blauebrause"><strong style="color:#6b66e4"><small>☆</small><span class="username" data-name="BlaueBrause">BlaueBrause</span>:</strong> <em>well played!</em></div><div class="chat"><small>☆BlaueBrause left</small></div></div><div class="inner-preempt message-log"></div></div></div>
</div>
<script>
let daily = Math.floor(Date.now()/1000/60/60/24);document.write('<script src="https://dragonheaven.herokuapp.com/js/replay-embed.js?version'+daily+'"></'+'script>');
</script>
