<!DOCTYPE html>
<meta charset="utf-8" />
<!-- version 1 -->
<title>[Gen 8] Megas for All replay: ViZarPKMN vs. aausma</title>
<style>
html,body {font-family:Verdana, sans-serif;font-size:10pt;margin:0;padding:0;}body{padding:12px 0;} .battle-log {font-family:Verdana, sans-serif;font-size:10pt;} .battle-log-inline {border:1px solid #AAAAAA;background:#EEF2F5;color:black;max-width:640px;margin:0 auto 80px;padding-bottom:5px;} .battle-log .inner {padding:4px 8px 0px 8px;} .battle-log .inner-preempt {padding:0 8px 4px 8px;} .battle-log .inner-after {margin-top:0.5em;} .battle-log h2 {margin:0.5em -8px;padding:4px 8px;border:1px solid #AAAAAA;background:#E0E7EA;border-left:0;border-right:0;font-family:Verdana, sans-serif;font-size:13pt;} .battle-log .chat {vertical-align:middle;padding:3px 0 3px 0;font-size:8pt;} .battle-log .chat strong {color:#40576A;} .battle-log .chat em {padding:1px 4px 1px 3px;color:#000000;font-style:normal;} .chat.mine {background:rgba(0,0,0,0.05);margin-left:-8px;margin-right:-8px;padding-left:8px;padding-right:8px;} .spoiler {color:#BBBBBB;background:#BBBBBB;padding:0px 3px;} .spoiler:hover, .spoiler:active, .spoiler-shown {color:#000000;background:#E2E2E2;padding:0px 3px;} .spoiler a {color:#BBBBBB;} .spoiler:hover a, .spoiler:active a, .spoiler-shown a {color:#2288CC;} .chat code, .chat .spoiler:hover code, .chat .spoiler:active code, .chat .spoiler-shown code {border:1px solid #C0C0C0;background:#EEEEEE;color:black;padding:0 2px;} .chat .spoiler code {border:1px solid #CCCCCC;background:#CCCCCC;color:#CCCCCC;} .battle-log .rated {padding:3px 4px;} .battle-log .rated strong {color:white;background:#89A;padding:1px 4px;border-radius:4px;} .spacer {margin-top:0.5em;} .message-announce {background:#6688AA;color:white;padding:1px 4px 2px;} .message-announce a, .broadcast-green a, .broadcast-blue a, .broadcast-red a {color:#DDEEFF;} .broadcast-green {background-color:#559955;color:white;padding:2px 4px;} .broadcast-blue {background-color:#6688AA;color:white;padding:2px 4px;} .infobox {border:1px solid #6688AA;padding:2px 4px;} .infobox-limited {max-height:200px;overflow:auto;overflow-x:hidden;} .broadcast-red {background-color:#AA5544;color:white;padding:2px 4px;} .message-learn-canlearn {font-weight:bold;color:#228822;text-decoration:underline;} .message-learn-cannotlearn {font-weight:bold;color:#CC2222;text-decoration:underline;} .message-effect-weak {font-weight:bold;color:#CC2222;} .message-effect-resist {font-weight:bold;color:#6688AA;} .message-effect-immune {font-weight:bold;color:#666666;} .message-learn-list {margin-top:0;margin-bottom:0;} .message-throttle-notice, .message-error {color:#992222;} .message-overflow, .chat small.message-overflow {font-size:0pt;} .message-overflow::before {font-size:9pt;content:'...';} .subtle {color:#3A4A66;}
</style>
<div class="wrapper replay-wrapper" style="max-width:1180px;margin:0 auto">
<input type="hidden" name="replayid" value="dragonheaven-gen8megasforall-331-a12vvv1y4ysv2gbaemqqxgpi60l220hpw" />
<div class="battle"></div><div class="battle-log"></div><div class="replay-controls"></div><div class="replay-controls-2"></div>
<h1 style="font-weight:normal;text-align:center"><strong>[Gen 8] Megas for All</strong><br /><a href="http://pokemonshowdown.com/users/vizarpkmn" class="subtle" target="_blank">ViZarPKMN</a> vs. <a href="http://pokemonshowdown.com/users/aausma" class="subtle" target="_blank">aausma</a></h1>
<script type="text/plain" class="battle-log-data">|raw|<div class="broadcast-red"><strong>This battle is invite-only!<\/strong><br \/>Users must be invited with <code>\/invite<\/code> (or be staff) to join<\/div>
|j|☆ViZarPKMN

|j|☆aausma
|t:|1607817984
|player|p1|ViZarPKMN|benga|
|player|p2|aausma|bianca-pwt|
|teamsize|p1|6
|teamsize|p2|6
|gametype|singles
|gen|8
|tier|[Gen 8] Megas for All
|clearpoke
|poke|p1|Feraligatr, F|
|poke|p1|Ferrothorn, M|
|poke|p1|Hydreigon, M|
|poke|p1|Tapu Koko|
|poke|p1|Slowking-Galar, F|
|poke|p1|Landorus-Therian, M|
|poke|p2|Feraligatr, M|
|poke|p2|Kommo-o, F|
|poke|p2|Rillaboom, F|
|poke|p2|Heatran, F|
|poke|p2|Clefable, F|
|poke|p2|Zapdos|
|rule|HP Percentage Mod: HP is shown in percentages
|rule|Endless Battle Clause: Forcing endless battles is banned
|rule|OHKO Clause: OHKO moves are banned
|rule|Evasion Moves Clause: Evasion moves are banned
|rule|Species Clause: Limit one of each Pokémon
|rule|Dynamax Clause: You cannot dynamax
|rule|Sleep Clause Mod: Limit one foe put to sleep
|rule|Freeze Clause Mod: Limit one foe frozen
|teampreview
|c|☆aausma|ah
|c|☆aausma|we gatring
|c|☆ViZarPKMN|yep  we do
|c|☆aausma|so many gatrs and galges
|
|t:|1607818016
|start
|switch|p1a: Landorus|Landorus-Therian, M|319\/319
|switch|p2a: Heatran|Heatran, F|100\/100
|-ability|p1a: Landorus|Intimidate|boost
|-unboost|p2a: Heatran|atk|1
|turn|1
|
|t:|1607818023
|switch|p2a: Zapdos|Zapdos|100\/100
|move|p1a: Landorus|U-turn|p2a: Zapdos
|-resisted|p2a: Zapdos
|-damage|p2a: Zapdos|91\/100
|
|t:|1607818029
|switch|p1a: Ferrothorn|Ferrothorn, M|352\/352
|
|upkeep
|turn|2
|
|t:|1607818032
|move|p2a: Zapdos|Heat Wave|p1a: Ferrothorn
|-supereffective|p1a: Ferrothorn
|-damage|p1a: Ferrothorn|36\/352
|move|p1a: Ferrothorn|Stealth Rock|p2a: Zapdos
|-sidestart|p2: aausma|move: Stealth Rock
|
|-heal|p1a: Ferrothorn|58\/352|[from] item: Leftovers
|upkeep
|turn|3
|
|t:|1607818039
|switch|p1a: Hydreigon|Hydreigon, M|387\/387
|move|p2a: Zapdos|Defog|p1a: Hydreigon
|-unboost|p1a: Hydreigon|evasion|1
|-sideend|p2: aausma|Stealth Rock|[from] move: Defog|[of] p2a: Zapdos
|
|upkeep
|turn|4
|error|[Invalid choice] There's nothing to cancel
|
|t:|1607818045
|switch|p2a: Clefable|Clefable, F|100\/100
|move|p1a: Hydreigon|Dark Pulse|p2a: Clefable
|-resisted|p2a: Clefable
|-damage|p2a: Clefable|85\/100
|
|-heal|p2a: Clefable|91\/100|[from] item: Leftovers
|upkeep
|turn|5
|
|t:|1607818055
|switch|p1a: Ferrothorn|Ferrothorn, M|58\/352
|move|p2a: Clefable|Teleport|p2a: Clefable
|
|t:|1607818062
|switch|p2a: Heatran|Heatran, F|100\/100|[from]move: Teleport
|
|-heal|p1a: Ferrothorn|80\/352|[from] item: Leftovers
|upkeep
|turn|6
|
|t:|1607818067
|move|p2a: Heatran|Magma Storm|p1a: Ferrothorn
|-supereffective|p1a: Ferrothorn
|-damage|p1a: Ferrothorn|0 fnt
|faint|p1a: Ferrothorn
|
|upkeep
|
|t:|1607818071
|switch|p1a: Feraligatr|Feraligatr, F|311\/311
|turn|7
|c|☆aausma|not him
|
|t:|1607818080
|switch|p2a: Clefable|Clefable, F|91\/100
|detailschange|p1a: Feraligatr|Feraligatr-Mega, F
|-mega|p1a: Feraligatr|Feraligatr|Feraligatrite
|raw|<ul class="utilichart"><li class="result"><span class="col numcol">UU<\/span> <span class="col pokemonnamecol" style="white-space: nowrap">Feraligatr-Mega<\/span> <span class="col typecol"><img src="https:\/\/play.pokemonshowdown.com\/sprites\/types\/Water.png" alt="Water" height="14" width="32"><img src="https:\/\/play.pokemonshowdown.com\/sprites\/types\/Dark.png" alt="Dark" height="14" width="32"><\/span> <span style="float: left ; min-height: 26px"><span class="col abilitycol">Savage<\/span><span class="col abilitycol"><\/span><\/span><span style="float: left ; min-height: 26px"><span class="col statcol"><em>HP<\/em><br>85<\/span> <span class="col statcol"><em>Atk<\/em><br>145<\/span> <span class="col statcol"><em>Def<\/em><br>80<\/span> <span class="col statcol"><em>SpA<\/em><br>134<\/span> <span class="col statcol"><em>SpD<\/em><br>103<\/span> <span class="col statcol"><em>Spe<\/em><br>83<\/span> <\/span><\/li><li style="clear: both"><\/li><\/ul>
|move|p1a: Feraligatr|Bite|p2a: Clefable
|-resisted|p2a: Clefable
|-damage|p2a: Clefable|87\/100
|-resisted|p2a: Clefable
|-damage|p2a: Clefable|82\/100
|-resisted|p2a: Clefable
|-damage|p2a: Clefable|78\/100
|-hitcount|p2a: Clefable|3
|
|-heal|p2a: Clefable|84\/100|[from] item: Leftovers
|upkeep
|turn|8
|
|t:|1607818090
|switch|p1a: Slowking|Slowking-Galar, F|393\/393
|move|p2a: Clefable|Wish|p2a: Clefable
|
|-heal|p2a: Clefable|90\/100|[from] item: Leftovers
|upkeep
|turn|9
|
|t:|1607818102
|switch|p2a: Heatran|Heatran, F|100\/100
|move|p1a: Slowking|Scald|p2a: Heatran
|-supereffective|p2a: Heatran
|-crit|p2a: Heatran
|-damage|p2a: Heatran|30\/100
|
|-heal|p2a: Heatran|91\/100|[from] move: Wish|[wisher] Clefable
|-heal|p2a: Heatran|97\/100|[from] item: Leftovers
|upkeep
|turn|10
|c|☆ViZarPKMN|wait what the hell?
|
|t:|1607818124
|switch|p2a: Feraligatr|Feraligatr, M|100\/100
|move|p1a: Slowking|Scald|p2a: Feraligatr
|-resisted|p2a: Feraligatr
|-damage|p2a: Feraligatr|87\/100
|-status|p2a: Feraligatr|brn
|
|-damage|p2a: Feraligatr|81\/100 brn|[from] brn
|upkeep
|turn|11
|c|☆aausma|fuck
|
|t:|1607818131
|switch|p1a: Hydreigon|Hydreigon, M|387\/387
|detailschange|p2a: Feraligatr|Feraligatr-Mega, M
|-mega|p2a: Feraligatr|Feraligatr|Feraligatrite
|raw|<ul class="utilichart"><li class="result"><span class="col numcol">UU<\/span> <span class="col pokemonnamecol" style="white-space: nowrap">Feraligatr-Mega<\/span> <span class="col typecol"><img src="https:\/\/play.pokemonshowdown.com\/sprites\/types\/Water.png" alt="Water" height="14" width="32"><img src="https:\/\/play.pokemonshowdown.com\/sprites\/types\/Dark.png" alt="Dark" height="14" width="32"><\/span> <span style="float: left ; min-height: 26px"><span class="col abilitycol">Savage<\/span><span class="col abilitycol"><\/span><\/span><span style="float: left ; min-height: 26px"><span class="col statcol"><em>HP<\/em><br>85<\/span> <span class="col statcol"><em>Atk<\/em><br>145<\/span> <span class="col statcol"><em>Def<\/em><br>80<\/span> <span class="col statcol"><em>SpA<\/em><br>134<\/span> <span class="col statcol"><em>SpD<\/em><br>103<\/span> <span class="col statcol"><em>Spe<\/em><br>83<\/span> <\/span><\/li><li style="clear: both"><\/li><\/ul>
|move|p2a: Feraligatr|Crunch|p1a: Hydreigon
|-resisted|p1a: Hydreigon
|-damage|p1a: Hydreigon|374\/387
|-resisted|p1a: Hydreigon
|-damage|p1a: Hydreigon|361\/387
|-unboost|p1a: Hydreigon|def|1
|-hitcount|p1a: Hydreigon|2
|
|-heal|p1a: Hydreigon|385\/387|[from] item: Leftovers
|-damage|p2a: Feraligatr|75\/100 brn|[from] brn
|upkeep
|turn|12
|
|t:|1607818137
|switch|p1a: Slowking|Slowking-Galar, F|393\/393
|move|p2a: Feraligatr|Ice Fang|p1a: Slowking
|-damage|p1a: Slowking|376\/393
|-damage|p1a: Slowking|359\/393
|-damage|p1a: Slowking|343\/393
|-damage|p1a: Slowking|326\/393
|-status|p1a: Slowking|frz
|-hitcount|p1a: Slowking|4
|
|-damage|p2a: Feraligatr|69\/100 brn|[from] brn
|upkeep
|turn|13
|c|☆aausma|nice
|
|t:|1607818148
|move|p2a: Feraligatr|Crunch|p1a: Slowking
|-supereffective|p1a: Slowking
|-damage|p1a: Slowking|266\/393 frz
|-supereffective|p1a: Slowking
|-damage|p1a: Slowking|199\/393 frz
|-hitcount|p1a: Slowking|2
|cant|p1a: Slowking|frz
|
|-damage|p2a: Feraligatr|63\/100 brn|[from] brn
|upkeep
|turn|14
|
|t:|1607818157
|move|p2a: Feraligatr|Crunch|p1a: Slowking
|-supereffective|p1a: Slowking
|-damage|p1a: Slowking|129\/393 frz
|-supereffective|p1a: Slowking
|-damage|p1a: Slowking|66\/393 frz
|-unboost|p1a: Slowking|def|1
|-hitcount|p1a: Slowking|2
|cant|p1a: Slowking|frz
|
|-damage|p2a: Feraligatr|56\/100 brn|[from] brn
|upkeep
|turn|15
|
|t:|1607818165
|move|p2a: Feraligatr|Crunch|p1a: Slowking
|-supereffective|p1a: Slowking
|-damage|p1a: Slowking|0 fnt
|-hitcount|p1a: Slowking|1
|faint|p1a: Slowking
|
|-damage|p2a: Feraligatr|50\/100 brn|[from] brn
|upkeep
|
|t:|1607818169
|switch|p1a: Feraligatr|Feraligatr-Mega, F|311\/311
|turn|16
|
|t:|1607818174
|move|p2a: Feraligatr|Crunch|p1a: Feraligatr
|-resisted|p1a: Feraligatr
|-damage|p1a: Feraligatr|295\/311
|-resisted|p1a: Feraligatr
|-damage|p1a: Feraligatr|278\/311
|-resisted|p1a: Feraligatr
|-damage|p1a: Feraligatr|263\/311
|-unboost|p1a: Feraligatr|def|1
|-resisted|p1a: Feraligatr
|-damage|p1a: Feraligatr|239\/311
|-hitcount|p1a: Feraligatr|4
|move|p1a: Feraligatr|Thunder Fang|p2a: Feraligatr
|-supereffective|p2a: Feraligatr
|-damage|p2a: Feraligatr|28\/100 brn
|-supereffective|p2a: Feraligatr
|-damage|p2a: Feraligatr|7\/100 brn
|-supereffective|p2a: Feraligatr
|-crit|p2a: Feraligatr
|-damage|p2a: Feraligatr|0 fnt
|-hitcount|p2a: Feraligatr|3
|faint|p2a: Feraligatr
|
|upkeep
|
|t:|1607818190
|switch|p2a: Rillaboom|Rillaboom, F|100\/100
|-fieldstart|move: Grassy Terrain|[from] ability: Grassy Surge|[of] p2a: Rillaboom
|turn|17
|
|t:|1607818194
|switch|p1a: Hydreigon|Hydreigon, M|385\/387
|move|p2a: Rillaboom|U-turn|p1a: Hydreigon
|-supereffective|p1a: Hydreigon
|-damage|p1a: Hydreigon|139\/387
|
|t:|1607818198
|switch|p2a: Clefable|Clefable, F|90\/100|[from]move: U-turn
|
|-heal|p1a: Hydreigon|163\/387|[from] item: Leftovers
|-heal|p2a: Clefable|96\/100|[from] item: Leftovers
|-heal|p2a: Clefable|100\/100|[from] Grassy Terrain
|upkeep
|turn|18
|
|t:|1607818203
|move|p1a: Hydreigon|Roost|p1a: Hydreigon
|-heal|p1a: Hydreigon|357\/387
|-singleturn|p1a: Hydreigon|move: Roost
|move|p2a: Clefable|Moonblast|p1a: Hydreigon
|-supereffective|p1a: Hydreigon
|-damage|p1a: Hydreigon|0 fnt
|faint|p1a: Hydreigon
|
|upkeep
|
|t:|1607818210
|switch|p1a: Feraligatr|Feraligatr-Mega, F|239\/311
|turn|19
|
|t:|1607818213
|move|p1a: Feraligatr|Thunder Fang|p2a: Clefable
|-damage|p2a: Clefable|94\/100
|-damage|p2a: Clefable|88\/100
|-crit|p2a: Clefable
|-damage|p2a: Clefable|78\/100
|-status|p2a: Clefable|par
|-hitcount|p2a: Clefable|3
|move|p2a: Clefable|Moonblast|p1a: Feraligatr
|-supereffective|p1a: Feraligatr
|-damage|p1a: Feraligatr|33\/311
|
|-heal|p1a: Feraligatr|52\/311|[from] Grassy Terrain
|-heal|p2a: Clefable|85\/100 par|[from] item: Leftovers
|-heal|p2a: Clefable|91\/100 par|[from] Grassy Terrain
|upkeep
|turn|20
|c|☆aausma|NOOOOOO
|c|☆ViZarPKMN|expected a wish there
|
|t:|1607818224
|move|p1a: Feraligatr|Bite|p2a: Clefable
|-resisted|p2a: Clefable
|-damage|p2a: Clefable|86\/100 par
|-resisted|p2a: Clefable
|-damage|p2a: Clefable|82\/100 par
|-resisted|p2a: Clefable
|-damage|p2a: Clefable|78\/100 par
|-hitcount|p2a: Clefable|3
|cant|p2a: Clefable|flinch
|
|-heal|p1a: Feraligatr|71\/311|[from] Grassy Terrain
|-heal|p2a: Clefable|84\/100 par|[from] item: Leftovers
|-heal|p2a: Clefable|90\/100 par|[from] Grassy Terrain
|upkeep
|turn|21
|c|☆aausma|OH I SEE HOW THIS IS
|c|☆aausma|ewwww
|c|☆aausma|i hate that
|c|☆ViZarPKMN|prepare for paraflinch
|c|☆aausma|ayte fine
|c|☆aausma|i see how this is
|
|t:|1607818244
|switch|p2a: Kommo-o|Kommo-o, F|100\/100
|move|p1a: Feraligatr|Thunder Fang|p2a: Kommo-o
|-resisted|p2a: Kommo-o
|-damage|p2a: Kommo-o|96\/100
|-resisted|p2a: Kommo-o
|-damage|p2a: Kommo-o|93\/100
|-resisted|p2a: Kommo-o
|-damage|p2a: Kommo-o|88\/100
|-resisted|p2a: Kommo-o
|-damage|p2a: Kommo-o|84\/100
|-hitcount|p2a: Kommo-o|4
|
|-heal|p2a: Kommo-o|91\/100|[from] Grassy Terrain
|-heal|p1a: Feraligatr|90\/311|[from] Grassy Terrain
|-fieldend|move: Grassy Terrain
|upkeep
|turn|22
|
|t:|1607818258
|switch|p1a: Landorus|Landorus-Therian, M|319\/319
|-ability|p1a: Landorus|Intimidate|boost
|-unboost|p2a: Kommo-o|atk|1
|move|p2a: Kommo-o|Dragon Dance|p2a: Kommo-o
|-boost|p2a: Kommo-o|atk|1
|-boost|p2a: Kommo-o|spe|1
|
|upkeep
|turn|23
|
|t:|1607818262
|move|p1a: Landorus|U-turn|p2a: Kommo-o
|-resisted|p2a: Kommo-o
|-damage|p2a: Kommo-o|78\/100
|
|t:|1607818264
|switch|p1a: Tapu Koko|Tapu Koko|281\/281
|-fieldstart|move: Electric Terrain|[from] ability: Electric Surge|[of] p1a: Tapu Koko
|-zpower|p2a: Kommo-o
|move|p2a: Kommo-o|Clangorous Soulblaze|p1a: Tapu Koko|[zeffect]
|-immune|p1a: Tapu Koko
|
|upkeep
|turn|24
|c|☆aausma|fuck
|
|t:|1607818268
|move|p2a: Kommo-o|Poison Jab|p1a: Tapu Koko
|-supereffective|p1a: Tapu Koko
|-damage|p1a: Tapu Koko|75\/281
|move|p1a: Tapu Koko|Thunderbolt|p2a: Kommo-o
|-resisted|p2a: Kommo-o
|-damage|p2a: Kommo-o|31\/100
|
|upkeep
|turn|25
|c|☆ViZarPKMN|missclick
|
|t:|1607818282
|switch|p1a: Landorus|Landorus-Therian, M|319\/319
|-ability|p1a: Landorus|Intimidate|boost
|-unboost|p2a: Kommo-o|atk|1
|move|p2a: Kommo-o|Poison Jab|p1a: Landorus
|-resisted|p1a: Landorus
|-damage|p1a: Landorus|290\/319
|
|upkeep
|turn|26
|
|t:|1607818286
|move|p1a: Landorus|Earthquake|p2a: Kommo-o
|-damage|p2a: Kommo-o|0 fnt
|faint|p2a: Kommo-o
|
|upkeep
|
|t:|1607818295
|switch|p2a: Zapdos|Zapdos|91\/100
|turn|27
|
|t:|1607818298
|switch|p1a: Tapu Koko|Tapu Koko|75\/281
|move|p2a: Zapdos|Volt Switch|p1a: Tapu Koko
|-resisted|p1a: Tapu Koko
|-damage|p1a: Tapu Koko|18\/281
|
|t:|1607818301
|switch|p2a: Rillaboom|Rillaboom, F|100\/100|[from]move: Volt Switch
|-fieldstart|move: Grassy Terrain|[from] ability: Grassy Surge|[of] p2a: Rillaboom
|
|-heal|p1a: Tapu Koko|35\/281|[from] Grassy Terrain
|upkeep
|turn|28
|
|t:|1607818306
|move|p2a: Rillaboom|Grassy Glide|p1a: Tapu Koko
|-damage|p1a: Tapu Koko|0 fnt
|faint|p1a: Tapu Koko
|
|upkeep
|
|t:|1607818309
|switch|p1a: Landorus|Landorus-Therian, M|290\/319
|-ability|p1a: Landorus|Intimidate|boost
|-unboost|p2a: Rillaboom|atk|1
|turn|29
|
|t:|1607818315
|switch|p2a: Zapdos|Zapdos|91\/100
|move|p1a: Landorus|U-turn|p2a: Zapdos
|-resisted|p2a: Zapdos
|-damage|p2a: Zapdos|82\/100
|
|t:|1607818317
|switch|p1a: Feraligatr|Feraligatr-Mega, F|90\/311
|
|-heal|p1a: Feraligatr|109\/311|[from] Grassy Terrain
|upkeep
|turn|30
|
|t:|1607818320
|move|p1a: Feraligatr|Bite|p2a: Zapdos
|-damage|p2a: Zapdos|73\/100
|-damage|p2a: Zapdos|65\/100
|-crit|p2a: Zapdos
|-damage|p2a: Zapdos|52\/100
|-hitcount|p2a: Zapdos|3
|cant|p2a: Zapdos|flinch
|
|-heal|p1a: Feraligatr|128\/311|[from] Grassy Terrain
|upkeep
|turn|31
|c|☆aausma|fuck
|
|t:|1607818326
|move|p1a: Feraligatr|Bite|p2a: Zapdos
|-damage|p2a: Zapdos|44\/100
|-damage|p2a: Zapdos|35\/100
|-damage|p2a: Zapdos|26\/100
|-damage|p2a: Zapdos|18\/100
|-status|p1a: Feraligatr|par|[from] ability: Static|[of] p2a: Zapdos
|-hitcount|p2a: Zapdos|4
|move|p2a: Zapdos|Volt Switch|p1a: Feraligatr
|-supereffective|p1a: Feraligatr
|-crit|p1a: Feraligatr
|-damage|p1a: Feraligatr|0 fnt
|faint|p1a: Feraligatr
|
|t:|1607818332
|switch|p2a: Heatran|Heatran, F|97\/100|[from]move: Volt Switch
|
|-heal|p2a: Heatran|100\/100|[from] item: Leftovers
|-fieldend|move: Grassy Terrain
|upkeep
|
|t:|1607818336
|switch|p1a: Landorus|Landorus-Therian, M|290\/319
|-ability|p1a: Landorus|Intimidate|boost
|-unboost|p2a: Heatran|atk|1
|turn|32
|
|t:|1607818338
|move|p1a: Landorus|Earthquake|p2a: Heatran
|-supereffective|p2a: Heatran
|-damage|p2a: Heatran|0 fnt
|faint|p2a: Heatran
|
|upkeep
|c|☆ViZarPKMN|gg
|
|t:|1607818343
|switch|p2a: Zapdos|Zapdos|18\/100
|turn|33
|c|☆aausma|gg
|
|t:|1607818345
|move|p1a: Landorus|Earthquake|p2a: Zapdos
|-immune|p2a: Zapdos
|move|p2a: Zapdos|Heat Wave|p1a: Landorus
|-damage|p1a: Landorus|180\/319
|
|upkeep
|turn|34
|
|t:|1607818350
|move|p1a: Landorus|Earthquake|p2a: Zapdos
|-immune|p2a: Zapdos
|move|p2a: Zapdos|Heat Wave|p1a: Landorus|[miss]
|-miss|p2a: Zapdos|p1a: Landorus
|
|upkeep
|turn|35
|-message|ViZarPKMN forfeited.
|
|win|aausma</script>
</div>
<div class="battle-log battle-log-inline"><div class="inner"><div class="battle-options"><div style="padding-top: 3px; padding-right: 3px; text-align: right"><button class="icon button" name="openBattleOptions" title="Options">Battle Options</button></div></div><div class="inner message-log"><div class="chat"><div class="broadcast-red"><strong>This battle is invite-only!</strong><br>Users must be invited with <code>/invite</code> (or be staff) to join</div></div><div class="chat"><small>☆ViZarPKMN and ☆aausma joined</small></div><div class=""><small>Format:</small> <br><strong>[Gen 8] Megas for All</strong></div><div class=""><small><em>HP Percentage Mod:</em> HP is shown in percentages</small></div><div class=""><small><em>Endless Battle Clause:</em> Forcing endless battles is banned</small></div><div class=""><small><em>OHKO Clause:</em> OHKO moves are banned</small></div><div class=""><small><em>Evasion Moves Clause:</em> Evasion moves are banned</small></div><div class=""><small><em>Species Clause:</em> Limit one of each Pokémon</small></div><div class=""><small><em>Dynamax Clause:</em> You cannot dynamax</small></div><div class=""><small><em>Sleep Clause Mod:</em> Limit one foe put to sleep</small></div><div class=""><small><em>Freeze Clause Mod:</em> Limit one foe frozen</small></div><div class="chat battle-history"><strong>ViZarPKMN's team:</strong> <em style="color:#445566;display:block;">Feraligatr / Ferrothorn / Hydreigon / Tapu Koko / Slowking-Galar / Landorus-Therian</em></div><div class="chat battle-history"><strong>aausma's team:</strong> <em style="color:#445566;display:block;">Feraligatr / Kommo-o / Rillaboom / Heatran / Clefable / Zapdos</em></div><div class="chat chatmessage-aausma"><strong style="color:#18a81f"><small>☆</small><span class="username" data-name="aausma">aausma</span>:</strong> <em>ah</em></div><div class="chat chatmessage-aausma"><strong style="color:#18a81f"><small>☆</small><span class="username" data-name="aausma">aausma</span>:</strong> <em>we gatring</em></div><div class="chat chatmessage-vizarpkmn mine"><strong style="color:#4f78c0"><small>☆</small><span class="username" data-name="ViZarPKMN">ViZarPKMN</span>:</strong> <em>yep  we do</em></div><div class="chat chatmessage-aausma"><strong style="color:#18a81f"><small>☆</small><span class="username" data-name="aausma">aausma</span>:</strong> <em>so many gatrs and galges</em></div><div class="spacer battle-history"><br></div><div class="battle-history">Battle started between ViZarPKMN and aausma!<br></div><div class="spacer battle-history"><br></div><div class="battle-history">Go! Landorus (<strong>Landorus-Therian</strong>)!<br></div><div class="spacer battle-history"><br></div><div class="battle-history">aausma sent out <strong>Heatran</strong>!<br></div><div class="battle-history">[Landorus's Intimidate]<br></div><div class="battle-history"><small>The opposing Heatran's Attack fell!</small><br></div><div class="spacer battle-history"><br></div><h2 class="battle-history">Turn 1</h2><div class="spacer battle-history"><br></div><div class="battle-history">aausma withdrew Heatran!<br></div><div class="battle-history">aausma sent out <strong>Zapdos</strong>!<br></div><div class="spacer battle-history"><br></div><div class="battle-history">Landorus used <strong>U-turn</strong>!<br></div><div class="battle-history"><small>It's not very effective...</small><br></div><div class="battle-history"><small>(The opposing Zapdos lost 9% of its health!)</small><br></div><div class="spacer battle-history"><br></div><div class="battle-history">Landorus went back to ViZarPKMN!<br></div><div class="battle-history">Go! <strong>Ferrothorn</strong>!<br></div><div class="spacer battle-history"><br></div><h2 class="battle-history">Turn 2</h2><div class="spacer battle-history"><br></div><div class="battle-history">The opposing Zapdos used <strong>Heat Wave</strong>!<br></div><div class="battle-history"><small>It's super effective!</small><br></div><div class="battle-history"><small>(Ferrothorn lost <abbr title="−316/352">89.8%</abbr> of its health!)</small><br></div><div class="spacer battle-history"><br></div><div class="battle-history">Ferrothorn used <strong>Stealth Rock</strong>!<br></div><div class="battle-history"><small>Pointed stones float in the air around the opposing team!</small><br></div><div class="spacer battle-history"><br></div><div class="battle-history"><small>Ferrothorn restored a little HP using its Leftovers!</small><br></div><div class="spacer battle-history"><br></div><h2 class="battle-history">Turn 3</h2><div class="spacer battle-history"><br></div><div class="battle-history">Ferrothorn, come back!<br></div><div class="battle-history">Go! <strong>Hydreigon</strong>!<br></div><div class="spacer battle-history"><br></div><div class="battle-history">The opposing Zapdos used <strong>Defog</strong>!<br></div><div class="battle-history"><small>Hydreigon's evasiveness fell!</small><br></div><div class="battle-history"><small>The pointed stones disappeared from around the opposing team!</small><br></div><div class="spacer battle-history"><br></div><h2 class="battle-history">Turn 4</h2><div class="chat message-error">[Invalid choice] There's nothing to cancel</div><div class="spacer battle-history"><br></div><div class="battle-history">aausma withdrew Zapdos!<br></div><div class="battle-history">aausma sent out <strong>Clefable</strong>!<br></div><div class="spacer battle-history"><br></div><div class="battle-history">Hydreigon used <strong>Dark Pulse</strong>!<br></div><div class="battle-history"><small>It's not very effective...</small><br></div><div class="battle-history"><small>(The opposing Clefable lost 15% of its health!)</small><br></div><div class="spacer battle-history"><br></div><div class="battle-history"><small>The opposing Clefable restored a little HP using its Leftovers!</small><br></div><div class="spacer battle-history"><br></div><h2 class="battle-history">Turn 5</h2><div class="spacer battle-history"><br></div><div class="battle-history">Hydreigon, come back!<br></div><div class="battle-history">Go! <strong>Ferrothorn</strong>!<br></div><div class="spacer battle-history"><br></div><div class="battle-history">The opposing Clefable used <strong>Teleport</strong>!<br></div><div class="spacer battle-history"><br></div><div class="battle-history">aausma withdrew Clefable!<br></div><div class="battle-history">aausma sent out <strong>Heatran</strong>!<br></div><div class="spacer battle-history"><br></div><div class="battle-history"><small>Ferrothorn restored a little HP using its Leftovers!</small><br></div><div class="spacer battle-history"><br></div><h2 class="battle-history">Turn 6</h2><div class="spacer battle-history"><br></div><div class="battle-history">The opposing Heatran used <strong>Magma Storm</strong>!<br></div><div class="battle-history"><small>It's super effective!</small><br></div><div class="battle-history"><small>(Ferrothorn lost <abbr title="−80/352">22.7%</abbr> of its health!)</small><br></div><div class="spacer battle-history"><br></div><div class="battle-history">Ferrothorn fainted!<br></div><div class="spacer battle-history"><br></div><div class="battle-history">Go! <strong>Feraligatr</strong>!<br></div><div class="spacer battle-history"><br></div><h2 class="battle-history">Turn 7</h2><div class="chat chatmessage-aausma"><strong style="color:#18a81f"><small>☆</small><span class="username" data-name="aausma">aausma</span>:</strong> <em>not him</em></div><div class="spacer battle-history"><br></div><div class="battle-history">aausma withdrew Heatran!<br></div><div class="battle-history">aausma sent out <strong>Clefable</strong>!<br></div><div class="spacer battle-history"><br></div><div class="battle-history"><small>Feraligatr's Feraligatrite is reacting to the Key Stone!</small><br>Feraligatr has Mega Evolved into Mega Feraligatr!<br></div><div class="chat"><ul class="utilichart"><li class="result"><span class="col numcol">UU</span> <span class="col pokemonnamecol" style="white-space: nowrap">Feraligatr-Mega</span> <span class="col typecol"><img src="https://play.pokemonshowdown.com/sprites/types/Water.png" alt="Water" height="14" width="32"><img src="https://play.pokemonshowdown.com/sprites/types/Dark.png" alt="Dark" height="14" width="32"></span> <span style="float: left ; min-height: 26px"><span class="col abilitycol">Savage</span><span class="col abilitycol"></span></span><span style="float: left ; min-height: 26px"><span class="col statcol"><em>HP</em><br>85</span> <span class="col statcol"><em>Atk</em><br>145</span> <span class="col statcol"><em>Def</em><br>80</span> <span class="col statcol"><em>SpA</em><br>134</span> <span class="col statcol"><em>SpD</em><br>103</span> <span class="col statcol"><em>Spe</em><br>83</span> </span></li><li style="clear: both"></li></ul></div><div class="spacer battle-history"><br></div><div class="battle-history">Feraligatr used <strong>Bite</strong>!<br></div><div class="battle-history"><small>It's not very effective...</small><br></div><div class="battle-history"><small>(The opposing Clefable lost 4% of its health!)</small><br></div><div class="battle-history"><small>It's not very effective...</small><br></div><div class="battle-history"><small>(The opposing Clefable lost 5% of its health!)</small><br></div><div class="battle-history"><small>It's not very effective...</small><br></div><div class="battle-history"><small>(The opposing Clefable lost 4% of its health!)</small><br></div><div class="battle-history"><small>The Pokémon was hit 3 times!</small><br></div><div class="spacer battle-history"><br></div><div class="battle-history"><small>The opposing Clefable restored a little HP using its Leftovers!</small><br></div><div class="spacer battle-history"><br></div><h2 class="battle-history">Turn 8</h2><div class="spacer battle-history"><br></div><div class="battle-history">Feraligatr, come back!<br></div><div class="battle-history">Go! Slowking (<strong>Slowking-Galar</strong>)!<br></div><div class="spacer battle-history"><br></div><div class="battle-history">The opposing Clefable used <strong>Wish</strong>!<br></div><div class="spacer battle-history"><br></div><div class="battle-history"><small>The opposing Clefable restored a little HP using its Leftovers!</small><br></div><div class="spacer battle-history"><br></div><h2 class="battle-history">Turn 9</h2><div class="spacer battle-history"><br></div><div class="battle-history">aausma withdrew Clefable!<br></div><div class="battle-history">aausma sent out <strong>Heatran</strong>!<br></div><div class="spacer battle-history"><br></div><div class="battle-history">Slowking used <strong>Scald</strong>!<br></div><div class="battle-history"><small>It's super effective!</small><br></div><div class="battle-history"><small>A critical hit!</small><br></div><div class="battle-history"><small>(The opposing Heatran lost 70% of its health!)</small><br></div><div class="spacer battle-history"><br></div><div class="battle-history"><small>Clefable's wish came true!</small><br></div><div class="battle-history"><small>The opposing Heatran restored a little HP using its Leftovers!</small><br></div><div class="spacer battle-history"><br></div><h2 class="battle-history">Turn 10</h2><div class="chat chatmessage-vizarpkmn mine"><strong style="color:#4f78c0"><small>☆</small><span class="username" data-name="ViZarPKMN">ViZarPKMN</span>:</strong> <em>wait what the hell?</em></div><div class="spacer battle-history"><br></div><div class="battle-history">aausma withdrew Heatran!<br></div><div class="battle-history">aausma sent out <strong>Feraligatr</strong>!<br></div><div class="spacer battle-history"><br></div><div class="battle-history">Slowking used <strong>Scald</strong>!<br></div><div class="battle-history"><small>It's not very effective...</small><br></div><div class="battle-history"><small>(The opposing Feraligatr lost 13% of its health!)</small><br></div><div class="battle-history"><small>The opposing Feraligatr was burned!</small><br></div><div class="spacer battle-history"><br></div><div class="battle-history"><small>The opposing Feraligatr was hurt by its burn!</small><br></div><div class="spacer battle-history"><br></div><h2 class="battle-history">Turn 11</h2><div class="chat chatmessage-aausma"><strong style="color:#18a81f"><small>☆</small><span class="username" data-name="aausma">aausma</span>:</strong> <em>fuck</em></div><div class="spacer battle-history"><br></div><div class="battle-history">Slowking, come back!<br></div><div class="battle-history">Go! <strong>Hydreigon</strong>!<br></div><div class="spacer battle-history"><br></div><div class="battle-history"><small>The opposing Feraligatr's Feraligatrite is reacting to the Key Stone!</small><br>The opposing Feraligatr has Mega Evolved into Mega Feraligatr!<br></div><div class="chat"><ul class="utilichart"><li class="result"><span class="col numcol">UU</span> <span class="col pokemonnamecol" style="white-space: nowrap">Feraligatr-Mega</span> <span class="col typecol"><img src="https://play.pokemonshowdown.com/sprites/types/Water.png" alt="Water" height="14" width="32"><img src="https://play.pokemonshowdown.com/sprites/types/Dark.png" alt="Dark" height="14" width="32"></span> <span style="float: left ; min-height: 26px"><span class="col abilitycol">Savage</span><span class="col abilitycol"></span></span><span style="float: left ; min-height: 26px"><span class="col statcol"><em>HP</em><br>85</span> <span class="col statcol"><em>Atk</em><br>145</span> <span class="col statcol"><em>Def</em><br>80</span> <span class="col statcol"><em>SpA</em><br>134</span> <span class="col statcol"><em>SpD</em><br>103</span> <span class="col statcol"><em>Spe</em><br>83</span> </span></li><li style="clear: both"></li></ul></div><div class="spacer battle-history"><br></div><div class="battle-history">The opposing Feraligatr used <strong>Crunch</strong>!<br></div><div class="battle-history"><small>It's not very effective...</small><br></div><div class="battle-history"><small>(Hydreigon lost <abbr title="−13/387">3.4%</abbr> of its health!)</small><br></div><div class="battle-history"><small>It's not very effective...</small><br></div><div class="battle-history"><small>(Hydreigon lost <abbr title="−13/387">3.4%</abbr> of its health!)</small><br></div><div class="battle-history"><small>Hydreigon's Defense fell!</small><br></div><div class="battle-history"><small>The Pokémon was hit 2 times!</small><br></div><div class="spacer battle-history"><br></div><div class="battle-history"><small>Hydreigon restored a little HP using its Leftovers!</small><br></div><div class="battle-history"><small>The opposing Feraligatr was hurt by its burn!</small><br></div><div class="spacer battle-history"><br></div><h2 class="battle-history">Turn 12</h2><div class="spacer battle-history"><br></div><div class="battle-history">Hydreigon, come back!<br></div><div class="battle-history">Go! Slowking (<strong>Slowking-Galar</strong>)!<br></div><div class="spacer battle-history"><br></div><div class="battle-history">The opposing Feraligatr used <strong>Ice Fang</strong>!<br></div><div class="battle-history"><small>(Slowking lost <abbr title="−17/393">4.3%</abbr> of its health!)</small><br></div><div class="battle-history"><small>(Slowking lost <abbr title="−17/393">4.3%</abbr> of its health!)</small><br></div><div class="battle-history"><small>(Slowking lost <abbr title="−16/393">4.1%</abbr> of its health!)</small><br></div><div class="battle-history"><small>(Slowking lost <abbr title="−17/393">4.3%</abbr> of its health!)</small><br></div><div class="battle-history"><small>Slowking was frozen solid!</small><br></div><div class="battle-history"><small>The Pokémon was hit 4 times!</small><br></div><div class="spacer battle-history"><br></div><div class="battle-history"><small>The opposing Feraligatr was hurt by its burn!</small><br></div><div class="spacer battle-history"><br></div><h2 class="battle-history">Turn 13</h2><div class="chat chatmessage-aausma"><strong style="color:#18a81f"><small>☆</small><span class="username" data-name="aausma">aausma</span>:</strong> <em>nice</em></div><div class="spacer battle-history"><br></div><div class="battle-history">The opposing Feraligatr used <strong>Crunch</strong>!<br></div><div class="battle-history"><small>It's super effective!</small><br></div><div class="battle-history"><small>(Slowking lost <abbr title="−60/393">15.3%</abbr> of its health!)</small><br></div><div class="battle-history"><small>It's super effective!</small><br></div><div class="battle-history"><small>(Slowking lost <abbr title="−67/393">17.0%</abbr> of its health!)</small><br></div><div class="battle-history"><small>The Pokémon was hit 2 times!</small><br></div><div class="spacer battle-history"><br></div><div class="battle-history">Slowking is frozen solid!<br></div><div class="spacer battle-history"><br></div><div class="battle-history"><small>The opposing Feraligatr was hurt by its burn!</small><br></div><div class="spacer battle-history"><br></div><h2 class="battle-history">Turn 14</h2><div class="spacer battle-history"><br></div><div class="battle-history">The opposing Feraligatr used <strong>Crunch</strong>!<br></div><div class="battle-history"><small>It's super effective!</small><br></div><div class="battle-history"><small>(Slowking lost <abbr title="−70/393">17.8%</abbr> of its health!)</small><br></div><div class="battle-history"><small>It's super effective!</small><br></div><div class="battle-history"><small>(Slowking lost <abbr title="−63/393">16.0%</abbr> of its health!)</small><br></div><div class="battle-history"><small>Slowking's Defense fell!</small><br></div><div class="battle-history"><small>The Pokémon was hit 2 times!</small><br></div><div class="spacer battle-history"><br></div><div class="battle-history">Slowking is frozen solid!<br></div><div class="spacer battle-history"><br></div><div class="battle-history"><small>The opposing Feraligatr was hurt by its burn!</small><br></div><div class="spacer battle-history"><br></div><h2 class="battle-history">Turn 15</h2><div class="spacer battle-history"><br></div><div class="battle-history">The opposing Feraligatr used <strong>Crunch</strong>!<br></div><div class="battle-history"><small>It's super effective!</small><br></div><div class="battle-history"><small>(Slowking lost <abbr title="−66/393">16.8%</abbr> of its health!)</small><br></div><div class="battle-history"><small>The Pokémon was hit 1 time!</small><br></div><div class="spacer battle-history"><br></div><div class="battle-history">Slowking fainted!<br></div><div class="spacer battle-history"><br></div><div class="battle-history"><small>The opposing Feraligatr was hurt by its burn!</small><br></div><div class="spacer battle-history"><br></div><div class="battle-history">Go! Feraligatr (<strong>Feraligatr-Mega</strong>)!<br></div><div class="spacer battle-history"><br></div><h2 class="battle-history">Turn 16</h2><div class="spacer battle-history"><br></div><div class="battle-history">The opposing Feraligatr used <strong>Crunch</strong>!<br></div><div class="battle-history"><small>It's not very effective...</small><br></div><div class="battle-history"><small>(Feraligatr lost <abbr title="−16/311">5.1%</abbr> of its health!)</small><br></div><div class="battle-history"><small>It's not very effective...</small><br></div><div class="battle-history"><small>(Feraligatr lost <abbr title="−17/311">5.5%</abbr> of its health!)</small><br></div><div class="battle-history"><small>It's not very effective...</small><br></div><div class="battle-history"><small>(Feraligatr lost <abbr title="−15/311">4.8%</abbr> of its health!)</small><br></div><div class="battle-history"><small>Feraligatr's Defense fell!</small><br></div><div class="battle-history"><small>It's not very effective...</small><br></div><div class="battle-history"><small>(Feraligatr lost <abbr title="−24/311">7.7%</abbr> of its health!)</small><br></div><div class="battle-history"><small>The Pokémon was hit 4 times!</small><br></div><div class="spacer battle-history"><br></div><div class="battle-history">Feraligatr used <strong>Thunder Fang</strong>!<br></div><div class="battle-history"><small>It's super effective!</small><br></div><div class="battle-history"><small>(The opposing Feraligatr lost 22% of its health!)</small><br></div><div class="battle-history"><small>It's super effective!</small><br></div><div class="battle-history"><small>(The opposing Feraligatr lost 21% of its health!)</small><br></div><div class="battle-history"><small>It's super effective!</small><br></div><div class="battle-history"><small>A critical hit!</small><br></div><div class="battle-history"><small>(The opposing Feraligatr lost 7% of its health!)</small><br></div><div class="battle-history"><small>The Pokémon was hit 3 times!</small><br></div><div class="spacer battle-history"><br></div><div class="battle-history">The opposing Feraligatr fainted!<br></div><div class="spacer battle-history"><br></div><div class="battle-history">aausma sent out <strong>Rillaboom</strong>!<br></div><div class="battle-history">[The opposing Rillaboom's Grassy Surge]<br><small>Grass grew to cover the battlefield!</small><br></div><div class="spacer battle-history"><br></div><h2 class="battle-history">Turn 17</h2><div class="spacer battle-history"><br></div><div class="battle-history">Feraligatr, come back!<br></div><div class="battle-history">Go! <strong>Hydreigon</strong>!<br></div><div class="spacer battle-history"><br></div><div class="battle-history">The opposing Rillaboom used <strong>U-turn</strong>!<br></div><div class="battle-history"><small>It's super effective!</small><br></div><div class="battle-history"><small>(Hydreigon lost <abbr title="−246/387">63.6%</abbr> of its health!)</small><br></div><div class="spacer battle-history"><br></div><div class="battle-history">The opposing Rillaboom went back to aausma!<br></div><div class="battle-history">aausma sent out <strong>Clefable</strong>!<br></div><div class="spacer battle-history"><br></div><div class="battle-history"><small>Hydreigon restored a little HP using its Leftovers!</small><br></div><div class="battle-history"><small>The opposing Clefable restored a little HP using its Leftovers!</small><br></div><div class="battle-history"><small>The opposing Clefable's HP was restored.</small><br></div><div class="spacer battle-history"><br></div><h2 class="battle-history">Turn 18</h2><div class="spacer battle-history"><br></div><div class="battle-history">Hydreigon used <strong>Roost</strong>!<br></div><div class="battle-history"><small>Hydreigon had its HP restored.</small><br></div><div class="spacer battle-history"><br></div><div class="battle-history">The opposing Clefable used <strong>Moonblast</strong>!<br></div><div class="battle-history"><small>It's super effective!</small><br></div><div class="battle-history"><small>(Hydreigon lost <abbr title="−357/387">92.2%</abbr> of its health!)</small><br></div><div class="spacer battle-history"><br></div><div class="battle-history">Hydreigon fainted!<br></div><div class="spacer battle-history"><br></div><div class="battle-history">Go! Feraligatr (<strong>Feraligatr-Mega</strong>)!<br></div><div class="spacer battle-history"><br></div><h2 class="battle-history">Turn 19</h2><div class="spacer battle-history"><br></div><div class="battle-history">Feraligatr used <strong>Thunder Fang</strong>!<br></div><div class="battle-history"><small>(The opposing Clefable lost 6% of its health!)</small><br></div><div class="battle-history"><small>(The opposing Clefable lost 6% of its health!)</small><br></div><div class="battle-history"><small>A critical hit!</small><br></div><div class="battle-history"><small>(The opposing Clefable lost 10% of its health!)</small><br></div><div class="battle-history"><small>The opposing Clefable is paralyzed! It may be unable to move!</small><br></div><div class="battle-history"><small>The Pokémon was hit 3 times!</small><br></div><div class="spacer battle-history"><br></div><div class="battle-history">The opposing Clefable used <strong>Moonblast</strong>!<br></div><div class="battle-history"><small>It's super effective!</small><br></div><div class="battle-history"><small>(Feraligatr lost <abbr title="−206/311">66.2%</abbr> of its health!)</small><br></div><div class="spacer battle-history"><br></div><div class="battle-history"><small>Feraligatr's HP was restored.</small><br></div><div class="battle-history"><small>The opposing Clefable restored a little HP using its Leftovers!</small><br></div><div class="battle-history"><small>The opposing Clefable's HP was restored.</small><br></div><div class="spacer battle-history"><br></div><h2 class="battle-history">Turn 20</h2><div class="chat chatmessage-aausma"><strong style="color:#18a81f"><small>☆</small><span class="username" data-name="aausma">aausma</span>:</strong> <em>NOOOOOO</em></div><div class="chat chatmessage-vizarpkmn mine"><strong style="color:#4f78c0"><small>☆</small><span class="username" data-name="ViZarPKMN">ViZarPKMN</span>:</strong> <em>expected a wish there</em></div><div class="spacer battle-history"><br></div><div class="battle-history">Feraligatr used <strong>Bite</strong>!<br></div><div class="battle-history"><small>It's not very effective...</small><br></div><div class="battle-history"><small>(The opposing Clefable lost 5% of its health!)</small><br></div><div class="battle-history"><small>It's not very effective...</small><br></div><div class="battle-history"><small>(The opposing Clefable lost 4% of its health!)</small><br></div><div class="battle-history"><small>It's not very effective...</small><br></div><div class="battle-history"><small>(The opposing Clefable lost 4% of its health!)</small><br></div><div class="battle-history"><small>The Pokémon was hit 3 times!</small><br></div><div class="spacer battle-history"><br></div><div class="battle-history">The opposing Clefable flinched and couldn't move!<br></div><div class="spacer battle-history"><br></div><div class="battle-history"><small>Feraligatr's HP was restored.</small><br></div><div class="battle-history"><small>The opposing Clefable restored a little HP using its Leftovers!</small><br></div><div class="battle-history"><small>The opposing Clefable's HP was restored.</small><br></div><div class="spacer battle-history"><br></div><h2 class="battle-history">Turn 21</h2><div class="chat chatmessage-aausma"><strong style="color:#18a81f"><small>☆</small><span class="username" data-name="aausma">aausma</span>:</strong> <em>OH I SEE HOW THIS IS</em></div><div class="chat chatmessage-aausma"><strong style="color:#18a81f"><small>☆</small><span class="username" data-name="aausma">aausma</span>:</strong> <em>ewwww</em></div><div class="chat chatmessage-aausma"><strong style="color:#18a81f"><small>☆</small><span class="username" data-name="aausma">aausma</span>:</strong> <em>i hate that</em></div><div class="chat chatmessage-vizarpkmn mine"><strong style="color:#4f78c0"><small>☆</small><span class="username" data-name="ViZarPKMN">ViZarPKMN</span>:</strong> <em>prepare for paraflinch</em></div><div class="chat chatmessage-aausma"><strong style="color:#18a81f"><small>☆</small><span class="username" data-name="aausma">aausma</span>:</strong> <em>ayte fine</em></div><div class="chat chatmessage-aausma"><strong style="color:#18a81f"><small>☆</small><span class="username" data-name="aausma">aausma</span>:</strong> <em>i see how this is</em></div><div class="spacer battle-history"><br></div><div class="battle-history">aausma withdrew Clefable!<br></div><div class="battle-history">aausma sent out <strong>Kommo-o</strong>!<br></div><div class="spacer battle-history"><br></div><div class="battle-history">Feraligatr used <strong>Thunder Fang</strong>!<br></div><div class="battle-history"><small>It's not very effective...</small><br></div><div class="battle-history"><small>(The opposing Kommo-o lost 4% of its health!)</small><br></div><div class="battle-history"><small>It's not very effective...</small><br></div><div class="battle-history"><small>(The opposing Kommo-o lost 3% of its health!)</small><br></div><div class="battle-history"><small>It's not very effective...</small><br></div><div class="battle-history"><small>(The opposing Kommo-o lost 5% of its health!)</small><br></div><div class="battle-history"><small>It's not very effective...</small><br></div><div class="battle-history"><small>(The opposing Kommo-o lost 4% of its health!)</small><br></div><div class="battle-history"><small>The Pokémon was hit 4 times!</small><br></div><div class="spacer battle-history"><br></div><div class="battle-history"><small>The opposing Kommo-o's HP was restored.</small><br></div><div class="battle-history"><small>Feraligatr's HP was restored.</small><br></div><div class="battle-history"><small>The grass disappeared from the battlefield.</small><br></div><div class="spacer battle-history"><br></div><h2 class="battle-history">Turn 22</h2><div class="spacer battle-history"><br></div><div class="battle-history">Feraligatr, come back!<br></div><div class="battle-history">Go! Landorus (<strong>Landorus-Therian</strong>)!<br></div><div class="battle-history">[Landorus's Intimidate]<br></div><div class="battle-history"><small>The opposing Kommo-o's Attack fell!</small><br></div><div class="spacer battle-history"><br></div><div class="battle-history">The opposing Kommo-o used <strong>Dragon Dance</strong>!<br></div><div class="battle-history"><small>The opposing Kommo-o's Attack rose!</small><br></div><div class="battle-history"><small>The opposing Kommo-o's Speed rose!</small><br></div><div class="spacer battle-history"><br></div><h2 class="battle-history">Turn 23</h2><div class="spacer battle-history"><br></div><div class="battle-history">Landorus used <strong>U-turn</strong>!<br></div><div class="battle-history"><small>It's not very effective...</small><br></div><div class="battle-history"><small>(The opposing Kommo-o lost 13% of its health!)</small><br></div><div class="spacer battle-history"><br></div><div class="battle-history">Landorus went back to ViZarPKMN!<br></div><div class="battle-history">Go! <strong>Tapu Koko</strong>!<br></div><div class="battle-history">[Tapu Koko's Electric Surge]<br><small>An electric current ran across the battlefield!</small><br></div><div class="battle-history"><small>The opposing Kommo-o surrounded itself with its Z-Power!</small><br></div><div class="spacer battle-history"><br></div><div class="battle-history"><small>The opposing Kommo-o unleashes its full-force Z-Move!</small><br>The opposing Kommo-o used <strong>Clangorous Soulblaze</strong>!<br></div><div class="battle-history"><small>It doesn't affect Tapu Koko...</small><br></div><div class="spacer battle-history"><br></div><h2 class="battle-history">Turn 24</h2><div class="chat chatmessage-aausma"><strong style="color:#18a81f"><small>☆</small><span class="username" data-name="aausma">aausma</span>:</strong> <em>fuck</em></div><div class="spacer battle-history"><br></div><div class="battle-history">The opposing Kommo-o used <strong>Poison Jab</strong>!<br></div><div class="battle-history"><small>It's super effective!</small><br></div><div class="battle-history"><small>(Tapu Koko lost <abbr title="−206/281">73.3%</abbr> of its health!)</small><br></div><div class="spacer battle-history"><br></div><div class="battle-history">Tapu Koko used <strong>Thunderbolt</strong>!<br></div><div class="battle-history"><small>It's not very effective...</small><br></div><div class="battle-history"><small>(The opposing Kommo-o lost 47% of its health!)</small><br></div><div class="spacer battle-history"><br></div><h2 class="battle-history">Turn 25</h2><div class="chat chatmessage-vizarpkmn mine"><strong style="color:#4f78c0"><small>☆</small><span class="username" data-name="ViZarPKMN">ViZarPKMN</span>:</strong> <em>missclick</em></div><div class="spacer battle-history"><br></div><div class="battle-history">Tapu Koko, come back!<br></div><div class="battle-history">Go! Landorus (<strong>Landorus-Therian</strong>)!<br></div><div class="battle-history">[Landorus's Intimidate]<br></div><div class="battle-history"><small>The opposing Kommo-o's Attack fell!</small><br></div><div class="spacer battle-history"><br></div><div class="battle-history">The opposing Kommo-o used <strong>Poison Jab</strong>!<br></div><div class="battle-history"><small>It's not very effective...</small><br></div><div class="battle-history"><small>(Landorus lost <abbr title="−29/319">9.1%</abbr> of its health!)</small><br></div><div class="spacer battle-history"><br></div><h2 class="battle-history">Turn 26</h2><div class="spacer battle-history"><br></div><div class="battle-history">Landorus used <strong>Earthquake</strong>!<br></div><div class="battle-history"><small>(The opposing Kommo-o lost 31% of its health!)</small><br></div><div class="spacer battle-history"><br></div><div class="battle-history">The opposing Kommo-o fainted!<br></div><div class="spacer battle-history"><br></div><div class="battle-history">aausma sent out <strong>Zapdos</strong>!<br></div><div class="spacer battle-history"><br></div><h2 class="battle-history">Turn 27</h2><div class="spacer battle-history"><br></div><div class="battle-history">Landorus, come back!<br></div><div class="battle-history">Go! <strong>Tapu Koko</strong>!<br></div><div class="spacer battle-history"><br></div><div class="battle-history">The opposing Zapdos used <strong>Volt Switch</strong>!<br></div><div class="battle-history"><small>It's not very effective...</small><br></div><div class="battle-history"><small>(Tapu Koko lost <abbr title="−57/281">20.3%</abbr> of its health!)</small><br></div><div class="spacer battle-history"><br></div><div class="battle-history">The opposing Zapdos went back to aausma!<br></div><div class="battle-history">aausma sent out <strong>Rillaboom</strong>!<br></div><div class="battle-history">[The opposing Rillaboom's Grassy Surge]<br><small>Grass grew to cover the battlefield!</small><br></div><div class="spacer battle-history"><br></div><div class="battle-history"><small>Tapu Koko's HP was restored.</small><br></div><div class="spacer battle-history"><br></div><h2 class="battle-history">Turn 28</h2><div class="spacer battle-history"><br></div><div class="battle-history">The opposing Rillaboom used <strong>Grassy Glide</strong>!<br></div><div class="battle-history"><small>(Tapu Koko lost <abbr title="−35/281">12.5%</abbr> of its health!)</small><br></div><div class="spacer battle-history"><br></div><div class="battle-history">Tapu Koko fainted!<br></div><div class="spacer battle-history"><br></div><div class="battle-history">Go! Landorus (<strong>Landorus-Therian</strong>)!<br></div><div class="battle-history">[Landorus's Intimidate]<br></div><div class="battle-history"><small>The opposing Rillaboom's Attack fell!</small><br></div><div class="spacer battle-history"><br></div><h2 class="battle-history">Turn 29</h2><div class="spacer battle-history"><br></div><div class="battle-history">aausma withdrew Rillaboom!<br></div><div class="battle-history">aausma sent out <strong>Zapdos</strong>!<br></div><div class="spacer battle-history"><br></div><div class="battle-history">Landorus used <strong>U-turn</strong>!<br></div><div class="battle-history"><small>It's not very effective...</small><br></div><div class="battle-history"><small>(The opposing Zapdos lost 9% of its health!)</small><br></div><div class="spacer battle-history"><br></div><div class="battle-history">Landorus went back to ViZarPKMN!<br></div><div class="battle-history">Go! Feraligatr (<strong>Feraligatr-Mega</strong>)!<br></div><div class="spacer battle-history"><br></div><div class="battle-history"><small>Feraligatr's HP was restored.</small><br></div><div class="spacer battle-history"><br></div><h2 class="battle-history">Turn 30</h2><div class="spacer battle-history"><br></div><div class="battle-history">Feraligatr used <strong>Bite</strong>!<br></div><div class="battle-history"><small>(The opposing Zapdos lost 9% of its health!)</small><br></div><div class="battle-history"><small>(The opposing Zapdos lost 8% of its health!)</small><br></div><div class="battle-history"><small>A critical hit!</small><br></div><div class="battle-history"><small>(The opposing Zapdos lost 13% of its health!)</small><br></div><div class="battle-history"><small>The Pokémon was hit 3 times!</small><br></div><div class="spacer battle-history"><br></div><div class="battle-history">The opposing Zapdos flinched and couldn't move!<br></div><div class="spacer battle-history"><br></div><div class="battle-history"><small>Feraligatr's HP was restored.</small><br></div><div class="spacer battle-history"><br></div><h2 class="battle-history">Turn 31</h2><div class="chat chatmessage-aausma"><strong style="color:#18a81f"><small>☆</small><span class="username" data-name="aausma">aausma</span>:</strong> <em>fuck</em></div><div class="spacer battle-history"><br></div><div class="battle-history">Feraligatr used <strong>Bite</strong>!<br></div><div class="battle-history"><small>(The opposing Zapdos lost 8% of its health!)</small><br></div><div class="battle-history"><small>(The opposing Zapdos lost 9% of its health!)</small><br></div><div class="battle-history"><small>(The opposing Zapdos lost 9% of its health!)</small><br></div><div class="battle-history"><small>(The opposing Zapdos lost 8% of its health!)</small><br></div><div class="battle-history">[The opposing Zapdos's Static]<br><small>Feraligatr is paralyzed! It may be unable to move!</small><br></div><div class="battle-history"><small>The Pokémon was hit 4 times!</small><br></div><div class="spacer battle-history"><br></div><div class="battle-history">The opposing Zapdos used <strong>Volt Switch</strong>!<br></div><div class="battle-history"><small>It's super effective!</small><br></div><div class="battle-history"><small>A critical hit!</small><br></div><div class="battle-history"><small>(Feraligatr lost <abbr title="−128/311">41.2%</abbr> of its health!)</small><br></div><div class="spacer battle-history"><br></div><div class="battle-history">Feraligatr fainted!<br></div><div class="spacer battle-history"><br></div><div class="battle-history">The opposing Zapdos went back to aausma!<br></div><div class="battle-history">aausma sent out <strong>Heatran</strong>!<br></div><div class="spacer battle-history"><br></div><div class="battle-history"><small>The opposing Heatran restored a little HP using its Leftovers!</small><br></div><div class="battle-history"><small>The grass disappeared from the battlefield.</small><br></div><div class="spacer battle-history"><br></div><div class="battle-history">Go! Landorus (<strong>Landorus-Therian</strong>)!<br></div><div class="battle-history">[Landorus's Intimidate]<br></div><div class="battle-history"><small>The opposing Heatran's Attack fell!</small><br></div><div class="spacer battle-history"><br></div><h2 class="battle-history">Turn 32</h2><div class="spacer battle-history"><br></div><div class="battle-history">Landorus used <strong>Earthquake</strong>!<br></div><div class="battle-history"><small>It's super effective!</small><br></div><div class="battle-history"><small>(The opposing Heatran lost 100% of its health!)</small><br></div><div class="spacer battle-history"><br></div><div class="battle-history">The opposing Heatran fainted!<br></div><div class="chat chatmessage-vizarpkmn mine"><strong style="color:#4f78c0"><small>☆</small><span class="username" data-name="ViZarPKMN">ViZarPKMN</span>:</strong> <em>gg</em></div><div class="spacer battle-history"><br></div><div class="battle-history">aausma sent out <strong>Zapdos</strong>!<br></div><div class="spacer battle-history"><br></div><h2 class="battle-history">Turn 33</h2><div class="chat chatmessage-aausma"><strong style="color:#18a81f"><small>☆</small><span class="username" data-name="aausma">aausma</span>:</strong> <em>gg</em></div><div class="spacer battle-history"><br></div><div class="battle-history">Landorus used <strong>Earthquake</strong>!<br></div><div class="battle-history"><small>It doesn't affect the opposing Zapdos...</small><br></div><div class="spacer battle-history"><br></div><div class="battle-history">The opposing Zapdos used <strong>Heat Wave</strong>!<br></div><div class="battle-history"><small>(Landorus lost <abbr title="−110/319">34.5%</abbr> of its health!)</small><br></div><div class="spacer battle-history"><br></div><h2 class="battle-history">Turn 34</h2><div class="spacer battle-history"><br></div><div class="battle-history">Landorus used <strong>Earthquake</strong>!<br></div><div class="battle-history"><small>It doesn't affect the opposing Zapdos...</small><br></div><div class="spacer battle-history"><br></div><div class="battle-history">The opposing Zapdos used <strong>Heat Wave</strong>!<br></div><div class="battle-history"><small>Landorus avoided the attack!</small><br></div><div class="spacer battle-history"><br></div><h2 class="battle-history">Turn 35</h2><div class="spacer battle-history"><br></div><div class="battle-history"><small>ViZarPKMN forfeited.</small><br></div><div class="spacer battle-history"><br></div><div class="battle-history"><strong>aausma</strong> won the battle!<br></div></div><div class="inner-preempt message-log"></div></div></div>
</div>
<script>
let daily = Math.floor(Date.now()/1000/60/60/24);document.write('<script src="https://play.pokemonshowdown.com/js/replay-embed.js?version'+daily+'"></'+'script>');
</script>
