<!DOCTYPE html>
<meta charset="utf-8" />
<!-- version 1 -->
<title>[Gen 8] M4A Random Battle replay: inkbug1 vs. H2OPulse</title>
<style>
html,body {font-family:Verdana, sans-serif;font-size:10pt;margin:0;padding:0;}body{padding:12px 0;} .battle-log {font-family:Verdana, sans-serif;font-size:10pt;} .battle-log-inline {border:1px solid #AAAAAA;background:#EEF2F5;color:black;max-width:640px;margin:0 auto 80px;padding-bottom:5px;} .battle-log .inner {padding:4px 8px 0px 8px;} .battle-log .inner-preempt {padding:0 8px 4px 8px;} .battle-log .inner-after {margin-top:0.5em;} .battle-log h2 {margin:0.5em -8px;padding:4px 8px;border:1px solid #AAAAAA;background:#E0E7EA;border-left:0;border-right:0;font-family:Verdana, sans-serif;font-size:13pt;} .battle-log .chat {vertical-align:middle;padding:3px 0 3px 0;font-size:8pt;} .battle-log .chat strong {color:#40576A;} .battle-log .chat em {padding:1px 4px 1px 3px;color:#000000;font-style:normal;} .chat.mine {background:rgba(0,0,0,0.05);margin-left:-8px;margin-right:-8px;padding-left:8px;padding-right:8px;} .spoiler {color:#BBBBBB;background:#BBBBBB;padding:0px 3px;} .spoiler:hover, .spoiler:active, .spoiler-shown {color:#000000;background:#E2E2E2;padding:0px 3px;} .spoiler a {color:#BBBBBB;} .spoiler:hover a, .spoiler:active a, .spoiler-shown a {color:#2288CC;} .chat code, .chat .spoiler:hover code, .chat .spoiler:active code, .chat .spoiler-shown code {border:1px solid #C0C0C0;background:#EEEEEE;color:black;padding:0 2px;} .chat .spoiler code {border:1px solid #CCCCCC;background:#CCCCCC;color:#CCCCCC;} .battle-log .rated {padding:3px 4px;} .battle-log .rated strong {color:white;background:#89A;padding:1px 4px;border-radius:4px;} .spacer {margin-top:0.5em;} .message-announce {background:#6688AA;color:white;padding:1px 4px 2px;} .message-announce a, .broadcast-green a, .broadcast-blue a, .broadcast-red a {color:#DDEEFF;} .broadcast-green {background-color:#559955;color:white;padding:2px 4px;} .broadcast-blue {background-color:#6688AA;color:white;padding:2px 4px;} .infobox {border:1px solid #6688AA;padding:2px 4px;} .infobox-limited {max-height:200px;overflow:auto;overflow-x:hidden;} .broadcast-red {background-color:#AA5544;color:white;padding:2px 4px;} .message-learn-canlearn {font-weight:bold;color:#228822;text-decoration:underline;} .message-learn-cannotlearn {font-weight:bold;color:#CC2222;text-decoration:underline;} .message-effect-weak {font-weight:bold;color:#CC2222;} .message-effect-resist {font-weight:bold;color:#6688AA;} .message-effect-immune {font-weight:bold;color:#666666;} .message-learn-list {margin-top:0;margin-bottom:0;} .message-throttle-notice, .message-error {color:#992222;} .message-overflow, .chat small.message-overflow {font-size:0pt;} .message-overflow::before {font-size:9pt;content:'...';} .subtle {color:#3A4A66;}
</style>
<div class="wrapper replay-wrapper" style="max-width:1180px;margin:0 auto">
<input type="hidden" name="replayid" value="dragonheaven-gen8m4arandombattle-259" />
<div class="battle"></div><div class="battle-log"></div><div class="replay-controls"></div><div class="replay-controls-2"></div>
<h1 style="font-weight:normal;text-align:center"><strong>[Gen 8] M4A Random Battle</strong><br /><a href="http://pokemonshowdown.com/users/inkbug1" class="subtle" target="_blank">inkbug1</a> vs. <a href="http://pokemonshowdown.com/users/h2opulse" class="subtle" target="_blank">H2OPulse</a></h1>
<script type="text/plain" class="battle-log-data">|j|☆inkbug1

|j|☆H2OPulse
|t:|1621742903
|player|p1|inkbug1|burgh|
|player|p2|H2OPulse|aetherfoundation|
|teamsize|p1|6
|teamsize|p2|6
|gametype|singles
|gen|8
|tier|[Gen 8] M4A Random Battle
|rule|Dynamax Clause: You cannot dynamax
|rule|Species Clause: Limit one of each Pokémon
|rule|HP Percentage Mod: HP is shown in percentages
|rule|Sleep Clause Mod: Limit one foe put to sleep
|rule|Freeze Clause Mod: Limit one foe frozen
|raw|<img src="https:\/\/www.smogon.com\/forums\/attachments\/banner_2-png.302358\/" height="65" width="381">
|-message|Welcome to Megas for All!
|-message|This is a National Dex-based format where we aim to give a new Mega Evolution to every Pokémon.
|-message|Just like any official format, you can still only Mega Evolve one Pokémon per team!
|-message|You can find our thread and metagame resources here:
|-message|https:\/\/www.smogon.com\/forums\/threads\/3671140\/
|-message|Your Mega Evolution this match is:
|-hint|Gallade-Mega (Psychic\/Fighting); Ability: Inner Focus (This Pokemon cannot be made to flinch. Immune to Intimidate.); Stats: 68 HP \/ 165 Atk \/ 95 Def \/ 65 SpA \/ 115 SpD \/ 110 Spe;
|-message|Use the command \/dt for more information!
|
|t:|1621742903
|start
|switch|p1a: Giratina|Giratina-Origin, L78|362\/362
|switch|p2a: Probopass|Probopass, L88, M|100\/100
|-item|p2a: Probopass|Air Balloon
|turn|1
|j| pupugugu
|c|☆inkbug1|for cryin out loud
|c| pupugugu|oh cool starting matchup
|c|☆H2OPulse|Still a canon Mega? :'D
|c|☆inkbug1|god giratina origin is so sexy lookin
|c|☆H2OPulse|(Good luck and have fun in any case!!)
|c|☆H2OPulse|Khfjgk ye ah
|c|☆inkbug1|its color scheme is soOOO good
|c| pupugugu|true!
|
|t:|1621742953
|switch|p1a: Landorus|Landorus-Therian, L80, M|274\/274
|-ability|p1a: Landorus|Intimidate|boost
|-unboost|p2a: Probopass|atk|1
|move|p2a: Probopass|Toxic|p1a: Landorus|[miss]
|-miss|p2a: Probopass|p1a: Landorus
|
|upkeep
|turn|2
|c|☆inkbug1|i didnt think this through
|
|t:|1621742974
|move|p1a: Landorus|Fly||[still]
|-prepare|p1a: Landorus|Fly
|move|p2a: Probopass|Toxic|p1a: Landorus|[miss]
|-miss|p2a: Probopass|p1a: Landorus
|
|upkeep
|turn|3
|l| pupugugu
|
|t:|1621742987
|move|p1a: Landorus|Fly|p2a: Probopass|[from]lockedmove
|-resisted|p2a: Probopass
|-damage|p2a: Probopass|93\/100
|-enditem|p2a: Probopass|Air Balloon
|move|p2a: Probopass|Toxic|p1a: Landorus
|-status|p1a: Landorus|tox
|
|-damage|p1a: Landorus|257\/274 tox|[from] psn
|upkeep
|turn|4
|
|t:|1621743000
|switch|p2a: Tornadus|Tornadus, L84, M|100\/100
|move|p1a: Landorus|Earthquake|p2a: Tornadus
|-immune|p2a: Tornadus
|
|-damage|p1a: Landorus|223\/274 tox|[from] psn
|upkeep
|turn|5
|c|☆inkbug1|yeah ok
|
|t:|1621743015
|switch|p1a: Aromatisse|Aromatisse, L88, F|321\/321
|move|p2a: Tornadus|Hurricane|p1a: Aromatisse
|-damage|p1a: Aromatisse|191\/321
|-start|p1a: Aromatisse|confusion
|
|-heal|p1a: Aromatisse|211\/321|[from] item: Leftovers
|upkeep
|turn|6
|j| pupugugu
|
|t:|1621743023
|-zpower|p2a: Tornadus
|move|p2a: Tornadus|Supersonic Skystrike|p1a: Aromatisse|[zeffect]
|-damage|p1a: Aromatisse|0 fnt
|faint|p1a: Aromatisse
|
|upkeep
|c|☆H2OPulse|Worth
|c|☆inkbug1|e
|c|☆H2OPulse|I know to respect Aromatisse
|c|☆inkbug1|yeah 
|c| pupugugu|dang ink has a stacked team tho
|c|☆inkbug1|oh thats a fun set on that one hm
|
|t:|1621743058
|switch|p1a: Tentacruel|Tentacruel, L82, F|265\/265
|turn|7
|
|t:|1621743064
|move|p2a: Tornadus|U-turn|p1a: Tentacruel
|-resisted|p1a: Tentacruel
|-damage|p1a: Tentacruel|231\/265
|
|t:|1621743071
|switch|p2a: Dhelmise|Dhelmise, L86|100\/100|[from]move: U-turn
|move|p1a: Tentacruel|Acid Spray|p2a: Dhelmise
|-damage|p2a: Dhelmise|87\/100
|-unboost|p2a: Dhelmise|spd|2
|
|-heal|p2a: Dhelmise|93\/100|[from] item: Leftovers
|upkeep
|turn|8
|c|☆H2OPulse|Ohhhh I love Acid Spray
|
|t:|1621743093
|switch|p1a: Giratina|Giratina-Origin, L78|362\/362
|move|p2a: Dhelmise|Anchor Shot|p1a: Giratina
|-damage|p1a: Giratina|252\/362
|
|-heal|p2a: Dhelmise|99\/100|[from] item: Leftovers
|upkeep
|turn|9
|c|☆H2OPulse|Giratina is so pointedly anti-this-Dhelmise-set it's very funny
|c|☆inkbug1|omg
|c|☆H2OPulse|Can't be trapped, resists Grass, and Knock doesn't work
|
|t:|1621743140
|switch|p2a: Steelix|Steelix, L82, M|100\/100
|move|p1a: Giratina|Shadow Ball|p2a: Steelix
|-damage|p2a: Steelix|44\/100
|-unboost|p2a: Steelix|spd|1
|
|upkeep
|turn|10
|c|☆inkbug1|jesus
|c|☆inkbug1|oh right bad spd 
|c|☆H2OPulse|O w
|
|t:|1621743177
|switch|p2a: Exploud|Exploud, L86, M|100\/100
|move|p1a: Giratina|Shadow Ball|p2a: Exploud
|-immune|p2a: Exploud
|
|upkeep
|turn|11
|c|☆inkbug1|squints
|raw|<div class="message"><ul class="utilichart"><li class="result"><span class="col numcol">NUBL<\/span> <span class="col iconcol"><psicon pokemon="exploud"\/><\/span> <span class="col pokemonnamecol" style="white-space:nowrap"><a href="https:\/\/dex.pokemonshowdown.com\/pokemon\/exploud" target="_blank">Exploud<\/a><\/span> <span class="col typecol"><img src="https:\/\/play.pokemonshowdown.com\/sprites\/types\/Normal.png" alt="Normal" height="14" width="32"><\/span> <span style="float:left;min-height:26px"><span class="col abilitycol">Soundproof<\/span><span class="col abilitycol"><em>Scrappy<\/em><\/span><\/span><span style="float:left;min-height:26px"><span class="col statcol"><em>HP<\/em><br \/>104<\/span> <span class="col statcol"><em>Atk<\/em><br \/>91<\/span> <span class="col statcol"><em>Def<\/em><br \/>63<\/span> <span class="col statcol"><em>SpA<\/em><br \/>91<\/span> <span class="col statcol"><em>SpD<\/em><br \/>73<\/span> <span class="col statcol"><em>Spe<\/em><br \/>68<\/span> <span class="col bstcol"><em>BST<br \/>490<\/em><\/span> <\/span><\/li><li style="clear:both"><\/li><\/ul><\/div>
|raw|<font size="1"><font color="#686868">Dex#:<\/font> 295&nbsp;|&ThickSpace;<font color="#686868">Gen:<\/font> 3&nbsp;|&ThickSpace;<font color="#686868">Height:<\/font> 1.5 m&nbsp;|&ThickSpace;<font color="#686868">Weight:<\/font> 84 kg <em>(80 BP)<\/em>&nbsp;|&ThickSpace;<font color="#686868">Dex Colour:<\/font> Blue&nbsp;|&ThickSpace;<font color="#686868">Egg Group(s):<\/font> Monster, Field&nbsp;|&ThickSpace;<font color="#686868">Does Not Evolve<\/font><\/font>

|raw|<div class="message"><ul class="utilichart"><li class="result"><span class="col numcol">NUBL<\/span> <span class="col iconcol"><psicon pokemon="exploudmega"\/><\/span> <span class="col pokemonnamecol" style="white-space:nowrap"><a href="https:\/\/dex.pokemonshowdown.com\/pokemon\/exploudmega" target="_blank">Exploud-Mega<\/a><\/span> <span class="col typecol"><img src="https:\/\/play.pokemonshowdown.com\/sprites\/types\/Normal.png" alt="Normal" height="14" width="32"><img src="https:\/\/play.pokemonshowdown.com\/sprites\/types\/Dragon.png" alt="Dragon" height="14" width="32"><\/span> <span style="float:left;min-height:26px"><span class="col abilitycol">Seismic Scream<\/span><span class="col abilitycol"><\/span><\/span><span style="float:left;min-height:26px"><span class="col statcol"><em>HP<\/em><br \/>104<\/span> <span class="col statcol"><em>Atk<\/em><br \/>101<\/span> <span class="col statcol"><em>Def<\/em><br \/>73<\/span> <span class="col statcol"><em>SpA<\/em><br \/>101<\/span> <span class="col statcol"><em>SpD<\/em><br \/>113<\/span> <span class="col statcol"><em>Spe<\/em><br \/>98<\/span> <span class="col bstcol"><em>BST<br \/>590<\/em><\/span> <\/span><\/li><li style="clear:both"><\/li><\/ul><\/div>
|raw|<font size="1"><font color="#686868">Dex#:<\/font> 295&nbsp;|&ThickSpace;<font color="#686868">Gen:<\/font> 6&nbsp;|&ThickSpace;<font color="#686868">Height:<\/font> 1.5 m&nbsp;|&ThickSpace;<font color="#686868">Weight:<\/font> 84 kg <em>(80 BP)<\/em>&nbsp;|&ThickSpace;<font color="#686868">Dex Colour:<\/font> Blue&nbsp;|&ThickSpace;<font color="#686868">Egg Group(s):<\/font> Monster, Field&nbsp;|&ThickSpace;<font color="#686868">Does Not Evolve<\/font><\/font>

|
|t:|1621743215
|switch|p1a: Tentacruel|Tentacruel, L82, F|231\/265
|move|p2a: Exploud|Ice Beam|p1a: Tentacruel
|-resisted|p1a: Tentacruel
|-damage|p1a: Tentacruel|204\/265
|
|upkeep
|turn|12
|c|☆inkbug1|ok i couldv stayed in
|
|t:|1621743235
|switch|p2a: Probopass|Probopass, L88, M|93\/100
|move|p1a: Tentacruel|Acid Spray|p2a: Probopass
|-immune|p2a: Probopass
|
|upkeep
|turn|13
|c|☆inkbug1|plb
|
|t:|1621743241
|move|p1a: Tentacruel|Scald|p2a: Probopass
|-supereffective|p2a: Probopass
|-damage|p2a: Probopass|54\/100
|move|p2a: Probopass|Earth Power|p1a: Tentacruel
|-supereffective|p1a: Tentacruel
|-damage|p1a: Tentacruel|138\/265
|
|upkeep
|turn|14
|c|☆H2OPulse|Okay fair
|c|☆inkbug1|god i love the shading on probopass' hat on its sprite
|
|t:|1621743286
|move|p1a: Tentacruel|Scald|p2a: Probopass
|-supereffective|p2a: Probopass
|-damage|p2a: Probopass|22\/100
|move|p2a: Probopass|Earth Power|p1a: Tentacruel
|-supereffective|p1a: Tentacruel
|-damage|p1a: Tentacruel|70\/265
|
|upkeep
|turn|15
|
|t:|1621743307
|switch|p2a: Exploud|Exploud, L86, M|100\/100
|move|p1a: Tentacruel|Scald|p2a: Exploud
|-damage|p2a: Exploud|75\/100
|
|upkeep
|turn|16
|
|t:|1621743327
|switch|p1a: Gallade|Gallade, L82, M|246\/246
|move|p2a: Exploud|Boomburst|p1a: Gallade
|-damage|p1a: Gallade|68\/246
|
|upkeep
|turn|17
|
|t:|1621743346
|switch|p2a: Dhelmise|Dhelmise, L86|99\/100
|detailschange|p1a: Gallade|Gallade-Mega, L82, M
|-mega|p1a: Gallade|Gallade|Galladite
|-start|p1a: Gallade|typechange|Psychic\/Fighting|[silent]
|raw|<ul class="utilichart"><li class="result"><span class="col pokemonnamecol" style="white-space: nowrap">Gallade-Mega<\/span> <span class="col typecol"><img src="https:\/\/play.pokemonshowdown.com\/sprites\/types\/Psychic.png" alt="Psychic" height="14" width="32"><img src="https:\/\/play.pokemonshowdown.com\/sprites\/types\/Fighting.png" alt="Fighting" height="14" width="32"><\/span> <span style="float: left ; min-height: 26px"><span class="col abilitycol">Inner Focus<\/span><span class="col abilitycol"><\/span><\/span><span style="float: left ; min-height: 26px"><span class="col statcol"><em>HP<\/em><br>68<\/span> <span class="col statcol"><em>Atk<\/em><br>165<\/span> <span class="col statcol"><em>Def<\/em><br>95<\/span> <span class="col statcol"><em>SpA<\/em><br>65<\/span> <span class="col statcol"><em>SpD<\/em><br>115<\/span> <span class="col statcol"><em>Spe<\/em><br>110<\/span> <\/span><\/li><li style="clear: both"><\/li><\/ul>
|move|p1a: Gallade|Knock Off|p2a: Dhelmise
|-supereffective|p2a: Dhelmise
|-damage|p2a: Dhelmise|34\/100
|-enditem|p2a: Dhelmise|Leftovers|[from] move: Knock Off|[of] p1a: Gallade
|
|upkeep
|turn|18
|c|☆H2OPulse|Owfair
|
|t:|1621743366
|switch|p2a: Greninja|Greninja, L80, F|100\/100
|move|p1a: Gallade|Knock Off|p2a: Greninja
|-resisted|p2a: Greninja
|-damage|p2a: Greninja|82\/100
|
|upkeep
|turn|19
|c|☆inkbug1|A
|l| pupugugu
|c|☆inkbug1|not her
|
|t:|1621743395
|switch|p1a: Tentacruel|Tentacruel, L82, F|70\/265
|move|p2a: Greninja|Hydro Pump|p1a: Tentacruel
|-resisted|p1a: Tentacruel
|-damage|p1a: Tentacruel|40\/265
|
|upkeep
|turn|20
|c|☆inkbug1|boy i wish i had aromatisse rn
|
|t:|1621743418
|move|p2a: Greninja|Hydro Pump|p1a: Tentacruel
|-resisted|p1a: Tentacruel
|-damage|p1a: Tentacruel|8\/265
|move|p1a: Tentacruel|Acid Spray|p2a: Greninja
|-damage|p2a: Greninja|64\/100
|-unboost|p2a: Greninja|spd|2
|
|upkeep
|turn|21
|
|t:|1621743426
|move|p2a: Greninja|U-turn|p1a: Tentacruel
|-resisted|p1a: Tentacruel
|-damage|p1a: Tentacruel|0 fnt
|faint|p1a: Tentacruel
|-activate|p2a: Greninja|ability: Battle Bond
|detailschange|p2a: Greninja|Greninja-Ash, L80, F
|
|t:|1621743441
|switch|p2a: Exploud|Exploud, L86, M|75\/100|[from]move: U-turn
|
|upkeep
|
|t:|1621743462
|switch|p1a: Gallade|Gallade-Mega, L82, M|68\/246
|-start|p1a: Gallade|typechange|Psychic\/Fighting|[silent]
|turn|22
|
|t:|1621743478
|switch|p2a: Dhelmise|Dhelmise, L86|34\/100
|move|p1a: Gallade|Close Combat|p2a: Dhelmise
|-immune|p2a: Dhelmise
|
|upkeep
|turn|23
|
|t:|1621743486
|move|p1a: Gallade|Knock Off|p2a: Dhelmise
|-supereffective|p2a: Dhelmise
|-damage|p2a: Dhelmise|0 fnt
|faint|p2a: Dhelmise
|
|upkeep
|
|t:|1621743489
|switch|p2a: Greninja|Greninja-Ash, L80, F|64\/100
|turn|24
|
|t:|1621743546
|switch|p1a: Corsola|Corsola-Galar, L88, F|249\/249
|move|p2a: Greninja|Hydro Pump|p1a: Corsola
|-damage|p1a: Corsola|156\/249
|
|upkeep
|turn|25
|
|t:|1621743555
|move|p2a: Greninja|Taunt|p1a: Corsola
|-start|p1a: Corsola|move: Taunt
|cant|p1a: Corsola|move: Taunt|Will-O-Wisp
|
|upkeep
|turn|26
|c|☆inkbug1|rude
|
|t:|1621743564
|move|p2a: Greninja|Hydro Pump|p1a: Corsola|[miss]
|-miss|p2a: Greninja|p1a: Corsola
|move|p1a: Corsola|Night Shade|p2a: Greninja
|-damage|p2a: Greninja|28\/100
|
|upkeep
|turn|27
|c|☆H2OPulse|ow
|
|t:|1621743586
|switch|p2a: Exploud|Exploud, L86, M|75\/100
|move|p1a: Corsola|Night Shade|p2a: Exploud
|-immune|p2a: Exploud
|
|-end|p1a: Corsola|move: Taunt
|upkeep
|turn|28
|
|t:|1621743594
|move|p2a: Exploud|Fire Blast|p1a: Corsola
|-damage|p1a: Corsola|85\/249
|move|p1a: Corsola|Strength Sap|p2a: Exploud
|-unboost|p2a: Exploud|atk|1
|-heal|p1a: Corsola|246\/249
|
|upkeep
|turn|29
|c|☆H2OPulse|I feel like I am going to lose here haha I'm not sure anything can break this
|c|☆H2OPulse|This is what Dhelmise was for oops
|c|☆inkbug1|fr 
|
|t:|1621743637
|switch|p2a: Steelix|Steelix, L82, M|44\/100
|switch|p1a: Landorus|Landorus-Therian, L80, M|223\/274 tox
|-ability|p1a: Landorus|Intimidate|boost
|-unboost|p2a: Steelix|atk|1
|
|-damage|p1a: Landorus|206\/274 tox|[from] psn
|upkeep
|turn|30
|c|☆inkbug1|im so scared of gren dude
|
|t:|1621743652
|switch|p2a: Probopass|Probopass, L88, M|22\/100
|move|p1a: Landorus|Rock Polish|p1a: Landorus
|-boost|p1a: Landorus|spe|2
|
|-damage|p1a: Landorus|172\/274 tox|[from] psn
|upkeep
|turn|31
|c|☆H2OPulse|Whyyyy
|
|t:|1621743664
|-zpower|p1a: Landorus
|move|p1a: Landorus|Supersonic Skystrike|p2a: Probopass|[zeffect]
|-resisted|p2a: Probopass
|-damage|p2a: Probopass|9\/100
|move|p2a: Probopass|Flash Cannon|p1a: Landorus
|-damage|p1a: Landorus|91\/274 tox
|
|-damage|p1a: Landorus|40\/274 tox|[from] psn
|upkeep
|turn|32
|c|☆H2OPulse|Sfjkdhk
|c|☆inkbug1|wheeze
|c|☆inkbug1|oh i forgot you dont levitate
|c|☆inkbug1|im dummy
|
|t:|1621743683
|switch|p2a: Tornadus|Tornadus, L84, M|100\/100
|move|p1a: Landorus|Earthquake|p2a: Tornadus
|-immune|p2a: Tornadus
|
|-damage|p1a: Landorus|0 fnt|[from] psn
|faint|p1a: Landorus
|upkeep
|c|☆inkbug1|yeah i deserve that
|c|☆H2OPulse|thank you Probopass for 1v1ing a Landorus
|
|t:|1621743693
|switch|p1a: Giratina|Giratina-Origin, L78|252\/362
|turn|33
|c|☆H2OPulse|now I lose to Corsola though :'D
|
|t:|1621743707
|move|p2a: Tornadus|Hurricane|p1a: Giratina|[miss]
|-miss|p2a: Tornadus|p1a: Giratina
|move|p1a: Giratina|Draco Meteor|p2a: Tornadus
|-damage|p2a: Tornadus|31\/100
|-unboost|p1a: Giratina|spa|2
|
|upkeep
|turn|34
|
|t:|1621743716
|move|p2a: Tornadus|Hurricane|p1a: Giratina
|-damage|p1a: Giratina|120\/362
|move|p1a: Giratina|Draco Meteor|p2a: Tornadus
|-damage|p2a: Tornadus|0 fnt
|-unboost|p1a: Giratina|spa|2
|faint|p2a: Tornadus
|
|upkeep
|
|t:|1621743748
|switch|p2a: Exploud|Exploud, L86, M|75\/100
|turn|35
|
|t:|1621743784
|move|p1a: Giratina|Will-O-Wisp|p2a: Exploud
|-status|p2a: Exploud|brn
|move|p2a: Exploud|Ice Beam|p1a: Giratina
|-supereffective|p1a: Giratina
|-damage|p1a: Giratina|0 fnt
|faint|p1a: Giratina
|
|-damage|p2a: Exploud|69\/100 brn|[from] brn
|upkeep
|
|t:|1621743794
|switch|p1a: Gallade|Gallade-Mega, L82, M|68\/246
|-start|p1a: Gallade|typechange|Psychic\/Fighting|[silent]
|turn|36
|
|t:|1621743801
|switch|p2a: Probopass|Probopass, L88, M|9\/100
|move|p1a: Gallade|Close Combat|p2a: Probopass
|-supereffective|p2a: Probopass
|-damage|p2a: Probopass|0 fnt
|-unboost|p1a: Gallade|def|1
|-unboost|p1a: Gallade|spd|1
|faint|p2a: Probopass
|
|upkeep
|
|t:|1621743807
|switch|p2a: Greninja|Greninja-Ash, L80, F|28\/100
|turn|37
|
|t:|1621743814
|switch|p1a: Corsola|Corsola-Galar, L88, F|246\/249
|move|p2a: Greninja|U-turn|p1a: Corsola
|-resisted|p1a: Corsola
|-damage|p1a: Corsola|228\/249
|-start|p2a: Greninja|Disable|U-turn|[from] ability: Cursed Body|[of] p1a: Corsola
|
|t:|1621743816
|switch|p2a: Steelix|Steelix, L82, M|44\/100|[from]move: U-turn
|
|upkeep
|turn|38
|c|☆inkbug1|pff
|c|☆inkbug1|fat lot of good that does me
|
|t:|1621743829
|detailschange|p2a: Steelix|Steelix-Mega, L82, M
|-mega|p2a: Steelix|Steelix|Steelixite
|-start|p2a: Steelix|typechange|Steel\/Ground|[silent]
|raw|<ul class="utilichart"><li class="result"><span class="col pokemonnamecol" style="white-space: nowrap">Steelix-Mega<\/span> <span class="col typecol"><img src="https:\/\/play.pokemonshowdown.com\/sprites\/types\/Steel.png" alt="Steel" height="14" width="32"><img src="https:\/\/play.pokemonshowdown.com\/sprites\/types\/Ground.png" alt="Ground" height="14" width="32"><\/span> <span style="float: left ; min-height: 26px"><span class="col abilitycol">Sand Force<\/span><span class="col abilitycol"><\/span><\/span><span style="float: left ; min-height: 26px"><span class="col statcol"><em>HP<\/em><br>75<\/span> <span class="col statcol"><em>Atk<\/em><br>125<\/span> <span class="col statcol"><em>Def<\/em><br>230<\/span> <span class="col statcol"><em>SpA<\/em><br>55<\/span> <span class="col statcol"><em>SpD<\/em><br>95<\/span> <span class="col statcol"><em>Spe<\/em><br>30<\/span> <\/span><\/li><li style="clear: both"><\/li><\/ul>
|move|p1a: Corsola|Will-O-Wisp|p2a: Steelix|[miss]
|-miss|p1a: Corsola|p2a: Steelix
|move|p2a: Steelix|Toxic|p1a: Corsola
|-status|p1a: Corsola|tox
|
|-damage|p1a: Corsola|213\/249 tox|[from] psn
|upkeep
|turn|39
|
|t:|1621743837
|switch|p2a: Exploud|Exploud, L86, M|69\/100 brn
|move|p1a: Corsola|Will-O-Wisp|p2a: Exploud|[miss]
|-miss|p1a: Corsola|p2a: Exploud
|
|-damage|p2a: Exploud|63\/100 brn|[from] brn
|-damage|p1a: Corsola|183\/249 tox|[from] psn
|upkeep
|turn|40
|
|t:|1621743845
|switch|p1a: Gallade|Gallade-Mega, L82, M|68\/246
|-start|p1a: Gallade|typechange|Psychic\/Fighting|[silent]
|move|p2a: Exploud|Fire Blast|p1a: Gallade
|-damage|p1a: Gallade|0 fnt
|faint|p1a: Gallade
|
|-damage|p2a: Exploud|57\/100 brn|[from] brn
|upkeep
|c|☆H2OPulse|OKAY
|c|☆inkbug1|ok
|c|☆H2OPulse|SOMEHOW
|
|t:|1621743853
|switch|p1a: Corsola|Corsola-Galar, L88, F|183\/249 tox
|turn|41
|
|t:|1621743858
|move|p2a: Exploud|Fire Blast|p1a: Corsola
|-damage|p1a: Corsola|115\/249 tox
|move|p1a: Corsola|Strength Sap|p2a: Exploud
|-unboost|p2a: Exploud|atk|1
|-heal|p1a: Corsola|249\/249 tox
|
|-damage|p2a: Exploud|51\/100 brn|[from] brn
|-damage|p1a: Corsola|234\/249 tox|[from] psn
|upkeep
|turn|42
|
|t:|1621743868
|move|p2a: Exploud|Fire Blast|p1a: Corsola
|-damage|p1a: Corsola|166\/249 tox
|move|p1a: Corsola|Strength Sap|p2a: Exploud
|-unboost|p2a: Exploud|atk|1
|-heal|p1a: Corsola|249\/249 tox
|
|-damage|p2a: Exploud|45\/100 brn|[from] brn
|-damage|p1a: Corsola|219\/249 tox|[from] psn
|upkeep
|turn|43
|
|t:|1621743878
|move|p2a: Exploud|Fire Blast|p1a: Corsola
|-damage|p1a: Corsola|152\/249 tox
|-start|p2a: Exploud|Disable|Fire Blast|[from] ability: Cursed Body|[of] p1a: Corsola
|move|p1a: Corsola|Haze|p1a: Corsola
|-clearallboost
|
|-damage|p2a: Exploud|39\/100 brn|[from] brn
|-damage|p1a: Corsola|107\/249 tox|[from] psn
|upkeep
|turn|44
|
|t:|1621743889
|-activate|p2a: Exploud|move: Struggle
|move|p2a: Exploud|Struggle|p1a: Corsola
|-damage|p1a: Corsola|98\/249 tox
|-damage|p2a: Exploud|14\/100 brn|[from] recoil
|move|p1a: Corsola|Strength Sap|p2a: Exploud
|-unboost|p2a: Exploud|atk|1
|-heal|p1a: Corsola|249\/249 tox
|
|-damage|p2a: Exploud|8\/100 brn|[from] brn
|-damage|p1a: Corsola|189\/249 tox|[from] psn
|upkeep
|turn|45
|
|t:|1621743907
|switch|p2a: Steelix|Steelix-Mega, L82, M|44\/100
|-start|p2a: Steelix|typechange|Steel\/Ground|[silent]
|move|p1a: Corsola|Strength Sap|p2a: Steelix
|-unboost|p2a: Steelix|atk|1
|-heal|p1a: Corsola|249\/249 tox
|
|-damage|p1a: Corsola|174\/249 tox|[from] psn
|upkeep
|turn|46
|
|t:|1621743920
|move|p1a: Corsola|Will-O-Wisp|p2a: Steelix
|-status|p2a: Steelix|brn
|move|p2a: Steelix|Heavy Slam|p1a: Corsola
|-damage|p1a: Corsola|144\/249 tox
|
|-damage|p1a: Corsola|54\/249 tox|[from] psn
|-damage|p2a: Steelix|38\/100 brn|[from] brn
|upkeep
|turn|47
|c|☆inkbug1|why
|
|t:|1621743933
|move|p1a: Corsola|Strength Sap|p2a: Steelix
|-unboost|p2a: Steelix|atk|1
|-heal|p1a: Corsola|222\/249 tox
|move|p2a: Steelix|Heavy Slam|p1a: Corsola
|-damage|p1a: Corsola|201\/249 tox
|-start|p2a: Steelix|Disable|Heavy Slam|[from] ability: Cursed Body|[of] p1a: Corsola
|
|-damage|p1a: Corsola|96\/249 tox|[from] psn
|-damage|p2a: Steelix|32\/100 brn|[from] brn
|upkeep
|turn|48
|
|t:|1621743946
|move|p1a: Corsola|Strength Sap|p2a: Steelix
|-unboost|p2a: Steelix|atk|1
|-heal|p1a: Corsola|222\/249 tox
|move|p2a: Steelix|Earthquake|p1a: Corsola
|-damage|p1a: Corsola|207\/249 tox
|
|-damage|p1a: Corsola|87\/249 tox|[from] psn
|-damage|p2a: Steelix|26\/100 brn|[from] brn
|upkeep
|turn|49
|
|t:|1621743957
|move|p1a: Corsola|Strength Sap|p2a: Steelix
|-unboost|p2a: Steelix|atk|1
|-heal|p1a: Corsola|187\/249 tox
|move|p2a: Steelix|Earthquake|p1a: Corsola
|-damage|p1a: Corsola|176\/249 tox
|
|-damage|p1a: Corsola|41\/249 tox|[from] psn
|-damage|p2a: Steelix|20\/100 brn|[from] brn
|upkeep
|turn|50
|
|t:|1621743972
|move|p1a: Corsola|Strength Sap|p2a: Steelix
|-unboost|p2a: Steelix|atk|1
|-heal|p1a: Corsola|125\/249 tox
|move|p2a: Steelix|Earthquake|p1a: Corsola
|-damage|p1a: Corsola|115\/249 tox
|
|-damage|p1a: Corsola|0 fnt|[from] psn
|faint|p1a: Corsola
|
|win|H2OPulse
|upkeep
|c|☆inkbug1|finally ran out of attakc
|c|☆inkbug1|akshdgaksd
|c|☆H2OPulse|Good gam e :'D
|c|☆inkbug1|couldnt spare a turn to haze
|c|☆inkbug1|gg</script>
</div>
<div class="battle-log battle-log-inline"><div class="inner"><div class="battle-options"><div style="padding-top: 3px; padding-right: 3px; text-align: right"><button class="icon button" name="openBattleOptions" title="Options">Battle Options</button></div></div><div class="inner message-log"><div class="chat"><small>☆inkbug1 and ☆H2OPulse joined</small></div><div class=""><small>Format:</small> <br><strong>[Gen 8] M4A Random Battle</strong></div><div class=""><small><em>Dynamax Clause:</em> You cannot dynamax</small></div><div class=""><small><em>Species Clause:</em> Limit one of each Pokémon</small></div><div class=""><small><em>HP Percentage Mod:</em> HP is shown in percentages</small></div><div class=""><small><em>Sleep Clause Mod:</em> Limit one foe put to sleep</small></div><div class=""><small><em>Freeze Clause Mod:</em> Limit one foe frozen</small></div><div class="chat"><img src="https://www.smogon.com/forums/attachments/banner_2-png.302358/" height="65" width="381"></div><div class="spacer battle-history"><br></div><div class="battle-history"><small>Welcome to Megas for All!</small><br></div><div class="battle-history"><small>This is a National Dex-based format where we aim to give a new Mega Evolution to every Pokémon.</small><br></div><div class="battle-history"><small>Just like any official format, you can still only Mega Evolve one Pokémon per team!</small><br></div><div class="battle-history"><small>You can find our thread and metagame resources here:</small><br></div><div class="battle-history"><small>https://www.smogon.com/forums/threads/3671140/</small><br></div><div class="battle-history"><small>Your Mega Evolution this match is:</small><br></div><div class="battle-history"><small>(Gallade-Mega (Psychic/Fighting); Ability: Inner Focus (This Pokemon cannot be made to flinch. Immune to Intimidate.); Stats: 68 HP / 165 Atk / 95 Def / 65 SpA / 115 SpD / 110 Spe;)</small><br></div><div class="battle-history"><small>Use the command /dt for more information!</small><br></div><div class="spacer battle-history"><br></div><div class="battle-history">Battle started between inkbug1 and H2OPulse!<br></div><div class="spacer battle-history"><br></div><div class="battle-history">Go! Giratina (<strong>Giratina-Origin</strong>)!<br></div><div class="spacer battle-history"><br></div><div class="battle-history">H2OPulse sent out <strong>Probopass</strong>!<br></div><div class="battle-history"><small>The opposing Probopass floats in the air with its Air Balloon!</small><br></div><div class="spacer battle-history"><br></div><h2 class="battle-history">Turn 1</h2><div class="chat"><small> pupugugu joined</small></div><div class="chat chatmessage-inkbug1 mine"><strong style="color:#e46e0f"><small>☆</small><span class="username" data-name="inkbug1">inkbug1</span>:</strong> <em>for cryin out loud</em></div><div class="chat chatmessage-pupugugu"><strong style="color:#2b7b91"><small> </small><span class="username" data-name="pupugugu">pupugugu</span>:</strong> <em>oh cool starting matchup</em></div><div class="chat chatmessage-h2opulse"><strong style="color:#6e8c2b"><small>☆</small><span class="username" data-name="H2OPulse">H2OPulse</span>:</strong> <em>Still a canon Mega? :'D</em></div><div class="chat chatmessage-inkbug1 mine"><strong style="color:#e46e0f"><small>☆</small><span class="username" data-name="inkbug1">inkbug1</span>:</strong> <em>god giratina origin is so sexy lookin</em></div><div class="chat chatmessage-h2opulse"><strong style="color:#6e8c2b"><small>☆</small><span class="username" data-name="H2OPulse">H2OPulse</span>:</strong> <em>(Good luck and have fun in any case!!)</em></div><div class="chat chatmessage-h2opulse"><strong style="color:#6e8c2b"><small>☆</small><span class="username" data-name="H2OPulse">H2OPulse</span>:</strong> <em>Khfjgk ye ah</em></div><div class="chat chatmessage-inkbug1 mine"><strong style="color:#e46e0f"><small>☆</small><span class="username" data-name="inkbug1">inkbug1</span>:</strong> <em>its color scheme is soOOO good</em></div><div class="chat chatmessage-pupugugu"><strong style="color:#2b7b91"><small> </small><span class="username" data-name="pupugugu">pupugugu</span>:</strong> <em>true!</em></div><div class="spacer battle-history"><br></div><div class="battle-history">Giratina, come back!<br></div><div class="battle-history">Go! Landorus (<strong>Landorus-Therian</strong>)!<br></div><div class="battle-history">[Landorus's Intimidate]<br></div><div class="battle-history"><small>The opposing Probopass's Attack fell!</small><br></div><div class="spacer battle-history"><br></div><div class="battle-history">The opposing Probopass used <strong>Toxic</strong>!<br></div><div class="battle-history"><small>Landorus avoided the attack!</small><br></div><div class="spacer battle-history"><br></div><h2 class="battle-history">Turn 2</h2><div class="chat chatmessage-inkbug1 mine"><strong style="color:#e46e0f"><small>☆</small><span class="username" data-name="inkbug1">inkbug1</span>:</strong> <em>i didnt think this through</em></div><div class="spacer battle-history"><br></div><div class="battle-history">Landorus used <strong>Fly</strong>!<br></div><div class="battle-history">Landorus flew up high!<br></div><div class="spacer battle-history"><br></div><div class="battle-history">The opposing Probopass used <strong>Toxic</strong>!<br></div><div class="battle-history"><small>Landorus avoided the attack!</small><br></div><div class="spacer battle-history"><br></div><h2 class="battle-history">Turn 3</h2><div class="chat"><small> pupugugu left</small></div><div class="spacer battle-history"><br></div><div class="battle-history">Landorus used <strong>Fly</strong>!<br></div><div class="battle-history"><small>It's not very effective...</small><br></div><div class="battle-history"><small>(The opposing Probopass lost 7% of its health!)</small><br></div><div class="battle-history"><small>The opposing Probopass's Air Balloon popped!</small><br></div><div class="spacer battle-history"><br></div><div class="battle-history">The opposing Probopass used <strong>Toxic</strong>!<br></div><div class="battle-history"><small>Landorus was badly poisoned!</small><br></div><div class="spacer battle-history"><br></div><div class="battle-history"><small>Landorus was hurt by poison!</small><br></div><div class="spacer battle-history"><br></div><h2 class="battle-history">Turn 4</h2><div class="spacer battle-history"><br></div><div class="battle-history">H2OPulse withdrew Probopass!<br></div><div class="battle-history">H2OPulse sent out <strong>Tornadus</strong>!<br></div><div class="spacer battle-history"><br></div><div class="battle-history">Landorus used <strong>Earthquake</strong>!<br></div><div class="battle-history"><small>It doesn't affect the opposing Tornadus...</small><br></div><div class="spacer battle-history"><br></div><div class="battle-history"><small>Landorus was hurt by poison!</small><br></div><div class="spacer battle-history"><br></div><h2 class="battle-history">Turn 5</h2><div class="chat chatmessage-inkbug1 mine"><strong style="color:#e46e0f"><small>☆</small><span class="username" data-name="inkbug1">inkbug1</span>:</strong> <em>yeah ok</em></div><div class="spacer battle-history"><br></div><div class="battle-history">Landorus, come back!<br></div><div class="battle-history">Go! <strong>Aromatisse</strong>!<br></div><div class="spacer battle-history"><br></div><div class="battle-history">The opposing Tornadus used <strong>Hurricane</strong>!<br></div><div class="battle-history"><small>(Aromatisse lost <abbr title="−130/321">40.5%</abbr> of its health!)</small><br></div><div class="battle-history"><small>Aromatisse became confused!</small><br></div><div class="spacer battle-history"><br></div><div class="battle-history"><small>Aromatisse restored a little HP using its Leftovers!</small><br></div><div class="spacer battle-history"><br></div><h2 class="battle-history">Turn 6</h2><div class="chat"><small> pupugugu joined</small></div><div class="spacer battle-history"><br></div><div class="battle-history"><small>The opposing Tornadus surrounded itself with its Z-Power!</small><br></div><div class="spacer battle-history"><br></div><div class="battle-history"><small>The opposing Tornadus unleashes its full-force Z-Move!</small><br>The opposing Tornadus used <strong>Supersonic Skystrike</strong>!<br></div><div class="battle-history"><small>(Aromatisse lost <abbr title="−211/321">65.7%</abbr> of its health!)</small><br></div><div class="spacer battle-history"><br></div><div class="battle-history">Aromatisse fainted!<br></div><div class="chat chatmessage-h2opulse"><strong style="color:#6e8c2b"><small>☆</small><span class="username" data-name="H2OPulse">H2OPulse</span>:</strong> <em>Worth</em></div><div class="chat chatmessage-inkbug1 mine"><strong style="color:#e46e0f"><small>☆</small><span class="username" data-name="inkbug1">inkbug1</span>:</strong> <em>e</em></div><div class="chat chatmessage-h2opulse"><strong style="color:#6e8c2b"><small>☆</small><span class="username" data-name="H2OPulse">H2OPulse</span>:</strong> <em>I know to respect Aromatisse</em></div><div class="chat chatmessage-inkbug1 mine"><strong style="color:#e46e0f"><small>☆</small><span class="username" data-name="inkbug1">inkbug1</span>:</strong> <em>yeah </em></div><div class="chat chatmessage-pupugugu"><strong style="color:#2b7b91"><small> </small><span class="username" data-name="pupugugu">pupugugu</span>:</strong> <em>dang ink has a stacked team tho</em></div><div class="chat chatmessage-inkbug1 mine"><strong style="color:#e46e0f"><small>☆</small><span class="username" data-name="inkbug1">inkbug1</span>:</strong> <em>oh thats a fun set on that one hm</em></div><div class="spacer battle-history"><br></div><div class="battle-history">Go! <strong>Tentacruel</strong>!<br></div><div class="spacer battle-history"><br></div><h2 class="battle-history">Turn 7</h2><div class="spacer battle-history"><br></div><div class="battle-history">The opposing Tornadus used <strong>U-turn</strong>!<br></div><div class="battle-history"><small>It's not very effective...</small><br></div><div class="battle-history"><small>(Tentacruel lost <abbr title="−34/265">12.8%</abbr> of its health!)</small><br></div><div class="spacer battle-history"><br></div><div class="battle-history">The opposing Tornadus went back to H2OPulse!<br></div><div class="battle-history">H2OPulse sent out <strong>Dhelmise</strong>!<br></div><div class="spacer battle-history"><br></div><div class="battle-history">Tentacruel used <strong>Acid Spray</strong>!<br></div><div class="battle-history"><small>(The opposing Dhelmise lost 13% of its health!)</small><br></div><div class="battle-history"><small>The opposing Dhelmise's Sp. Def fell harshly!</small><br></div><div class="spacer battle-history"><br></div><div class="battle-history"><small>The opposing Dhelmise restored a little HP using its Leftovers!</small><br></div><div class="spacer battle-history"><br></div><h2 class="battle-history">Turn 8</h2><div class="chat chatmessage-h2opulse"><strong style="color:#6e8c2b"><small>☆</small><span class="username" data-name="H2OPulse">H2OPulse</span>:</strong> <em>Ohhhh I love Acid Spray</em></div><div class="spacer battle-history"><br></div><div class="battle-history">Tentacruel, come back!<br></div><div class="battle-history">Go! Giratina (<strong>Giratina-Origin</strong>)!<br></div><div class="spacer battle-history"><br></div><div class="battle-history">The opposing Dhelmise used <strong>Anchor Shot</strong>!<br></div><div class="battle-history"><small>(Giratina lost <abbr title="−110/362">30.4%</abbr> of its health!)</small><br></div><div class="spacer battle-history"><br></div><div class="battle-history"><small>The opposing Dhelmise restored a little HP using its Leftovers!</small><br></div><div class="spacer battle-history"><br></div><h2 class="battle-history">Turn 9</h2><div class="chat chatmessage-h2opulse"><strong style="color:#6e8c2b"><small>☆</small><span class="username" data-name="H2OPulse">H2OPulse</span>:</strong> <em>Giratina is so pointedly anti-this-Dhelmise-set it's very funny</em></div><div class="chat chatmessage-inkbug1 mine"><strong style="color:#e46e0f"><small>☆</small><span class="username" data-name="inkbug1">inkbug1</span>:</strong> <em>omg</em></div><div class="chat chatmessage-h2opulse"><strong style="color:#6e8c2b"><small>☆</small><span class="username" data-name="H2OPulse">H2OPulse</span>:</strong> <em>Can't be trapped, resists Grass, and Knock doesn't work</em></div><div class="spacer battle-history"><br></div><div class="battle-history">H2OPulse withdrew Dhelmise!<br></div><div class="battle-history">H2OPulse sent out <strong>Steelix</strong>!<br></div><div class="spacer battle-history"><br></div><div class="battle-history">Giratina used <strong>Shadow Ball</strong>!<br></div><div class="battle-history"><small>(The opposing Steelix lost 56% of its health!)</small><br></div><div class="battle-history"><small>The opposing Steelix's Sp. Def fell!</small><br></div><div class="spacer battle-history"><br></div><h2 class="battle-history">Turn 10</h2><div class="chat chatmessage-inkbug1 mine"><strong style="color:#e46e0f"><small>☆</small><span class="username" data-name="inkbug1">inkbug1</span>:</strong> <em>jesus</em></div><div class="chat chatmessage-inkbug1 mine"><strong style="color:#e46e0f"><small>☆</small><span class="username" data-name="inkbug1">inkbug1</span>:</strong> <em>oh right bad spd </em></div><div class="chat chatmessage-h2opulse"><strong style="color:#6e8c2b"><small>☆</small><span class="username" data-name="H2OPulse">H2OPulse</span>:</strong> <em>O w</em></div><div class="spacer battle-history"><br></div><div class="battle-history">H2OPulse withdrew Steelix!<br></div><div class="battle-history">H2OPulse sent out <strong>Exploud</strong>!<br></div><div class="spacer battle-history"><br></div><div class="battle-history">Giratina used <strong>Shadow Ball</strong>!<br></div><div class="battle-history"><small>It doesn't affect the opposing Exploud...</small><br></div><div class="spacer battle-history"><br></div><h2 class="battle-history">Turn 11</h2><div class="chat chatmessage-inkbug1 mine"><strong style="color:#e46e0f"><small>☆</small><span class="username" data-name="inkbug1">inkbug1</span>:</strong> <em>squints</em></div><div class="chat"><div class="message"><ul class="utilichart"><li class="result"><span class="col numcol">NUBL</span> <span class="col iconcol"><span class="picon" style="background: transparent url(&quot;https://play.pokemonshowdown.com/sprites/pokemonicons-sheet.png?v4&quot;) no-repeat scroll -280px -720px"></span></span> <span class="col pokemonnamecol" style="white-space: nowrap"><a href="https://dex.pokemonshowdown.com/pokemon/exploud" target="_blank" rel="noopener">Exploud</a></span> <span class="col typecol"><img src="https://play.pokemonshowdown.com/sprites/types/Normal.png" alt="Normal" height="14" width="32"></span> <span style="float: left ; min-height: 26px"><span class="col abilitycol">Soundproof</span><span class="col abilitycol"><em>Scrappy</em></span></span><span style="float: left ; min-height: 26px"><span class="col statcol"><em>HP</em><br>104</span> <span class="col statcol"><em>Atk</em><br>91</span> <span class="col statcol"><em>Def</em><br>63</span> <span class="col statcol"><em>SpA</em><br>91</span> <span class="col statcol"><em>SpD</em><br>73</span> <span class="col statcol"><em>Spe</em><br>68</span> <span class="col bstcol"><em>BST<br>490</em></span> </span></li><li style="clear: both"></li></ul></div></div><div class="chat"><font size="1"><font color="#686868">Dex#:</font> 295&nbsp;|  <font color="#686868">Gen:</font> 3&nbsp;|  <font color="#686868">Height:</font> 1.5 m&nbsp;|  <font color="#686868">Weight:</font> 84 kg <em>(80 BP)</em>&nbsp;|  <font color="#686868">Dex Colour:</font> Blue&nbsp;|  <font color="#686868">Egg Group(s):</font> Monster, Field&nbsp;|  <font color="#686868">Does Not Evolve</font></font></div><div class="chat"><div class="message"><ul class="utilichart"><li class="result"><span class="col numcol">NUBL</span> <span class="col iconcol"><span class="picon" style="background: transparent url(&quot;https://raw.githubusercontent.com/scoopapa/dh/master/data/mods/m4av6/sprites/icons/exploudmega.png&quot;) no-repeat scroll -0px -0px"></span></span> <span class="col pokemonnamecol" style="white-space: nowrap"><a href="https://dex.pokemonshowdown.com/pokemon/exploudmega" target="_blank" rel="noopener">Exploud-Mega</a></span> <span class="col typecol"><img src="https://play.pokemonshowdown.com/sprites/types/Normal.png" alt="Normal" height="14" width="32"><img src="https://play.pokemonshowdown.com/sprites/types/Dragon.png" alt="Dragon" height="14" width="32"></span> <span style="float: left ; min-height: 26px"><span class="col abilitycol">Seismic Scream</span><span class="col abilitycol"></span></span><span style="float: left ; min-height: 26px"><span class="col statcol"><em>HP</em><br>104</span> <span class="col statcol"><em>Atk</em><br>101</span> <span class="col statcol"><em>Def</em><br>73</span> <span class="col statcol"><em>SpA</em><br>101</span> <span class="col statcol"><em>SpD</em><br>113</span> <span class="col statcol"><em>Spe</em><br>98</span> <span class="col bstcol"><em>BST<br>590</em></span> </span></li><li style="clear: both"></li></ul></div></div><div class="chat"><font size="1"><font color="#686868">Dex#:</font> 295&nbsp;|  <font color="#686868">Gen:</font> 6&nbsp;|  <font color="#686868">Height:</font> 1.5 m&nbsp;|  <font color="#686868">Weight:</font> 84 kg <em>(80 BP)</em>&nbsp;|  <font color="#686868">Dex Colour:</font> Blue&nbsp;|  <font color="#686868">Egg Group(s):</font> Monster, Field&nbsp;|  <font color="#686868">Does Not Evolve</font></font></div><div class="spacer battle-history"><br></div><div class="battle-history">Giratina, come back!<br></div><div class="battle-history">Go! <strong>Tentacruel</strong>!<br></div><div class="spacer battle-history"><br></div><div class="battle-history">The opposing Exploud used <strong>Ice Beam</strong>!<br></div><div class="battle-history"><small>It's not very effective...</small><br></div><div class="battle-history"><small>(Tentacruel lost <abbr title="−27/265">10.2%</abbr> of its health!)</small><br></div><div class="spacer battle-history"><br></div><h2 class="battle-history">Turn 12</h2><div class="chat chatmessage-inkbug1 mine"><strong style="color:#e46e0f"><small>☆</small><span class="username" data-name="inkbug1">inkbug1</span>:</strong> <em>ok i couldv stayed in</em></div><div class="spacer battle-history"><br></div><div class="battle-history">H2OPulse withdrew Exploud!<br></div><div class="battle-history">H2OPulse sent out <strong>Probopass</strong>!<br></div><div class="spacer battle-history"><br></div><div class="battle-history">Tentacruel used <strong>Acid Spray</strong>!<br></div><div class="battle-history"><small>It doesn't affect the opposing Probopass...</small><br></div><div class="spacer battle-history"><br></div><h2 class="battle-history">Turn 13</h2><div class="chat chatmessage-inkbug1 mine"><strong style="color:#e46e0f"><small>☆</small><span class="username" data-name="inkbug1">inkbug1</span>:</strong> <em>plb</em></div><div class="spacer battle-history"><br></div><div class="battle-history">Tentacruel used <strong>Scald</strong>!<br></div><div class="battle-history"><small>It's super effective!</small><br></div><div class="battle-history"><small>(The opposing Probopass lost 39% of its health!)</small><br></div><div class="spacer battle-history"><br></div><div class="battle-history">The opposing Probopass used <strong>Earth Power</strong>!<br></div><div class="battle-history"><small>It's super effective!</small><br></div><div class="battle-history"><small>(Tentacruel lost <abbr title="−66/265">24.9%</abbr> of its health!)</small><br></div><div class="spacer battle-history"><br></div><h2 class="battle-history">Turn 14</h2><div class="chat chatmessage-h2opulse"><strong style="color:#6e8c2b"><small>☆</small><span class="username" data-name="H2OPulse">H2OPulse</span>:</strong> <em>Okay fair</em></div><div class="chat chatmessage-inkbug1 mine"><strong style="color:#e46e0f"><small>☆</small><span class="username" data-name="inkbug1">inkbug1</span>:</strong> <em>god i love the shading on probopass' hat on its sprite</em></div><div class="spacer battle-history"><br></div><div class="battle-history">Tentacruel used <strong>Scald</strong>!<br></div><div class="battle-history"><small>It's super effective!</small><br></div><div class="battle-history"><small>(The opposing Probopass lost 32% of its health!)</small><br></div><div class="spacer battle-history"><br></div><div class="battle-history">The opposing Probopass used <strong>Earth Power</strong>!<br></div><div class="battle-history"><small>It's super effective!</small><br></div><div class="battle-history"><small>(Tentacruel lost <abbr title="−68/265">25.7%</abbr> of its health!)</small><br></div><div class="spacer battle-history"><br></div><h2 class="battle-history">Turn 15</h2><div class="spacer battle-history"><br></div><div class="battle-history">H2OPulse withdrew Probopass!<br></div><div class="battle-history">H2OPulse sent out <strong>Exploud</strong>!<br></div><div class="spacer battle-history"><br></div><div class="battle-history">Tentacruel used <strong>Scald</strong>!<br></div><div class="battle-history"><small>(The opposing Exploud lost 25% of its health!)</small><br></div><div class="spacer battle-history"><br></div><h2 class="battle-history">Turn 16</h2><div class="spacer battle-history"><br></div><div class="battle-history">Tentacruel, come back!<br></div><div class="battle-history">Go! <strong>Gallade</strong>!<br></div><div class="spacer battle-history"><br></div><div class="battle-history">The opposing Exploud used <strong>Boomburst</strong>!<br></div><div class="battle-history"><small>(Gallade lost <abbr title="−178/246">72.4%</abbr> of its health!)</small><br></div><div class="spacer battle-history"><br></div><h2 class="battle-history">Turn 17</h2><div class="spacer battle-history"><br></div><div class="battle-history">H2OPulse withdrew Exploud!<br></div><div class="battle-history">H2OPulse sent out <strong>Dhelmise</strong>!<br></div><div class="spacer battle-history"><br></div><div class="battle-history"><small>Gallade's Galladite is reacting to the Key Stone!</small><br>Gallade has Mega Evolved into Mega Gallade!<br></div><div class="chat"><ul class="utilichart"><li class="result"><span class="col pokemonnamecol" style="white-space: nowrap">Gallade-Mega</span> <span class="col typecol"><img src="https://play.pokemonshowdown.com/sprites/types/Psychic.png" alt="Psychic" height="14" width="32"><img src="https://play.pokemonshowdown.com/sprites/types/Fighting.png" alt="Fighting" height="14" width="32"></span> <span style="float: left ; min-height: 26px"><span class="col abilitycol">Inner Focus</span><span class="col abilitycol"></span></span><span style="float: left ; min-height: 26px"><span class="col statcol"><em>HP</em><br>68</span> <span class="col statcol"><em>Atk</em><br>165</span> <span class="col statcol"><em>Def</em><br>95</span> <span class="col statcol"><em>SpA</em><br>65</span> <span class="col statcol"><em>SpD</em><br>115</span> <span class="col statcol"><em>Spe</em><br>110</span> </span></li><li style="clear: both"></li></ul></div><div class="spacer battle-history"><br></div><div class="battle-history">Gallade used <strong>Knock Off</strong>!<br></div><div class="battle-history"><small>It's super effective!</small><br></div><div class="battle-history"><small>(The opposing Dhelmise lost 65% of its health!)</small><br></div><div class="battle-history"><small>Gallade knocked off the opposing Dhelmise's Leftovers!</small><br></div><div class="spacer battle-history"><br></div><h2 class="battle-history">Turn 18</h2><div class="chat chatmessage-h2opulse"><strong style="color:#6e8c2b"><small>☆</small><span class="username" data-name="H2OPulse">H2OPulse</span>:</strong> <em>Owfair</em></div><div class="spacer battle-history"><br></div><div class="battle-history">H2OPulse withdrew Dhelmise!<br></div><div class="battle-history">H2OPulse sent out <strong>Greninja</strong>!<br></div><div class="spacer battle-history"><br></div><div class="battle-history">Gallade used <strong>Knock Off</strong>!<br></div><div class="battle-history"><small>It's not very effective...</small><br></div><div class="battle-history"><small>(The opposing Greninja lost 18% of its health!)</small><br></div><div class="spacer battle-history"><br></div><h2 class="battle-history">Turn 19</h2><div class="chat chatmessage-inkbug1 mine"><strong style="color:#e46e0f"><small>☆</small><span class="username" data-name="inkbug1">inkbug1</span>:</strong> <em>A</em></div><div class="chat"><small> pupugugu left</small></div><div class="chat chatmessage-inkbug1 mine"><strong style="color:#e46e0f"><small>☆</small><span class="username" data-name="inkbug1">inkbug1</span>:</strong> <em>not her</em></div><div class="spacer battle-history"><br></div><div class="battle-history">Gallade, come back!<br></div><div class="battle-history">Go! <strong>Tentacruel</strong>!<br></div><div class="spacer battle-history"><br></div><div class="battle-history">The opposing Greninja used <strong>Hydro Pump</strong>!<br></div><div class="battle-history"><small>It's not very effective...</small><br></div><div class="battle-history"><small>(Tentacruel lost <abbr title="−30/265">11.3%</abbr> of its health!)</small><br></div><div class="spacer battle-history"><br></div><h2 class="battle-history">Turn 20</h2><div class="chat chatmessage-inkbug1 mine"><strong style="color:#e46e0f"><small>☆</small><span class="username" data-name="inkbug1">inkbug1</span>:</strong> <em>boy i wish i had aromatisse rn</em></div><div class="spacer battle-history"><br></div><div class="battle-history">The opposing Greninja used <strong>Hydro Pump</strong>!<br></div><div class="battle-history"><small>It's not very effective...</small><br></div><div class="battle-history"><small>(Tentacruel lost <abbr title="−32/265">12.1%</abbr> of its health!)</small><br></div><div class="spacer battle-history"><br></div><div class="battle-history">Tentacruel used <strong>Acid Spray</strong>!<br></div><div class="battle-history"><small>(The opposing Greninja lost 18% of its health!)</small><br></div><div class="battle-history"><small>The opposing Greninja's Sp. Def fell harshly!</small><br></div><div class="spacer battle-history"><br></div><h2 class="battle-history">Turn 21</h2><div class="spacer battle-history"><br></div><div class="battle-history">The opposing Greninja used <strong>U-turn</strong>!<br></div><div class="battle-history"><small>It's not very effective...</small><br></div><div class="battle-history"><small>(Tentacruel lost <abbr title="−8/265">3.0%</abbr> of its health!)</small><br></div><div class="spacer battle-history"><br></div><div class="battle-history">Tentacruel fainted!<br></div><div class="battle-history">[The opposing Greninja's Battle Bond]<br><small>The opposing Greninja became fully charged due to its bond with its Trainer!</small><br></div><div class="battle-history">The opposing Greninja became Ash-Greninja!<br></div><div class="spacer battle-history"><br></div><div class="battle-history">The opposing Greninja went back to H2OPulse!<br></div><div class="battle-history">H2OPulse sent out <strong>Exploud</strong>!<br></div><div class="spacer battle-history"><br></div><div class="battle-history">Go! Gallade (<strong>Gallade-Mega</strong>)!<br></div><div class="spacer battle-history"><br></div><h2 class="battle-history">Turn 22</h2><div class="spacer battle-history"><br></div><div class="battle-history">H2OPulse withdrew Exploud!<br></div><div class="battle-history">H2OPulse sent out <strong>Dhelmise</strong>!<br></div><div class="spacer battle-history"><br></div><div class="battle-history">Gallade used <strong>Close Combat</strong>!<br></div><div class="battle-history"><small>It doesn't affect the opposing Dhelmise...</small><br></div><div class="spacer battle-history"><br></div><h2 class="battle-history">Turn 23</h2><div class="spacer battle-history"><br></div><div class="battle-history">Gallade used <strong>Knock Off</strong>!<br></div><div class="battle-history"><small>It's super effective!</small><br></div><div class="battle-history"><small>(The opposing Dhelmise lost 34% of its health!)</small><br></div><div class="spacer battle-history"><br></div><div class="battle-history">The opposing Dhelmise fainted!<br></div><div class="spacer battle-history"><br></div><div class="battle-history">H2OPulse sent out Greninja (<strong>Greninja-Ash</strong>)!<br></div><div class="spacer battle-history"><br></div><h2 class="battle-history">Turn 24</h2><div class="spacer battle-history"><br></div><div class="battle-history">Gallade, come back!<br></div><div class="battle-history">Go! Corsola (<strong>Corsola-Galar</strong>)!<br></div><div class="spacer battle-history"><br></div><div class="battle-history">The opposing Greninja used <strong>Hydro Pump</strong>!<br></div><div class="battle-history"><small>(Corsola lost <abbr title="−93/249">37.3%</abbr> of its health!)</small><br></div><div class="spacer battle-history"><br></div><h2 class="battle-history">Turn 25</h2><div class="spacer battle-history"><br></div><div class="battle-history">The opposing Greninja used <strong>Taunt</strong>!<br></div><div class="battle-history"><small>Corsola fell for the taunt!</small><br></div><div class="spacer battle-history"><br></div><div class="battle-history">Corsola can't use Will-O-Wisp after the taunt!<br></div><div class="spacer battle-history"><br></div><h2 class="battle-history">Turn 26</h2><div class="chat chatmessage-inkbug1 mine"><strong style="color:#e46e0f"><small>☆</small><span class="username" data-name="inkbug1">inkbug1</span>:</strong> <em>rude</em></div><div class="spacer battle-history"><br></div><div class="battle-history">The opposing Greninja used <strong>Hydro Pump</strong>!<br></div><div class="battle-history"><small>Corsola avoided the attack!</small><br></div><div class="spacer battle-history"><br></div><div class="battle-history">Corsola used <strong>Night Shade</strong>!<br></div><div class="battle-history"><small>(The opposing Greninja lost 36% of its health!)</small><br></div><div class="spacer battle-history"><br></div><h2 class="battle-history">Turn 27</h2><div class="chat chatmessage-h2opulse"><strong style="color:#6e8c2b"><small>☆</small><span class="username" data-name="H2OPulse">H2OPulse</span>:</strong> <em>ow</em></div><div class="spacer battle-history"><br></div><div class="battle-history">H2OPulse withdrew Greninja!<br></div><div class="battle-history">H2OPulse sent out <strong>Exploud</strong>!<br></div><div class="spacer battle-history"><br></div><div class="battle-history">Corsola used <strong>Night Shade</strong>!<br></div><div class="battle-history"><small>It doesn't affect the opposing Exploud...</small><br></div><div class="spacer battle-history"><br></div><div class="battle-history"><small>Corsola shook off the taunt!</small><br></div><div class="spacer battle-history"><br></div><h2 class="battle-history">Turn 28</h2><div class="spacer battle-history"><br></div><div class="battle-history">The opposing Exploud used <strong>Fire Blast</strong>!<br></div><div class="battle-history"><small>(Corsola lost <abbr title="−71/249">28.5%</abbr> of its health!)</small><br></div><div class="spacer battle-history"><br></div><div class="battle-history">Corsola used <strong>Strength Sap</strong>!<br></div><div class="battle-history"><small>The opposing Exploud's Attack fell!</small><br></div><div class="battle-history"><small>Corsola had its HP restored.</small><br></div><div class="spacer battle-history"><br></div><h2 class="battle-history">Turn 29</h2><div class="chat chatmessage-h2opulse"><strong style="color:#6e8c2b"><small>☆</small><span class="username" data-name="H2OPulse">H2OPulse</span>:</strong> <em>I feel like I am going to lose here haha I'm not sure anything can break this</em></div><div class="chat chatmessage-h2opulse"><strong style="color:#6e8c2b"><small>☆</small><span class="username" data-name="H2OPulse">H2OPulse</span>:</strong> <em>This is what Dhelmise was for oops</em></div><div class="chat chatmessage-inkbug1 mine"><strong style="color:#e46e0f"><small>☆</small><span class="username" data-name="inkbug1">inkbug1</span>:</strong> <em>fr </em></div><div class="spacer battle-history"><br></div><div class="battle-history">H2OPulse withdrew Exploud!<br></div><div class="battle-history">H2OPulse sent out <strong>Steelix</strong>!<br></div><div class="spacer battle-history"><br></div><div class="battle-history">Corsola, come back!<br></div><div class="battle-history">Go! Landorus (<strong>Landorus-Therian</strong>)!<br></div><div class="battle-history">[Landorus's Intimidate]<br></div><div class="battle-history"><small>The opposing Steelix's Attack fell!</small><br></div><div class="spacer battle-history"><br></div><div class="battle-history"><small>Landorus was hurt by poison!</small><br></div><div class="spacer battle-history"><br></div><h2 class="battle-history">Turn 30</h2><div class="chat chatmessage-inkbug1 mine"><strong style="color:#e46e0f"><small>☆</small><span class="username" data-name="inkbug1">inkbug1</span>:</strong> <em>im so scared of gren dude</em></div><div class="spacer battle-history"><br></div><div class="battle-history">H2OPulse withdrew Steelix!<br></div><div class="battle-history">H2OPulse sent out <strong>Probopass</strong>!<br></div><div class="spacer battle-history"><br></div><div class="battle-history">Landorus used <strong>Rock Polish</strong>!<br></div><div class="battle-history"><small>Landorus's Speed rose sharply!</small><br></div><div class="spacer battle-history"><br></div><div class="battle-history"><small>Landorus was hurt by poison!</small><br></div><div class="spacer battle-history"><br></div><h2 class="battle-history">Turn 31</h2><div class="chat chatmessage-h2opulse"><strong style="color:#6e8c2b"><small>☆</small><span class="username" data-name="H2OPulse">H2OPulse</span>:</strong> <em>Whyyyy</em></div><div class="spacer battle-history"><br></div><div class="battle-history"><small>Landorus surrounded itself with its Z-Power!</small><br></div><div class="spacer battle-history"><br></div><div class="battle-history"><small>Landorus unleashes its full-force Z-Move!</small><br>Landorus used <strong>Supersonic Skystrike</strong>!<br></div><div class="battle-history"><small>It's not very effective...</small><br></div><div class="battle-history"><small>(The opposing Probopass lost 13% of its health!)</small><br></div><div class="spacer battle-history"><br></div><div class="battle-history">The opposing Probopass used <strong>Flash Cannon</strong>!<br></div><div class="battle-history"><small>(Landorus lost <abbr title="−81/274">29.6%</abbr> of its health!)</small><br></div><div class="spacer battle-history"><br></div><div class="battle-history"><small>Landorus was hurt by poison!</small><br></div><div class="spacer battle-history"><br></div><h2 class="battle-history">Turn 32</h2><div class="chat chatmessage-h2opulse"><strong style="color:#6e8c2b"><small>☆</small><span class="username" data-name="H2OPulse">H2OPulse</span>:</strong> <em>Sfjkdhk</em></div><div class="chat chatmessage-inkbug1 mine"><strong style="color:#e46e0f"><small>☆</small><span class="username" data-name="inkbug1">inkbug1</span>:</strong> <em>wheeze</em></div><div class="chat chatmessage-inkbug1 mine"><strong style="color:#e46e0f"><small>☆</small><span class="username" data-name="inkbug1">inkbug1</span>:</strong> <em>oh i forgot you dont levitate</em></div><div class="chat chatmessage-inkbug1 mine"><strong style="color:#e46e0f"><small>☆</small><span class="username" data-name="inkbug1">inkbug1</span>:</strong> <em>im dummy</em></div><div class="spacer battle-history"><br></div><div class="battle-history">H2OPulse withdrew Probopass!<br></div><div class="battle-history">H2OPulse sent out <strong>Tornadus</strong>!<br></div><div class="spacer battle-history"><br></div><div class="battle-history">Landorus used <strong>Earthquake</strong>!<br></div><div class="battle-history"><small>It doesn't affect the opposing Tornadus...</small><br></div><div class="spacer battle-history"><br></div><div class="battle-history"><small>Landorus was hurt by poison!</small><br></div><div class="spacer battle-history"><br></div><div class="battle-history">Landorus fainted!<br></div><div class="chat chatmessage-inkbug1 mine"><strong style="color:#e46e0f"><small>☆</small><span class="username" data-name="inkbug1">inkbug1</span>:</strong> <em>yeah i deserve that</em></div><div class="chat chatmessage-h2opulse"><strong style="color:#6e8c2b"><small>☆</small><span class="username" data-name="H2OPulse">H2OPulse</span>:</strong> <em>thank you Probopass for 1v1ing a Landorus</em></div><div class="spacer battle-history"><br></div><div class="battle-history">Go! Giratina (<strong>Giratina-Origin</strong>)!<br></div><div class="spacer battle-history"><br></div><h2 class="battle-history">Turn 33</h2><div class="chat chatmessage-h2opulse"><strong style="color:#6e8c2b"><small>☆</small><span class="username" data-name="H2OPulse">H2OPulse</span>:</strong> <em>now I lose to Corsola though :'D</em></div><div class="spacer battle-history"><br></div><div class="battle-history">The opposing Tornadus used <strong>Hurricane</strong>!<br></div><div class="battle-history"><small>Giratina avoided the attack!</small><br></div><div class="spacer battle-history"><br></div><div class="battle-history">Giratina used <strong>Draco Meteor</strong>!<br></div><div class="battle-history"><small>(The opposing Tornadus lost 69% of its health!)</small><br></div><div class="battle-history"><small>Giratina's Sp. Atk fell harshly!</small><br></div><div class="spacer battle-history"><br></div><h2 class="battle-history">Turn 34</h2><div class="spacer battle-history"><br></div><div class="battle-history">The opposing Tornadus used <strong>Hurricane</strong>!<br></div><div class="battle-history"><small>(Giratina lost <abbr title="−132/362">36.5%</abbr> of its health!)</small><br></div><div class="spacer battle-history"><br></div><div class="battle-history">Giratina used <strong>Draco Meteor</strong>!<br></div><div class="battle-history"><small>(The opposing Tornadus lost 31% of its health!)</small><br></div><div class="battle-history"><small>Giratina's Sp. Atk fell harshly!</small><br></div><div class="spacer battle-history"><br></div><div class="battle-history">The opposing Tornadus fainted!<br></div><div class="spacer battle-history"><br></div><div class="battle-history">H2OPulse sent out <strong>Exploud</strong>!<br></div><div class="spacer battle-history"><br></div><h2 class="battle-history">Turn 35</h2><div class="spacer battle-history"><br></div><div class="battle-history">Giratina used <strong>Will-O-Wisp</strong>!<br></div><div class="battle-history"><small>The opposing Exploud was burned!</small><br></div><div class="spacer battle-history"><br></div><div class="battle-history">The opposing Exploud used <strong>Ice Beam</strong>!<br></div><div class="battle-history"><small>It's super effective!</small><br></div><div class="battle-history"><small>(Giratina lost <abbr title="−120/362">33.1%</abbr> of its health!)</small><br></div><div class="spacer battle-history"><br></div><div class="battle-history">Giratina fainted!<br></div><div class="spacer battle-history"><br></div><div class="battle-history"><small>The opposing Exploud was hurt by its burn!</small><br></div><div class="spacer battle-history"><br></div><div class="battle-history">Go! Gallade (<strong>Gallade-Mega</strong>)!<br></div><div class="spacer battle-history"><br></div><h2 class="battle-history">Turn 36</h2><div class="spacer battle-history"><br></div><div class="battle-history">H2OPulse withdrew Exploud!<br></div><div class="battle-history">H2OPulse sent out <strong>Probopass</strong>!<br></div><div class="spacer battle-history"><br></div><div class="battle-history">Gallade used <strong>Close Combat</strong>!<br></div><div class="battle-history"><small>It's super effective!</small><br></div><div class="battle-history"><small>(The opposing Probopass lost 9% of its health!)</small><br></div><div class="battle-history"><small>Gallade's Defense fell!</small><br></div><div class="battle-history"><small>Gallade's Sp. Def fell!</small><br></div><div class="spacer battle-history"><br></div><div class="battle-history">The opposing Probopass fainted!<br></div><div class="spacer battle-history"><br></div><div class="battle-history">H2OPulse sent out Greninja (<strong>Greninja-Ash</strong>)!<br></div><div class="spacer battle-history"><br></div><h2 class="battle-history">Turn 37</h2><div class="spacer battle-history"><br></div><div class="battle-history">Gallade, come back!<br></div><div class="battle-history">Go! Corsola (<strong>Corsola-Galar</strong>)!<br></div><div class="spacer battle-history"><br></div><div class="battle-history">The opposing Greninja used <strong>U-turn</strong>!<br></div><div class="battle-history"><small>It's not very effective...</small><br></div><div class="battle-history"><small>(Corsola lost <abbr title="−18/249">7.2%</abbr> of its health!)</small><br></div><div class="battle-history">[Corsola's Cursed Body]<br><small>The opposing Greninja's U-turn was disabled!</small><br></div><div class="spacer battle-history"><br></div><div class="battle-history">The opposing Greninja went back to H2OPulse!<br></div><div class="battle-history">H2OPulse sent out <strong>Steelix</strong>!<br></div><div class="spacer battle-history"><br></div><h2 class="battle-history">Turn 38</h2><div class="chat chatmessage-inkbug1 mine"><strong style="color:#e46e0f"><small>☆</small><span class="username" data-name="inkbug1">inkbug1</span>:</strong> <em>pff</em></div><div class="chat chatmessage-inkbug1 mine"><strong style="color:#e46e0f"><small>☆</small><span class="username" data-name="inkbug1">inkbug1</span>:</strong> <em>fat lot of good that does me</em></div><div class="spacer battle-history"><br></div><div class="battle-history"><small>The opposing Steelix's Steelixite is reacting to the Key Stone!</small><br>The opposing Steelix has Mega Evolved into Mega Steelix!<br></div><div class="chat"><ul class="utilichart"><li class="result"><span class="col pokemonnamecol" style="white-space: nowrap">Steelix-Mega</span> <span class="col typecol"><img src="https://play.pokemonshowdown.com/sprites/types/Steel.png" alt="Steel" height="14" width="32"><img src="https://play.pokemonshowdown.com/sprites/types/Ground.png" alt="Ground" height="14" width="32"></span> <span style="float: left ; min-height: 26px"><span class="col abilitycol">Sand Force</span><span class="col abilitycol"></span></span><span style="float: left ; min-height: 26px"><span class="col statcol"><em>HP</em><br>75</span> <span class="col statcol"><em>Atk</em><br>125</span> <span class="col statcol"><em>Def</em><br>230</span> <span class="col statcol"><em>SpA</em><br>55</span> <span class="col statcol"><em>SpD</em><br>95</span> <span class="col statcol"><em>Spe</em><br>30</span> </span></li><li style="clear: both"></li></ul></div><div class="spacer battle-history"><br></div><div class="battle-history">Corsola used <strong>Will-O-Wisp</strong>!<br></div><div class="battle-history"><small>The opposing Steelix avoided the attack!</small><br></div><div class="spacer battle-history"><br></div><div class="battle-history">The opposing Steelix used <strong>Toxic</strong>!<br></div><div class="battle-history"><small>Corsola was badly poisoned!</small><br></div><div class="spacer battle-history"><br></div><div class="battle-history"><small>Corsola was hurt by poison!</small><br></div><div class="spacer battle-history"><br></div><h2 class="battle-history">Turn 39</h2><div class="spacer battle-history"><br></div><div class="battle-history">H2OPulse withdrew Steelix!<br></div><div class="battle-history">H2OPulse sent out <strong>Exploud</strong>!<br></div><div class="spacer battle-history"><br></div><div class="battle-history">Corsola used <strong>Will-O-Wisp</strong>!<br></div><div class="battle-history"><small>The opposing Exploud avoided the attack!</small><br></div><div class="spacer battle-history"><br></div><div class="battle-history"><small>The opposing Exploud was hurt by its burn!</small><br></div><div class="battle-history"><small>Corsola was hurt by poison!</small><br></div><div class="spacer battle-history"><br></div><h2 class="battle-history">Turn 40</h2><div class="spacer battle-history"><br></div><div class="battle-history">Corsola, come back!<br></div><div class="battle-history">Go! Gallade (<strong>Gallade-Mega</strong>)!<br></div><div class="spacer battle-history"><br></div><div class="battle-history">The opposing Exploud used <strong>Fire Blast</strong>!<br></div><div class="battle-history"><small>(Gallade lost <abbr title="−68/246">27.6%</abbr> of its health!)</small><br></div><div class="spacer battle-history"><br></div><div class="battle-history">Gallade fainted!<br></div><div class="spacer battle-history"><br></div><div class="battle-history"><small>The opposing Exploud was hurt by its burn!</small><br></div><div class="chat chatmessage-h2opulse"><strong style="color:#6e8c2b"><small>☆</small><span class="username" data-name="H2OPulse">H2OPulse</span>:</strong> <em>OKAY</em></div><div class="chat chatmessage-inkbug1 mine"><strong style="color:#e46e0f"><small>☆</small><span class="username" data-name="inkbug1">inkbug1</span>:</strong> <em>ok</em></div><div class="chat chatmessage-h2opulse"><strong style="color:#6e8c2b"><small>☆</small><span class="username" data-name="H2OPulse">H2OPulse</span>:</strong> <em>SOMEHOW</em></div><div class="spacer battle-history"><br></div><div class="battle-history">Go! Corsola (<strong>Corsola-Galar</strong>)!<br></div><div class="spacer battle-history"><br></div><h2 class="battle-history">Turn 41</h2><div class="spacer battle-history"><br></div><div class="battle-history">The opposing Exploud used <strong>Fire Blast</strong>!<br></div><div class="battle-history"><small>(Corsola lost <abbr title="−68/249">27.3%</abbr> of its health!)</small><br></div><div class="spacer battle-history"><br></div><div class="battle-history">Corsola used <strong>Strength Sap</strong>!<br></div><div class="battle-history"><small>The opposing Exploud's Attack fell!</small><br></div><div class="battle-history"><small>Corsola had its HP restored.</small><br></div><div class="spacer battle-history"><br></div><div class="battle-history"><small>The opposing Exploud was hurt by its burn!</small><br></div><div class="battle-history"><small>Corsola was hurt by poison!</small><br></div><div class="spacer battle-history"><br></div><h2 class="battle-history">Turn 42</h2><div class="spacer battle-history"><br></div><div class="battle-history">The opposing Exploud used <strong>Fire Blast</strong>!<br></div><div class="battle-history"><small>(Corsola lost <abbr title="−68/249">27.3%</abbr> of its health!)</small><br></div><div class="spacer battle-history"><br></div><div class="battle-history">Corsola used <strong>Strength Sap</strong>!<br></div><div class="battle-history"><small>The opposing Exploud's Attack fell!</small><br></div><div class="battle-history"><small>Corsola had its HP restored.</small><br></div><div class="spacer battle-history"><br></div><div class="battle-history"><small>The opposing Exploud was hurt by its burn!</small><br></div><div class="battle-history"><small>Corsola was hurt by poison!</small><br></div><div class="spacer battle-history"><br></div><h2 class="battle-history">Turn 43</h2><div class="spacer battle-history"><br></div><div class="battle-history">The opposing Exploud used <strong>Fire Blast</strong>!<br></div><div class="battle-history"><small>(Corsola lost <abbr title="−67/249">26.9%</abbr> of its health!)</small><br></div><div class="battle-history">[Corsola's Cursed Body]<br><small>The opposing Exploud's Fire Blast was disabled!</small><br></div><div class="spacer battle-history"><br></div><div class="battle-history">Corsola used <strong>Haze</strong>!<br></div><div class="battle-history"><small>All stat changes were eliminated!</small><br></div><div class="spacer battle-history"><br></div><div class="battle-history"><small>The opposing Exploud was hurt by its burn!</small><br></div><div class="battle-history"><small>Corsola was hurt by poison!</small><br></div><div class="spacer battle-history"><br></div><h2 class="battle-history">Turn 44</h2><div class="spacer battle-history"><br></div><div class="battle-history"><small>The opposing Exploud has no moves left!</small><br></div><div class="spacer battle-history"><br></div><div class="battle-history">The opposing Exploud used <strong>Struggle</strong>!<br></div><div class="battle-history"><small>(Corsola lost <abbr title="−9/249">3.6%</abbr> of its health!)</small><br></div><div class="battle-history"><small>The opposing Exploud was damaged by the recoil!</small><br></div><div class="spacer battle-history"><br></div><div class="battle-history">Corsola used <strong>Strength Sap</strong>!<br></div><div class="battle-history"><small>The opposing Exploud's Attack fell!</small><br></div><div class="battle-history"><small>Corsola had its HP restored.</small><br></div><div class="spacer battle-history"><br></div><div class="battle-history"><small>The opposing Exploud was hurt by its burn!</small><br></div><div class="battle-history"><small>Corsola was hurt by poison!</small><br></div><div class="spacer battle-history"><br></div><h2 class="battle-history">Turn 45</h2><div class="spacer battle-history"><br></div><div class="battle-history">H2OPulse withdrew Exploud!<br></div><div class="battle-history">H2OPulse sent out Steelix (<strong>Steelix-Mega</strong>)!<br></div><div class="spacer battle-history"><br></div><div class="battle-history">Corsola used <strong>Strength Sap</strong>!<br></div><div class="battle-history"><small>The opposing Steelix's Attack fell!</small><br></div><div class="battle-history"><small>Corsola had its HP restored.</small><br></div><div class="spacer battle-history"><br></div><div class="battle-history"><small>Corsola was hurt by poison!</small><br></div><div class="spacer battle-history"><br></div><h2 class="battle-history">Turn 46</h2><div class="spacer battle-history"><br></div><div class="battle-history">Corsola used <strong>Will-O-Wisp</strong>!<br></div><div class="battle-history"><small>The opposing Steelix was burned!</small><br></div><div class="spacer battle-history"><br></div><div class="battle-history">The opposing Steelix used <strong>Heavy Slam</strong>!<br></div><div class="battle-history"><small>(Corsola lost <abbr title="−30/249">12.0%</abbr> of its health!)</small><br></div><div class="spacer battle-history"><br></div><div class="battle-history"><small>Corsola was hurt by poison!</small><br></div><div class="battle-history"><small>The opposing Steelix was hurt by its burn!</small><br></div><div class="spacer battle-history"><br></div><h2 class="battle-history">Turn 47</h2><div class="chat chatmessage-inkbug1 mine"><strong style="color:#e46e0f"><small>☆</small><span class="username" data-name="inkbug1">inkbug1</span>:</strong> <em>why</em></div><div class="spacer battle-history"><br></div><div class="battle-history">Corsola used <strong>Strength Sap</strong>!<br></div><div class="battle-history"><small>The opposing Steelix's Attack fell!</small><br></div><div class="battle-history"><small>Corsola had its HP restored.</small><br></div><div class="spacer battle-history"><br></div><div class="battle-history">The opposing Steelix used <strong>Heavy Slam</strong>!<br></div><div class="battle-history"><small>(Corsola lost <abbr title="−21/249">8.4%</abbr> of its health!)</small><br></div><div class="battle-history">[Corsola's Cursed Body]<br><small>The opposing Steelix's Heavy Slam was disabled!</small><br></div><div class="spacer battle-history"><br></div><div class="battle-history"><small>Corsola was hurt by poison!</small><br></div><div class="battle-history"><small>The opposing Steelix was hurt by its burn!</small><br></div><div class="spacer battle-history"><br></div><h2 class="battle-history">Turn 48</h2><div class="spacer battle-history"><br></div><div class="battle-history">Corsola used <strong>Strength Sap</strong>!<br></div><div class="battle-history"><small>The opposing Steelix's Attack fell!</small><br></div><div class="battle-history"><small>Corsola had its HP restored.</small><br></div><div class="spacer battle-history"><br></div><div class="battle-history">The opposing Steelix used <strong>Earthquake</strong>!<br></div><div class="battle-history"><small>(Corsola lost <abbr title="−15/249">6.0%</abbr> of its health!)</small><br></div><div class="spacer battle-history"><br></div><div class="battle-history"><small>Corsola was hurt by poison!</small><br></div><div class="battle-history"><small>The opposing Steelix was hurt by its burn!</small><br></div><div class="spacer battle-history"><br></div><h2 class="battle-history">Turn 49</h2><div class="spacer battle-history"><br></div><div class="battle-history">Corsola used <strong>Strength Sap</strong>!<br></div><div class="battle-history"><small>The opposing Steelix's Attack fell!</small><br></div><div class="battle-history"><small>Corsola had its HP restored.</small><br></div><div class="spacer battle-history"><br></div><div class="battle-history">The opposing Steelix used <strong>Earthquake</strong>!<br></div><div class="battle-history"><small>(Corsola lost <abbr title="−11/249">4.4%</abbr> of its health!)</small><br></div><div class="spacer battle-history"><br></div><div class="battle-history"><small>Corsola was hurt by poison!</small><br></div><div class="battle-history"><small>The opposing Steelix was hurt by its burn!</small><br></div><div class="spacer battle-history"><br></div><h2 class="battle-history">Turn 50</h2><div class="spacer battle-history"><br></div><div class="battle-history">Corsola used <strong>Strength Sap</strong>!<br></div><div class="battle-history"><small>The opposing Steelix's Attack fell!</small><br></div><div class="battle-history"><small>Corsola had its HP restored.</small><br></div><div class="spacer battle-history"><br></div><div class="battle-history">The opposing Steelix used <strong>Earthquake</strong>!<br></div><div class="battle-history"><small>(Corsola lost <abbr title="−10/249">4.0%</abbr> of its health!)</small><br></div><div class="spacer battle-history"><br></div><div class="battle-history"><small>Corsola was hurt by poison!</small><br></div><div class="spacer battle-history"><br></div><div class="battle-history">Corsola fainted!<br></div><div class="spacer battle-history"><br></div><div class="battle-history"><strong>H2OPulse</strong> won the battle!<br></div><div class="chat chatmessage-inkbug1 mine"><strong style="color:#e46e0f"><small>☆</small><span class="username" data-name="inkbug1">inkbug1</span>:</strong> <em>finally ran out of attakc</em></div><div class="chat chatmessage-inkbug1 mine"><strong style="color:#e46e0f"><small>☆</small><span class="username" data-name="inkbug1">inkbug1</span>:</strong> <em>akshdgaksd</em></div><div class="chat chatmessage-h2opulse"><strong style="color:#6e8c2b"><small>☆</small><span class="username" data-name="H2OPulse">H2OPulse</span>:</strong> <em>Good gam e :'D</em></div><div class="chat chatmessage-inkbug1 mine"><strong style="color:#e46e0f"><small>☆</small><span class="username" data-name="inkbug1">inkbug1</span>:</strong> <em>couldnt spare a turn to haze</em></div><div class="chat chatmessage-inkbug1 mine"><strong style="color:#e46e0f"><small>☆</small><span class="username" data-name="inkbug1">inkbug1</span>:</strong> <em>gg</em></div></div><div class="inner-preempt message-log"></div></div></div>
</div>
<script>
let daily = Math.floor(Date.now()/1000/60/60/24);document.write('<script src="https://dragonheaven.herokuapp.com/js/replay-embed.js?version'+daily+'"></'+'script>');
</script>
