<!DOCTYPE html>
<meta charset="utf-8" />
<!-- version 1 -->
<title>[Gen 8] Megas for All replay: Mossy Sandwich vs. BlaueBrause</title>
<style>
html,body {font-family:Verdana, sans-serif;font-size:10pt;margin:0;padding:0;}body{padding:12px 0;} .battle-log {font-family:Verdana, sans-serif;font-size:10pt;} .battle-log-inline {border:1px solid #AAAAAA;background:#EEF2F5;color:black;max-width:640px;margin:0 auto 80px;padding-bottom:5px;} .battle-log .inner {padding:4px 8px 0px 8px;} .battle-log .inner-preempt {padding:0 8px 4px 8px;} .battle-log .inner-after {margin-top:0.5em;} .battle-log h2 {margin:0.5em -8px;padding:4px 8px;border:1px solid #AAAAAA;background:#E0E7EA;border-left:0;border-right:0;font-family:Verdana, sans-serif;font-size:13pt;} .battle-log .chat {vertical-align:middle;padding:3px 0 3px 0;font-size:8pt;} .battle-log .chat strong {color:#40576A;} .battle-log .chat em {padding:1px 4px 1px 3px;color:#000000;font-style:normal;} .chat.mine {background:rgba(0,0,0,0.05);margin-left:-8px;margin-right:-8px;padding-left:8px;padding-right:8px;} .spoiler {color:#BBBBBB;background:#BBBBBB;padding:0px 3px;} .spoiler:hover, .spoiler:active, .spoiler-shown {color:#000000;background:#E2E2E2;padding:0px 3px;} .spoiler a {color:#BBBBBB;} .spoiler:hover a, .spoiler:active a, .spoiler-shown a {color:#2288CC;} .chat code, .chat .spoiler:hover code, .chat .spoiler:active code, .chat .spoiler-shown code {border:1px solid #C0C0C0;background:#EEEEEE;color:black;padding:0 2px;} .chat .spoiler code {border:1px solid #CCCCCC;background:#CCCCCC;color:#CCCCCC;} .battle-log .rated {padding:3px 4px;} .battle-log .rated strong {color:white;background:#89A;padding:1px 4px;border-radius:4px;} .spacer {margin-top:0.5em;} .message-announce {background:#6688AA;color:white;padding:1px 4px 2px;} .message-announce a, .broadcast-green a, .broadcast-blue a, .broadcast-red a {color:#DDEEFF;} .broadcast-green {background-color:#559955;color:white;padding:2px 4px;} .broadcast-blue {background-color:#6688AA;color:white;padding:2px 4px;} .infobox {border:1px solid #6688AA;padding:2px 4px;} .infobox-limited {max-height:200px;overflow:auto;overflow-x:hidden;} .broadcast-red {background-color:#AA5544;color:white;padding:2px 4px;} .message-learn-canlearn {font-weight:bold;color:#228822;text-decoration:underline;} .message-learn-cannotlearn {font-weight:bold;color:#CC2222;text-decoration:underline;} .message-effect-weak {font-weight:bold;color:#CC2222;} .message-effect-resist {font-weight:bold;color:#6688AA;} .message-effect-immune {font-weight:bold;color:#666666;} .message-learn-list {margin-top:0;margin-bottom:0;} .message-throttle-notice, .message-error {color:#992222;} .message-overflow, .chat small.message-overflow {font-size:0pt;} .message-overflow::before {font-size:9pt;content:'...';} .subtle {color:#3A4A66;}
</style>
<div class="wrapper replay-wrapper" style="max-width:1180px;margin:0 auto">
<input type="hidden" name="replayid" value="dragonheaven-gen8megasforall-785" />
<div class="battle"></div><div class="battle-log"></div><div class="replay-controls"></div><div class="replay-controls-2"></div>
<h1 style="font-weight:normal;text-align:center"><strong>[Gen 8] Megas for All</strong><br /><a href="http://pokemonshowdown.com/users/mossysandwich" class="subtle" target="_blank">Mossy Sandwich</a> vs. <a href="http://pokemonshowdown.com/users/blauebrause" class="subtle" target="_blank">BlaueBrause</a></h1>
<script type="text/plain" class="battle-log-data">|j|☆Mossy Sandwich
|j|☆BlaueBrause

|t:|1609112471
|player|p1|Mossy Sandwich|2|
|player|p2|BlaueBrause|psychic|
|teamsize|p1|6
|teamsize|p2|6
|gametype|singles
|gen|8
|tier|[Gen 8] Megas for All
|clearpoke
|poke|p1|Eelektross, M|
|poke|p1|Tapu Koko|
|poke|p1|Zapdos|
|poke|p1|Golem-Alola, F|
|poke|p1|Xurkitree|
|poke|p1|Rotom-Wash|
|poke|p2|Kricketune, F|
|poke|p2|Volcarona, F|
|poke|p2|Galvantula, M|
|poke|p2|Scizor, F|
|poke|p2|Araquanid, M|
|poke|p2|Ribombee, F|
|rule|HP Percentage Mod: HP is shown in percentages
|rule|Endless Battle Clause: Forcing endless battles is banned
|rule|OHKO Clause: OHKO moves are banned
|rule|Evasion Moves Clause: Evasion moves are banned
|rule|Species Clause: Limit one of each Pokémon
|rule|Dynamax Clause: You cannot dynamax
|rule|Sleep Clause Mod: Limit one foe put to sleep
|rule|Freeze Clause Mod: Limit one foe frozen
|teampreview
|c|☆BlaueBrause|glhf!
|c|☆Mossy Sandwich|gl hf!
|
|t:|1609112493
|start
|switch|p1a: Eelektross|Eelektross, M|100\/100
|switch|p2a: Araquanid|Araquanid, M|313\/313
|turn|1
|
|t:|1609112503
|detailschange|p1a: Eelektross|Eelektross-Mega, M
|-mega|p1a: Eelektross|Eelektross|Eelektrossite
|-ability|p1a: Eelektross|Luster Swap
|-message|Eelektross changed its type to match its Volt Switch!
|-start|p1a: Eelektross|typechange|Electric
|-start|p1a: Eelektross|typechange|Electric|[silent]
|raw|<ul class="utilichart"><li class="result"><span class="col pokemonnamecol" style="white-space: nowrap">Eelektross-Mega<\/span> <span class="col typecol"><img src="https:\/\/play.pokemonshowdown.com\/sprites\/types\/Electric.png" alt="Electric" height="14" width="32"><\/span> <span style="float: left ; min-height: 26px"><span class="col abilitycol">Luster Swap<\/span><span class="col abilitycol"><\/span><\/span><span style="float: left ; min-height: 26px"><span class="col statcol"><em>HP<\/em><br>85<\/span> <span class="col statcol"><em>Atk<\/em><br>125<\/span> <span class="col statcol"><em>Def<\/em><br>100<\/span> <span class="col statcol"><em>SpA<\/em><br>125<\/span> <span class="col statcol"><em>SpD<\/em><br>100<\/span> <span class="col statcol"><em>Spe<\/em><br>80<\/span> <\/span><\/li><li style="clear: both"><\/li><\/ul>
|move|p1a: Eelektross|Volt Switch|p2a: Araquanid
|-supereffective|p2a: Araquanid
|-damage|p2a: Araquanid|169\/313
|
|t:|1609112517
|switch|p1a: Tapu Koko|Tapu Koko|100\/100|[from]move: Volt Switch
|-fieldstart|move: Electric Terrain|[from] ability: Electric Surge|[of] p1a: Tapu Koko
|move|p2a: Araquanid|Liquidation|p1a: Tapu Koko
|-damage|p1a: Tapu Koko|5\/100
|
|-heal|p1a: Tapu Koko|11\/100|[from] item: Leftovers
|upkeep
|turn|2
|
|t:|1609112531
|move|p1a: Tapu Koko|Volt Switch|p2a: Araquanid
|-supereffective|p2a: Araquanid
|-damage|p2a: Araquanid|25\/313
|
|t:|1609112534
|switch|p1a: Rotom|Rotom-Wash|100\/100|[from]move: Volt Switch
|move|p2a: Araquanid|Liquidation|p1a: Rotom
|-resisted|p1a: Rotom
|-damage|p1a: Rotom|68\/100
|-unboost|p1a: Rotom|def|1
|
|-heal|p1a: Rotom|74\/100|[from] item: Leftovers
|upkeep
|turn|3
|j| aausma
|
|t:|1609112544
|move|p1a: Rotom|Volt Switch|p2a: Araquanid
|-supereffective|p2a: Araquanid
|-damage|p2a: Araquanid|0 fnt
|faint|p2a: Araquanid
|
|t:|1609112548
|switch|p1a: Tapu Koko|Tapu Koko|11\/100|[from]move: Volt Switch
|
|-heal|p1a: Tapu Koko|17\/100|[from] item: Leftovers
|upkeep
|
|t:|1609112561
|switch|p2a: Ribombee|Ribombee, F|261\/261
|turn|4
|
|t:|1609112566
|move|p1a: Tapu Koko|Volt Switch|p2a: Ribombee
|-damage|p2a: Ribombee|81\/261
|
|t:|1609112573
|switch|p1a: Rotom|Rotom-Wash|74\/100|[from]move: Volt Switch
|move|p2a: Ribombee|Moonblast|p1a: Rotom
|-damage|p1a: Rotom|28\/100
|
|-heal|p1a: Rotom|34\/100|[from] item: Leftovers
|upkeep
|turn|5
|
|t:|1609112581
|move|p2a: Ribombee|Moonblast|p1a: Rotom
|-damage|p1a: Rotom|0 fnt
|faint|p1a: Rotom
|
|-fieldend|move: Electric Terrain
|upkeep
|
|t:|1609112584
|switch|p1a: Tapu Koko|Tapu Koko|17\/100
|-fieldstart|move: Electric Terrain|[from] ability: Electric Surge|[of] p1a: Tapu Koko
|turn|6
|
|t:|1609112599
|switch|p2a: Scizor|Scizor, F|343\/343
|move|p1a: Tapu Koko|Dazzling Gleam|p2a: Scizor
|-resisted|p2a: Scizor
|-damage|p2a: Scizor|274\/343
|
|-heal|p1a: Tapu Koko|23\/100|[from] item: Leftovers
|upkeep
|turn|7
|
|t:|1609112607
|switch|p1a: Zapdos|Zapdos|100\/100
|move|p2a: Scizor|U-turn|p1a: Zapdos
|-resisted|p1a: Zapdos
|-damage|p1a: Zapdos|80\/100
|-status|p2a: Scizor|par|[from] ability: Static|[of] p1a: Zapdos
|
|t:|1609112617
|switch|p2a: Galvantula|Galvantula, M|281\/281
|
|upkeep
|turn|8
|
|t:|1609112625
|move|p2a: Galvantula|Thunder|p1a: Zapdos
|-damage|p1a: Zapdos|4\/100
|-damage|p2a: Galvantula|253\/281|[from] item: Life Orb
|move|p1a: Zapdos|Heat Wave|p2a: Galvantula
|-supereffective|p2a: Galvantula
|-damage|p2a: Galvantula|0 fnt
|faint|p2a: Galvantula
|
|upkeep
|
|t:|1609112636
|switch|p2a: Ribombee|Ribombee, F|81\/261
|turn|9
|
|t:|1609112639
|move|p2a: Ribombee|Moonblast|p1a: Zapdos
|-damage|p1a: Zapdos|0 fnt
|faint|p1a: Zapdos
|
|upkeep
|
|t:|1609112641
|switch|p1a: Tapu Koko|Tapu Koko|23\/100
|turn|10
|
|t:|1609112646
|switch|p2a: Scizor|Scizor, F|274\/343 par
|move|p1a: Tapu Koko|Volt Switch|p2a: Scizor
|-crit|p2a: Scizor
|-damage|p2a: Scizor|57\/343 par
|
|t:|1609112653
|switch|p1a: Golem|Golem-Alola, F|100\/100|[from]move: Volt Switch
|-item|p1a: Golem|Air Balloon
|
|-fieldend|move: Electric Terrain
|upkeep
|turn|11
|
|t:|1609112661
|move|p2a: Scizor|Bullet Punch|p1a: Golem
|-damage|p1a: Golem|64\/100
|-enditem|p1a: Golem|Air Balloon
|move|p1a: Golem|Stealth Rock|p2a: Scizor
|-sidestart|p2: BlaueBrause|move: Stealth Rock
|
|upkeep
|turn|12
|
|t:|1609112670
|move|p2a: Scizor|Bullet Punch|p1a: Golem
|-damage|p1a: Golem|27\/100
|move|p1a: Golem|Fire Punch|p2a: Scizor
|-supereffective|p2a: Scizor
|-damage|p2a: Scizor|0 fnt
|faint|p2a: Scizor
|
|upkeep
|
|t:|1609112678
|switch|p2a: Kricketune|Kricketune, F|295\/295
|-damage|p2a: Kricketune|222\/295|[from] Stealth Rock
|turn|13
|
|t:|1609112684
|detailschange|p2a: Kricketune|Kricketune-Mega, F
|-mega|p2a: Kricketune|Kricketune|Kricketite
|-start|p2a: Kricketune|typechange|Bug\/Fighting|[silent]
|raw|<ul class="utilichart"><li class="result"><span class="col pokemonnamecol" style="white-space: nowrap">Kricketune-Mega<\/span> <span class="col typecol"><img src="https:\/\/play.pokemonshowdown.com\/sprites\/types\/Bug.png" alt="Bug" height="14" width="32"><img src="https:\/\/play.pokemonshowdown.com\/sprites\/types\/Fighting.png" alt="Fighting" height="14" width="32"><\/span> <span style="float: left ; min-height: 26px"><span class="col abilitycol">Dancer<\/span><span class="col abilitycol"><\/span><\/span><span style="float: left ; min-height: 26px"><span class="col statcol"><em>HP<\/em><br>77<\/span> <span class="col statcol"><em>Atk<\/em><br>145<\/span> <span class="col statcol"><em>Def<\/em><br>51<\/span> <span class="col statcol"><em>SpA<\/em><br>15<\/span> <span class="col statcol"><em>SpD<\/em><br>51<\/span> <span class="col statcol"><em>Spe<\/em><br>145<\/span> <\/span><\/li><li style="clear: both"><\/li><\/ul>
|move|p2a: Kricketune|Drain Punch|p1a: Golem
|-supereffective|p1a: Golem
|-damage|p1a: Golem|0 fnt
|-heal|p2a: Kricketune|271\/295|[from] drain|[of] p1a: Golem
|faint|p1a: Golem
|
|upkeep
|
|t:|1609112688
|switch|p1a: Eelektross|Eelektross-Mega, M|100\/100
|-start|p1a: Eelektross|typechange|Electric|[silent]
|-ability|p1a: Eelektross|Luster Swap
|-message|Eelektross changed its type to match its Flamethrower!
|-start|p1a: Eelektross|typechange|Fire
|turn|14
|j| abismal
|l| abismal
|
|t:|1609112707
|move|p2a: Kricketune|Drain Punch|p1a: Eelektross
|-damage|p1a: Eelektross|60\/100
|-heal|p2a: Kricketune|295\/295|[from] drain|[of] p1a: Eelektross
|move|p1a: Eelektross|Flamethrower|p2a: Kricketune
|-supereffective|p2a: Kricketune
|-damage|p2a: Kricketune|0 fnt
|faint|p2a: Kricketune
|
|upkeep
|
|t:|1609112716
|switch|p2a: Volcarona|Volcarona, F|311\/311
|turn|15
|
|t:|1609112721
|move|p2a: Volcarona|Quiver Dance|p2a: Volcarona
|-boost|p2a: Volcarona|spa|1
|-boost|p2a: Volcarona|spd|1
|-boost|p2a: Volcarona|spe|1
|move|p1a: Eelektross|Volt Switch|p2a: Volcarona
|-damage|p2a: Volcarona|252\/311
|
|t:|1609112723
|switch|p1a: Tapu Koko|Tapu Koko|23\/100|[from]move: Volt Switch
|-fieldstart|move: Electric Terrain|[from] ability: Electric Surge|[of] p1a: Tapu Koko
|
|-heal|p1a: Tapu Koko|29\/100|[from] item: Leftovers
|upkeep
|turn|16
|
|t:|1609112733
|move|p2a: Volcarona|Giga Drain|p1a: Tapu Koko
|-damage|p1a: Tapu Koko|0 fnt
|-heal|p2a: Volcarona|293\/311|[from] drain|[of] p1a: Tapu Koko
|faint|p1a: Tapu Koko
|
|upkeep
|
|t:|1609112740
|switch|p1a: Eelektross|Eelektross-Mega, M|60\/100
|-start|p1a: Eelektross|typechange|Electric|[silent]
|-ability|p1a: Eelektross|Luster Swap
|-message|Eelektross changed its type to match its Scald!
|-start|p1a: Eelektross|typechange|Water
|turn|17
|
|t:|1609112746
|move|p2a: Volcarona|Giga Drain|p1a: Eelektross
|-supereffective|p1a: Eelektross
|-damage|p1a: Eelektross|0 fnt
|-heal|p2a: Volcarona|311\/311|[from] drain|[of] p1a: Eelektross
|faint|p1a: Eelektross
|
|upkeep
|
|t:|1609112748
|switch|p1a: Xurkitree|Xurkitree|100\/100
|turn|18
|c|☆Mossy Sandwich|gg
|
|t:|1609112758
|move|p2a: Volcarona|Fire Blast|p1a: Xurkitree
|-damage|p1a: Xurkitree|0 fnt
|faint|p1a: Xurkitree
|
|win|BlaueBrause
|c|☆BlaueBrause|gg</script>
</div>
<div class="battle-log battle-log-inline"><div class="inner"><div class="battle-options"><div style="padding-top: 3px; padding-right: 3px; text-align: right"><button class="icon button" name="openBattleOptions" title="Options">Battle Options</button></div></div><div class="inner message-log"><div class="chat"><small>☆Mossy Sandwich and ☆BlaueBrause joined</small></div><div class=""><small>Format:</small> <br><strong>[Gen 8] Megas for All</strong></div><div class=""><small><em>HP Percentage Mod:</em> HP is shown in percentages</small></div><div class=""><small><em>Endless Battle Clause:</em> Forcing endless battles is banned</small></div><div class=""><small><em>OHKO Clause:</em> OHKO moves are banned</small></div><div class=""><small><em>Evasion Moves Clause:</em> Evasion moves are banned</small></div><div class=""><small><em>Species Clause:</em> Limit one of each Pokémon</small></div><div class=""><small><em>Dynamax Clause:</em> You cannot dynamax</small></div><div class=""><small><em>Sleep Clause Mod:</em> Limit one foe put to sleep</small></div><div class=""><small><em>Freeze Clause Mod:</em> Limit one foe frozen</small></div><div class="chat battle-history"><strong>Mossy Sandwich's team:</strong> <em style="color:#445566;display:block;">Eelektross / Tapu Koko / Zapdos / Golem-Alola / Xurkitree / Rotom-Wash</em></div><div class="chat battle-history"><strong>BlaueBrause's team:</strong> <em style="color:#445566;display:block;">Kricketune / Volcarona / Galvantula / Scizor / Araquanid / Ribombee</em></div><div class="chat chatmessage-blauebrause mine"><strong style="color:#6b66e4"><small>☆</small><span class="username" data-name="BlaueBrause">BlaueBrause</span>:</strong> <em>glhf!</em></div><div class="chat chatmessage-mossysandwich"><strong style="color:#ba49a2"><small>☆</small><span class="username" data-name="Mossy Sandwich">Mossy Sandwich</span>:</strong> <em>gl hf!</em></div><div class="spacer battle-history"><br></div><div class="battle-history">Battle started between Mossy Sandwich and BlaueBrause!<br></div><div class="spacer battle-history"><br></div><div class="battle-history">Mossy Sandwich sent out <strong>Eelektross</strong>!<br></div><div class="spacer battle-history"><br></div><div class="battle-history">Go! <strong>Araquanid</strong>!<br></div><div class="spacer battle-history"><br></div><h2 class="battle-history">Turn 1</h2><div class="spacer battle-history"><br></div><div class="battle-history"><small>The opposing Eelektross's Eelektrossite is reacting to the Key Stone!</small><br>The opposing Eelektross has Mega Evolved into Mega Eelektross!<br></div><div class="battle-history">[The opposing Eelektross's Luster Swap]<br></div><div class="battle-history"><small>Eelektross changed its type to match its Volt Switch!</small><br></div><div class="battle-history"><small>The opposing Eelektross's type changed to Electric!</small><br></div><div class="chat"><ul class="utilichart"><li class="result"><span class="col pokemonnamecol" style="white-space: nowrap">Eelektross-Mega</span> <span class="col typecol"><img src="https://play.pokemonshowdown.com/sprites/types/Electric.png" alt="Electric" height="14" width="32"></span> <span style="float: left ; min-height: 26px"><span class="col abilitycol">Luster Swap</span><span class="col abilitycol"></span></span><span style="float: left ; min-height: 26px"><span class="col statcol"><em>HP</em><br>85</span> <span class="col statcol"><em>Atk</em><br>125</span> <span class="col statcol"><em>Def</em><br>100</span> <span class="col statcol"><em>SpA</em><br>125</span> <span class="col statcol"><em>SpD</em><br>100</span> <span class="col statcol"><em>Spe</em><br>80</span> </span></li><li style="clear: both"></li></ul></div><div class="spacer battle-history"><br></div><div class="battle-history">The opposing Eelektross used <strong>Volt Switch</strong>!<br></div><div class="battle-history"><small>It's super effective!</small><br></div><div class="battle-history"><small>(Araquanid lost <abbr title="−144/313">46.0%</abbr> of its health!)</small><br></div><div class="spacer battle-history"><br></div><div class="battle-history">The opposing Eelektross went back to Mossy Sandwich!<br></div><div class="battle-history">Mossy Sandwich sent out <strong>Tapu Koko</strong>!<br></div><div class="battle-history">[The opposing Tapu Koko's Electric Surge]<br><small>An electric current ran across the battlefield!</small><br></div><div class="spacer battle-history"><br></div><div class="battle-history">Araquanid used <strong>Liquidation</strong>!<br></div><div class="battle-history"><small>(The opposing Tapu Koko lost 95% of its health!)</small><br></div><div class="spacer battle-history"><br></div><div class="battle-history"><small>The opposing Tapu Koko restored a little HP using its Leftovers!</small><br></div><div class="spacer battle-history"><br></div><h2 class="battle-history">Turn 2</h2><div class="spacer battle-history"><br></div><div class="battle-history">The opposing Tapu Koko used <strong>Volt Switch</strong>!<br></div><div class="battle-history"><small>It's super effective!</small><br></div><div class="battle-history"><small>(Araquanid lost <abbr title="−144/313">46.0%</abbr> of its health!)</small><br></div><div class="spacer battle-history"><br></div><div class="battle-history">The opposing Tapu Koko went back to Mossy Sandwich!<br></div><div class="battle-history">Mossy Sandwich sent out Rotom (<strong>Rotom-Wash</strong>)!<br></div><div class="spacer battle-history"><br></div><div class="battle-history">Araquanid used <strong>Liquidation</strong>!<br></div><div class="battle-history"><small>It's not very effective...</small><br></div><div class="battle-history"><small>(The opposing Rotom lost 32% of its health!)</small><br></div><div class="battle-history"><small>The opposing Rotom's Defense fell!</small><br></div><div class="spacer battle-history"><br></div><div class="battle-history"><small>The opposing Rotom restored a little HP using its Leftovers!</small><br></div><div class="spacer battle-history"><br></div><h2 class="battle-history">Turn 3</h2><div class="chat"><small> aausma joined</small></div><div class="spacer battle-history"><br></div><div class="battle-history">The opposing Rotom used <strong>Volt Switch</strong>!<br></div><div class="battle-history"><small>It's super effective!</small><br></div><div class="battle-history"><small>(Araquanid lost <abbr title="−25/313">8.0%</abbr> of its health!)</small><br></div><div class="spacer battle-history"><br></div><div class="battle-history">Araquanid fainted!<br></div><div class="spacer battle-history"><br></div><div class="battle-history">The opposing Rotom went back to Mossy Sandwich!<br></div><div class="battle-history">Mossy Sandwich sent out <strong>Tapu Koko</strong>!<br></div><div class="spacer battle-history"><br></div><div class="battle-history"><small>The opposing Tapu Koko restored a little HP using its Leftovers!</small><br></div><div class="spacer battle-history"><br></div><div class="battle-history">Go! <strong>Ribombee</strong>!<br></div><div class="spacer battle-history"><br></div><h2 class="battle-history">Turn 4</h2><div class="spacer battle-history"><br></div><div class="battle-history">The opposing Tapu Koko used <strong>Volt Switch</strong>!<br></div><div class="battle-history"><small>(Ribombee lost <abbr title="−180/261">69.0%</abbr> of its health!)</small><br></div><div class="spacer battle-history"><br></div><div class="battle-history">The opposing Tapu Koko went back to Mossy Sandwich!<br></div><div class="battle-history">Mossy Sandwich sent out Rotom (<strong>Rotom-Wash</strong>)!<br></div><div class="spacer battle-history"><br></div><div class="battle-history">Ribombee used <strong>Moonblast</strong>!<br></div><div class="battle-history"><small>(The opposing Rotom lost 46% of its health!)</small><br></div><div class="spacer battle-history"><br></div><div class="battle-history"><small>The opposing Rotom restored a little HP using its Leftovers!</small><br></div><div class="spacer battle-history"><br></div><h2 class="battle-history">Turn 5</h2><div class="spacer battle-history"><br></div><div class="battle-history">Ribombee used <strong>Moonblast</strong>!<br></div><div class="battle-history"><small>(The opposing Rotom lost 34% of its health!)</small><br></div><div class="spacer battle-history"><br></div><div class="battle-history">The opposing Rotom fainted!<br></div><div class="spacer battle-history"><br></div><div class="battle-history"><small>The electricity disappeared from the battlefield.</small><br></div><div class="spacer battle-history"><br></div><div class="battle-history">Mossy Sandwich sent out <strong>Tapu Koko</strong>!<br></div><div class="battle-history">[The opposing Tapu Koko's Electric Surge]<br><small>An electric current ran across the battlefield!</small><br></div><div class="spacer battle-history"><br></div><h2 class="battle-history">Turn 6</h2><div class="spacer battle-history"><br></div><div class="battle-history">Ribombee, come back!<br></div><div class="battle-history">Go! <strong>Scizor</strong>!<br></div><div class="spacer battle-history"><br></div><div class="battle-history">The opposing Tapu Koko used <strong>Dazzling Gleam</strong>!<br></div><div class="battle-history"><small>It's not very effective...</small><br></div><div class="battle-history"><small>(Scizor lost <abbr title="−69/343">20.1%</abbr> of its health!)</small><br></div><div class="spacer battle-history"><br></div><div class="battle-history"><small>The opposing Tapu Koko restored a little HP using its Leftovers!</small><br></div><div class="spacer battle-history"><br></div><h2 class="battle-history">Turn 7</h2><div class="spacer battle-history"><br></div><div class="battle-history">Mossy Sandwich withdrew Tapu Koko!<br></div><div class="battle-history">Mossy Sandwich sent out <strong>Zapdos</strong>!<br></div><div class="spacer battle-history"><br></div><div class="battle-history">Scizor used <strong>U-turn</strong>!<br></div><div class="battle-history"><small>It's not very effective...</small><br></div><div class="battle-history"><small>(The opposing Zapdos lost 20% of its health!)</small><br></div><div class="battle-history">[The opposing Zapdos's Static]<br><small>Scizor is paralyzed! It may be unable to move!</small><br></div><div class="spacer battle-history"><br></div><div class="battle-history">Scizor went back to BlaueBrause!<br></div><div class="battle-history">Go! <strong>Galvantula</strong>!<br></div><div class="spacer battle-history"><br></div><h2 class="battle-history">Turn 8</h2><div class="spacer battle-history"><br></div><div class="battle-history">Galvantula used <strong>Thunder</strong>!<br></div><div class="battle-history"><small>(The opposing Zapdos lost 76% of its health!)</small><br></div><div class="battle-history"><small>Galvantula lost some of its HP!</small><br></div><div class="spacer battle-history"><br></div><div class="battle-history">The opposing Zapdos used <strong>Heat Wave</strong>!<br></div><div class="battle-history"><small>It's super effective!</small><br></div><div class="battle-history"><small>(Galvantula lost <abbr title="−253/281">90.0%</abbr> of its health!)</small><br></div><div class="spacer battle-history"><br></div><div class="battle-history">Galvantula fainted!<br></div><div class="spacer battle-history"><br></div><div class="battle-history">Go! <strong>Ribombee</strong>!<br></div><div class="spacer battle-history"><br></div><h2 class="battle-history">Turn 9</h2><div class="spacer battle-history"><br></div><div class="battle-history">Ribombee used <strong>Moonblast</strong>!<br></div><div class="battle-history"><small>(The opposing Zapdos lost 4% of its health!)</small><br></div><div class="spacer battle-history"><br></div><div class="battle-history">The opposing Zapdos fainted!<br></div><div class="spacer battle-history"><br></div><div class="battle-history">Mossy Sandwich sent out <strong>Tapu Koko</strong>!<br></div><div class="spacer battle-history"><br></div><h2 class="battle-history">Turn 10</h2><div class="spacer battle-history"><br></div><div class="battle-history">Ribombee, come back!<br></div><div class="battle-history">Go! <strong>Scizor</strong>!<br></div><div class="spacer battle-history"><br></div><div class="battle-history">The opposing Tapu Koko used <strong>Volt Switch</strong>!<br></div><div class="battle-history"><small>A critical hit!</small><br></div><div class="battle-history"><small>(Scizor lost <abbr title="−217/343">63.3%</abbr> of its health!)</small><br></div><div class="spacer battle-history"><br></div><div class="battle-history">The opposing Tapu Koko went back to Mossy Sandwich!<br></div><div class="battle-history">Mossy Sandwich sent out Golem (<strong>Golem-Alola</strong>)!<br></div><div class="battle-history"><small>The opposing Golem floats in the air with its Air Balloon!</small><br></div><div class="spacer battle-history"><br></div><div class="battle-history"><small>The electricity disappeared from the battlefield.</small><br></div><div class="spacer battle-history"><br></div><h2 class="battle-history">Turn 11</h2><div class="spacer battle-history"><br></div><div class="battle-history">Scizor used <strong>Bullet Punch</strong>!<br></div><div class="battle-history"><small>(The opposing Golem lost 36% of its health!)</small><br></div><div class="battle-history"><small>The opposing Golem's Air Balloon popped!</small><br></div><div class="spacer battle-history"><br></div><div class="battle-history">The opposing Golem used <strong>Stealth Rock</strong>!<br></div><div class="battle-history"><small>Pointed stones float in the air around your team!</small><br></div><div class="spacer battle-history"><br></div><h2 class="battle-history">Turn 12</h2><div class="spacer battle-history"><br></div><div class="battle-history">Scizor used <strong>Bullet Punch</strong>!<br></div><div class="battle-history"><small>(The opposing Golem lost 37% of its health!)</small><br></div><div class="spacer battle-history"><br></div><div class="battle-history">The opposing Golem used <strong>Fire Punch</strong>!<br></div><div class="battle-history"><small>It's super effective!</small><br></div><div class="battle-history"><small>(Scizor lost <abbr title="−57/343">16.6%</abbr> of its health!)</small><br></div><div class="spacer battle-history"><br></div><div class="battle-history">Scizor fainted!<br></div><div class="spacer battle-history"><br></div><div class="battle-history">Go! <strong>Kricketune</strong>!<br></div><div class="battle-history"><small>Pointed stones dug into Kricketune!</small><br></div><div class="spacer battle-history"><br></div><h2 class="battle-history">Turn 13</h2><div class="spacer battle-history"><br></div><div class="battle-history"><small>Kricketune's Kricketite is reacting to the Key Stone!</small><br>Kricketune has Mega Evolved into Mega Kricketune!<br></div><div class="chat"><ul class="utilichart"><li class="result"><span class="col pokemonnamecol" style="white-space: nowrap">Kricketune-Mega</span> <span class="col typecol"><img src="https://play.pokemonshowdown.com/sprites/types/Bug.png" alt="Bug" height="14" width="32"><img src="https://play.pokemonshowdown.com/sprites/types/Fighting.png" alt="Fighting" height="14" width="32"></span> <span style="float: left ; min-height: 26px"><span class="col abilitycol">Dancer</span><span class="col abilitycol"></span></span><span style="float: left ; min-height: 26px"><span class="col statcol"><em>HP</em><br>77</span> <span class="col statcol"><em>Atk</em><br>145</span> <span class="col statcol"><em>Def</em><br>51</span> <span class="col statcol"><em>SpA</em><br>15</span> <span class="col statcol"><em>SpD</em><br>51</span> <span class="col statcol"><em>Spe</em><br>145</span> </span></li><li style="clear: both"></li></ul></div><div class="spacer battle-history"><br></div><div class="battle-history">Kricketune used <strong>Drain Punch</strong>!<br></div><div class="battle-history"><small>It's super effective!</small><br></div><div class="battle-history"><small>(The opposing Golem lost 27% of its health!)</small><br></div><div class="battle-history"><small>The opposing Golem had its energy drained!</small><br></div><div class="spacer battle-history"><br></div><div class="battle-history">The opposing Golem fainted!<br></div><div class="spacer battle-history"><br></div><div class="battle-history">Mossy Sandwich sent out Eelektross (<strong>Eelektross-Mega</strong>)!<br></div><div class="battle-history">[The opposing Eelektross's Luster Swap]<br></div><div class="battle-history"><small>Eelektross changed its type to match its Flamethrower!</small><br></div><div class="battle-history"><small>The opposing Eelektross's type changed to Fire!</small><br></div><div class="spacer battle-history"><br></div><h2 class="battle-history">Turn 14</h2><div class="chat"><small> abismal joined;  abismal left</small></div><div class="spacer battle-history"><br></div><div class="battle-history">Kricketune used <strong>Drain Punch</strong>!<br></div><div class="battle-history"><small>(The opposing Eelektross lost 40% of its health!)</small><br></div><div class="battle-history"><small>The opposing Eelektross had its energy drained!</small><br></div><div class="spacer battle-history"><br></div><div class="battle-history">The opposing Eelektross used <strong>Flamethrower</strong>!<br></div><div class="battle-history"><small>It's super effective!</small><br></div><div class="battle-history"><small>(Kricketune lost <abbr title="−295/295">100%</abbr> of its health!)</small><br></div><div class="spacer battle-history"><br></div><div class="battle-history">Kricketune fainted!<br></div><div class="spacer battle-history"><br></div><div class="battle-history">Go! <strong>Volcarona</strong>!<br></div><div class="spacer battle-history"><br></div><h2 class="battle-history">Turn 15</h2><div class="spacer battle-history"><br></div><div class="battle-history">Volcarona used <strong>Quiver Dance</strong>!<br></div><div class="battle-history"><small>Volcarona's Sp. Atk rose!</small><br></div><div class="battle-history"><small>Volcarona's Sp. Def rose!</small><br></div><div class="battle-history"><small>Volcarona's Speed rose!</small><br></div><div class="spacer battle-history"><br></div><div class="battle-history">The opposing Eelektross used <strong>Volt Switch</strong>!<br></div><div class="battle-history"><small>(Volcarona lost <abbr title="−59/311">19.0%</abbr> of its health!)</small><br></div><div class="spacer battle-history"><br></div><div class="battle-history">The opposing Eelektross went back to Mossy Sandwich!<br></div><div class="battle-history">Mossy Sandwich sent out <strong>Tapu Koko</strong>!<br></div><div class="battle-history">[The opposing Tapu Koko's Electric Surge]<br><small>An electric current ran across the battlefield!</small><br></div><div class="spacer battle-history"><br></div><div class="battle-history"><small>The opposing Tapu Koko restored a little HP using its Leftovers!</small><br></div><div class="spacer battle-history"><br></div><h2 class="battle-history">Turn 16</h2><div class="spacer battle-history"><br></div><div class="battle-history">Volcarona used <strong>Giga Drain</strong>!<br></div><div class="battle-history"><small>(The opposing Tapu Koko lost 29% of its health!)</small><br></div><div class="battle-history"><small>The opposing Tapu Koko had its energy drained!</small><br></div><div class="spacer battle-history"><br></div><div class="battle-history">The opposing Tapu Koko fainted!<br></div><div class="spacer battle-history"><br></div><div class="battle-history">Mossy Sandwich sent out Eelektross (<strong>Eelektross-Mega</strong>)!<br></div><div class="battle-history">[The opposing Eelektross's Luster Swap]<br></div><div class="battle-history"><small>Eelektross changed its type to match its Scald!</small><br></div><div class="battle-history"><small>The opposing Eelektross's type changed to Water!</small><br></div><div class="spacer battle-history"><br></div><h2 class="battle-history">Turn 17</h2><div class="spacer battle-history"><br></div><div class="battle-history">Volcarona used <strong>Giga Drain</strong>!<br></div><div class="battle-history"><small>It's super effective!</small><br></div><div class="battle-history"><small>(The opposing Eelektross lost 60% of its health!)</small><br></div><div class="battle-history"><small>The opposing Eelektross had its energy drained!</small><br></div><div class="spacer battle-history"><br></div><div class="battle-history">The opposing Eelektross fainted!<br></div><div class="spacer battle-history"><br></div><div class="battle-history">Mossy Sandwich sent out <strong>Xurkitree</strong>!<br></div><div class="spacer battle-history"><br></div><h2 class="battle-history">Turn 18</h2><div class="chat chatmessage-mossysandwich"><strong style="color:#ba49a2"><small>☆</small><span class="username" data-name="Mossy Sandwich">Mossy Sandwich</span>:</strong> <em>gg</em></div><div class="spacer battle-history"><br></div><div class="battle-history">Volcarona used <strong>Fire Blast</strong>!<br></div><div class="battle-history"><small>(The opposing Xurkitree lost 100% of its health!)</small><br></div><div class="spacer battle-history"><br></div><div class="battle-history">The opposing Xurkitree fainted!<br></div><div class="spacer battle-history"><br></div><div class="battle-history"><strong>BlaueBrause</strong> won the battle!<br></div><div class="chat chatmessage-blauebrause mine"><strong style="color:#6b66e4"><small>☆</small><span class="username" data-name="BlaueBrause">BlaueBrause</span>:</strong> <em>gg</em></div></div><div class="inner-preempt message-log"></div></div></div>
</div>
<script>
let daily = Math.floor(Date.now()/1000/60/60/24);document.write('<script src="https://dragonheaven.herokuapp.com/js/replay-embed.js?version'+daily+'"></'+'script>');
</script>
