<!DOCTYPE html>
<meta charset="utf-8" />
<!-- version 1 -->
<title>[Gen 8] Megas for All replay: inkbug1 vs. inkbug2</title>
<style>
html,body {font-family:Verdana, sans-serif;font-size:10pt;margin:0;padding:0;}body{padding:12px 0;} .battle-log {font-family:Verdana, sans-serif;font-size:10pt;} .battle-log-inline {border:1px solid #AAAAAA;background:#EEF2F5;color:black;max-width:640px;margin:0 auto 80px;padding-bottom:5px;} .battle-log .inner {padding:4px 8px 0px 8px;} .battle-log .inner-preempt {padding:0 8px 4px 8px;} .battle-log .inner-after {margin-top:0.5em;} .battle-log h2 {margin:0.5em -8px;padding:4px 8px;border:1px solid #AAAAAA;background:#E0E7EA;border-left:0;border-right:0;font-family:Verdana, sans-serif;font-size:13pt;} .battle-log .chat {vertical-align:middle;padding:3px 0 3px 0;font-size:8pt;} .battle-log .chat strong {color:#40576A;} .battle-log .chat em {padding:1px 4px 1px 3px;color:#000000;font-style:normal;} .chat.mine {background:rgba(0,0,0,0.05);margin-left:-8px;margin-right:-8px;padding-left:8px;padding-right:8px;} .spoiler {color:#BBBBBB;background:#BBBBBB;padding:0px 3px;} .spoiler:hover, .spoiler:active, .spoiler-shown {color:#000000;background:#E2E2E2;padding:0px 3px;} .spoiler a {color:#BBBBBB;} .spoiler:hover a, .spoiler:active a, .spoiler-shown a {color:#2288CC;} .chat code, .chat .spoiler:hover code, .chat .spoiler:active code, .chat .spoiler-shown code {border:1px solid #C0C0C0;background:#EEEEEE;color:black;padding:0 2px;} .chat .spoiler code {border:1px solid #CCCCCC;background:#CCCCCC;color:#CCCCCC;} .battle-log .rated {padding:3px 4px;} .battle-log .rated strong {color:white;background:#89A;padding:1px 4px;border-radius:4px;} .spacer {margin-top:0.5em;} .message-announce {background:#6688AA;color:white;padding:1px 4px 2px;} .message-announce a, .broadcast-green a, .broadcast-blue a, .broadcast-red a {color:#DDEEFF;} .broadcast-green {background-color:#559955;color:white;padding:2px 4px;} .broadcast-blue {background-color:#6688AA;color:white;padding:2px 4px;} .infobox {border:1px solid #6688AA;padding:2px 4px;} .infobox-limited {max-height:200px;overflow:auto;overflow-x:hidden;} .broadcast-red {background-color:#AA5544;color:white;padding:2px 4px;} .message-learn-canlearn {font-weight:bold;color:#228822;text-decoration:underline;} .message-learn-cannotlearn {font-weight:bold;color:#CC2222;text-decoration:underline;} .message-effect-weak {font-weight:bold;color:#CC2222;} .message-effect-resist {font-weight:bold;color:#6688AA;} .message-effect-immune {font-weight:bold;color:#666666;} .message-learn-list {margin-top:0;margin-bottom:0;} .message-throttle-notice, .message-error {color:#992222;} .message-overflow, .chat small.message-overflow {font-size:0pt;} .message-overflow::before {font-size:9pt;content:'...';} .subtle {color:#3A4A66;}
</style>
<div class="wrapper replay-wrapper" style="max-width:1180px;margin:0 auto">
<input type="hidden" name="replayid" value="dragonheaven-gen8megasforall-4972" />
<div class="battle"></div><div class="battle-log"></div><div class="replay-controls"></div><div class="replay-controls-2"></div>
<h1 style="font-weight:normal;text-align:center"><strong>[Gen 8] Megas for All</strong><br /><a href="http://pokemonshowdown.com/users/inkbug1" class="subtle" target="_blank">inkbug1</a> vs. <a href="http://pokemonshowdown.com/users/inkbug2" class="subtle" target="_blank">inkbug2</a></h1>
<script type="text/plain" class="battle-log-data">|j|☆inkbug1


|j|☆inkbug2


|player|p1|inkbug1|burgh|


|player|p2|inkbug2|bugcatcher|
|teamsize|p1|3
|teamsize|p2|6
|gametype|singles
|gen|8
|tier|[Gen 8] Megas for All
|clearpoke
|poke|p1|Trapinch, M|
|poke|p1|Toxtricity-Low-Key, M|
|poke|p1|Ninetales, M|
|poke|p2|Boltund, F|
|poke|p2|Reuniclus, F|
|poke|p2|Gigalith, F|
|poke|p2|Butterfree, F|
|poke|p2|Jolteon, F|
|poke|p2|Vanilluxe, F|
|rule|HP Percentage Mod: HP is shown in percentages
|rule|Endless Battle Clause: Forcing endless battles is banned
|rule|OHKO Clause: OHKO moves are banned
|rule|Evasion Moves Clause: Evasion moves are banned
|rule|Species Clause: Limit one of each Pokémon
|rule|Dynamax Clause: You cannot dynamax
|rule|Sleep Clause Mod: Limit one foe put to sleep
|teampreview


|j| H2OPulse


|c|☆inkbug1|what else needs to be checked?


|c| H2OPulse|Oh! I think uh


|c| H2OPulse|... I think juuust Jolteon?


|c|☆inkbug1|ok we gonna need the calcs for that one :'D but uh lets see


|c| H2OPulse|to see if Tempestuous works the turn of Mega Evolution and if it lasts the right amount of time


|
|start
|switch|p1a: Dobson|Trapinch, M|294\/294
|switch|p2a: Reuniclus|Reuniclus, F|100\/100
|turn|1


|
|move|p1a: Dobson|First Impression|p2a: Reuniclus
|-supereffective|p2a: Reuniclus
|-damage|p2a: Reuniclus|43\/100
|move|p2a: Reuniclus|Stored Power|p1a: Dobson
|-damage|p1a: Dobson|221\/294
|
|upkeep
|turn|2


|
|switch|p1a: Toxtricity|Toxtricity-Low-Key, M|354\/354
|move|p2a: Reuniclus|Acid Armor|p2a: Reuniclus
|-boost|p2a: Reuniclus|def|2
|
|upkeep
|turn|3


|
|move|p1a: Toxtricity|Snarl|p2a: Reuniclus
|-supereffective|p2a: Reuniclus
|-damage|p2a: Reuniclus|1\/100
|-unboost|p2a: Reuniclus|spa|1
|move|p2a: Reuniclus|Acid Armor|p2a: Reuniclus
|-boost|p2a: Reuniclus|def|2
|
|upkeep
|turn|4


|
|move|p1a: Toxtricity|Snarl|p2a: Reuniclus
|-supereffective|p2a: Reuniclus
|-damage|p2a: Reuniclus|0 fnt
|faint|p2a: Reuniclus
|
|upkeep


|
|switch|p2a: Jolteon|Jolteon, F|100\/100
|turn|5


|c| H2OPulse|(okay I would not use Volt Switch here if that's okay)


|c|☆inkbug1|wasnt gonna yeah


|c| H2OPulse|(just so we can see an Electric move twice in a row and compare)


|
|detailschange|p2a: Jolteon|Jolteon-Mega, F
|-mega|p2a: Jolteon|Jolteon|Jolteonite
|-ability|p2a: Jolteon|Tempestuous|boost
|-boost|p2a: Jolteon|spd|1
|move|p2a: Jolteon|Discharge|p1a: Toxtricity
|-resisted|p1a: Toxtricity
|-damage|p1a: Toxtricity|195\/354
|move|p1a: Toxtricity|Toxic|p2a: Jolteon
|-status|p2a: Jolteon|tox
|
|-damage|p2a: Jolteon|95\/100 tox|[from] psn
|upkeep
|turn|6


|c| H2OPulse|Fair okay : D


|c|☆inkbug1|oh! 


|c|☆inkbug1|promising


|c| H2OPulse|Promising!!!


|c|☆inkbug1|44%? and..


|
|move|p2a: Jolteon|Discharge|p1a: Toxtricity
|-resisted|p1a: Toxtricity
|-damage|p1a: Toxtricity|37\/354
|move|p1a: Toxtricity|Charge|p1a: Toxtricity
|-boost|p1a: Toxtricity|spd|1
|-activate|p1a: Toxtricity|move: Charge
|
|-damage|p2a: Jolteon|83\/100 tox|[from] psn
|upkeep
|turn|7


|c|☆inkbug1|ope


|c| H2OPulse|Oof nope


|c|☆inkbug1|ok so he still gets 2 turns


|c|☆inkbug1|but it does activate on mega


|c| H2OPulse|Darn yeah


|c| H2OPulse|But true!! Okay


|
|move|p2a: Jolteon|Discharge|p1a: Toxtricity
|-resisted|p1a: Toxtricity
|-damage|p1a: Toxtricity|0 fnt
|faint|p1a: Toxtricity
|
|-damage|p2a: Jolteon|65\/100 tox|[from] psn
|upkeep


|
|switch|p1a: Ninetales|Ninetales, M|287\/287
|-weather|SunnyDay|[from] ability: Drought|[of] p1a: Ninetales
|turn|8


|
|move|p2a: Jolteon|Discharge|p1a: Ninetales
|-damage|p1a: Ninetales|115\/287
|-status|p1a: Ninetales|par
|cant|p1a: Ninetales|par
|
|-weather|SunnyDay|[upkeep]
|-damage|p2a: Jolteon|41\/100 tox|[from] psn
|upkeep
|turn|9


|-message|inkbug1 forfeited.


|
|win|inkbug2
</script>
</div>
<div class="battle-log battle-log-inline"><div class="inner"><div class="battle-options"><div style="padding-top: 3px; padding-right: 3px; text-align: right"><button class="icon button" name="openBattleOptions" title="Options">Battle Options</button></div></div><div class="inner message-log"><div class="chat"><small>☆inkbug1 and ☆inkbug2 joined</small></div><div class=""><small>Format:</small> <br><strong>[Gen 8] Megas for All</strong></div><div class=""><small><em>HP Percentage Mod:</em> HP is shown in percentages</small></div><div class=""><small><em>Endless Battle Clause:</em> Forcing endless battles is banned</small></div><div class=""><small><em>OHKO Clause:</em> OHKO moves are banned</small></div><div class=""><small><em>Evasion Moves Clause:</em> Evasion moves are banned</small></div><div class=""><small><em>Species Clause:</em> Limit one of each Pokémon</small></div><div class=""><small><em>Dynamax Clause:</em> You cannot dynamax</small></div><div class=""><small><em>Sleep Clause Mod:</em> Limit one foe put to sleep</small></div><div class="chat battle-history"><strong>inkbug1's team:</strong> <em style="color:#445566;display:block;">Trapinch / Toxtricity-Low-Key / Ninetales</em></div><div class="chat battle-history"><strong>inkbug2's team:</strong> <em style="color:#445566;display:block;">Boltund / Reuniclus / Gigalith / Butterfree / Jolteon / Vanilluxe</em></div><div class="chat"><small> H2OPulse joined</small></div><div class="chat chatmessage-inkbug1 mine"><strong style="color:#e46e0f"><small>☆</small><span class="username" data-name="inkbug1">inkbug1</span>:</strong> <em>what else needs to be checked?</em></div><div class="chat chatmessage-h2opulse"><strong style="color:#6e8c2b"><small> </small><span class="username" data-name="H2OPulse">H2OPulse</span>:</strong> <em>Oh! I think uh</em></div><div class="chat chatmessage-h2opulse"><strong style="color:#6e8c2b"><small> </small><span class="username" data-name="H2OPulse">H2OPulse</span>:</strong> <em>... I think juuust Jolteon?</em></div><div class="chat chatmessage-inkbug1 mine"><strong style="color:#e46e0f"><small>☆</small><span class="username" data-name="inkbug1">inkbug1</span>:</strong> <em>ok we gonna need the calcs for that one :'D but uh lets see</em></div><div class="chat chatmessage-h2opulse"><strong style="color:#6e8c2b"><small> </small><span class="username" data-name="H2OPulse">H2OPulse</span>:</strong> <em>to see if Tempestuous works the turn of Mega Evolution and if it lasts the right amount of time</em></div><div class="spacer battle-history"><br></div><div class="battle-history">Battle started between inkbug1 and inkbug2!<br></div><div class="spacer battle-history"><br></div><div class="battle-history">Go! Dobson (<strong>Trapinch</strong>)!<br></div><div class="spacer battle-history"><br></div><div class="battle-history">inkbug2 sent out <strong>Reuniclus</strong>!<br></div><div class="spacer battle-history"><br></div><h2 class="battle-history">Turn 1</h2><div class="spacer battle-history"><br></div><div class="battle-history">Dobson used <strong>First Impression</strong>!<br></div><div class="battle-history"><small>It's super effective!</small><br></div><div class="battle-history"><small>(The opposing Reuniclus lost 57% of its health!)</small><br></div><div class="spacer battle-history"><br></div><div class="battle-history">The opposing Reuniclus used <strong>Stored Power</strong>!<br></div><div class="battle-history"><small>(Dobson lost <abbr title="−73/294">24.8%</abbr> of its health!)</small><br></div><div class="spacer battle-history"><br></div><h2 class="battle-history">Turn 2</h2><div class="spacer battle-history"><br></div><div class="battle-history">Dobson, come back!<br></div><div class="battle-history">Go! Toxtricity (<strong>Toxtricity-Low-Key</strong>)!<br></div><div class="spacer battle-history"><br></div><div class="battle-history">The opposing Reuniclus used <strong>Acid Armor</strong>!<br></div><div class="battle-history"><small>The opposing Reuniclus's Defense rose sharply!</small><br></div><div class="spacer battle-history"><br></div><h2 class="battle-history">Turn 3</h2><div class="spacer battle-history"><br></div><div class="battle-history">Toxtricity used <strong>Snarl</strong>!<br></div><div class="battle-history"><small>It's super effective!</small><br></div><div class="battle-history"><small>(The opposing Reuniclus lost 42% of its health!)</small><br></div><div class="battle-history"><small>The opposing Reuniclus's Sp. Atk fell!</small><br></div><div class="spacer battle-history"><br></div><div class="battle-history">The opposing Reuniclus used <strong>Acid Armor</strong>!<br></div><div class="battle-history"><small>The opposing Reuniclus's Defense rose sharply!</small><br></div><div class="spacer battle-history"><br></div><h2 class="battle-history">Turn 4</h2><div class="spacer battle-history"><br></div><div class="battle-history">Toxtricity used <strong>Snarl</strong>!<br></div><div class="battle-history"><small>It's super effective!</small><br></div><div class="battle-history"><small>(The opposing Reuniclus lost 1% of its health!)</small><br></div><div class="spacer battle-history"><br></div><div class="battle-history">The opposing Reuniclus fainted!<br></div><div class="spacer battle-history"><br></div><div class="battle-history">inkbug2 sent out <strong>Jolteon</strong>!<br></div><div class="spacer battle-history"><br></div><h2 class="battle-history">Turn 5</h2><div class="chat chatmessage-h2opulse"><strong style="color:#6e8c2b"><small> </small><span class="username" data-name="H2OPulse">H2OPulse</span>:</strong> <em>(okay I would not use Volt Switch here if that's okay)</em></div><div class="chat chatmessage-inkbug1 mine"><strong style="color:#e46e0f"><small>☆</small><span class="username" data-name="inkbug1">inkbug1</span>:</strong> <em>wasnt gonna yeah</em></div><div class="chat chatmessage-h2opulse"><strong style="color:#6e8c2b"><small> </small><span class="username" data-name="H2OPulse">H2OPulse</span>:</strong> <em>(just so we can see an Electric move twice in a row and compare)</em></div><div class="spacer battle-history"><br></div><div class="battle-history"><small>The opposing Jolteon's Jolteonite is reacting to the Key Stone!</small><br>The opposing Jolteon has Mega Evolved into Mega Jolteon!<br></div><div class="battle-history">[The opposing Jolteon's Tempestuous]<br></div><div class="battle-history"><small>The opposing Jolteon's Sp. Def rose!</small><br></div><div class="spacer battle-history"><br></div><div class="battle-history">The opposing Jolteon used <strong>Discharge</strong>!<br></div><div class="battle-history"><small>It's not very effective...</small><br></div><div class="battle-history"><small>(Toxtricity lost <abbr title="−159/354">44.9%</abbr> of its health!)</small><br></div><div class="spacer battle-history"><br></div><div class="battle-history">Toxtricity used <strong>Toxic</strong>!<br></div><div class="battle-history"><small>The opposing Jolteon was badly poisoned!</small><br></div><div class="spacer battle-history"><br></div><div class="battle-history"><small>The opposing Jolteon was hurt by poison!</small><br></div><div class="spacer battle-history"><br></div><h2 class="battle-history">Turn 6</h2><div class="chat chatmessage-h2opulse"><strong style="color:#6e8c2b"><small> </small><span class="username" data-name="H2OPulse">H2OPulse</span>:</strong> <em>Fair okay : D</em></div><div class="chat chatmessage-inkbug1 mine"><strong style="color:#e46e0f"><small>☆</small><span class="username" data-name="inkbug1">inkbug1</span>:</strong> <em>oh! </em></div><div class="chat chatmessage-inkbug1 mine"><strong style="color:#e46e0f"><small>☆</small><span class="username" data-name="inkbug1">inkbug1</span>:</strong> <em>promising</em></div><div class="chat chatmessage-h2opulse"><strong style="color:#6e8c2b"><small> </small><span class="username" data-name="H2OPulse">H2OPulse</span>:</strong> <em>Promising!!!</em></div><div class="chat chatmessage-inkbug1 mine"><strong style="color:#e46e0f"><small>☆</small><span class="username" data-name="inkbug1">inkbug1</span>:</strong> <em>44%? and..</em></div><div class="spacer battle-history"><br></div><div class="battle-history">The opposing Jolteon used <strong>Discharge</strong>!<br></div><div class="battle-history"><small>It's not very effective...</small><br></div><div class="battle-history"><small>(Toxtricity lost <abbr title="−158/354">44.6%</abbr> of its health!)</small><br></div><div class="spacer battle-history"><br></div><div class="battle-history">Toxtricity used <strong>Charge</strong>!<br></div><div class="battle-history"><small>Toxtricity's Sp. Def rose!</small><br></div><div class="battle-history"><small>Toxtricity began charging power!</small><br></div><div class="spacer battle-history"><br></div><div class="battle-history"><small>The opposing Jolteon was hurt by poison!</small><br></div><div class="spacer battle-history"><br></div><h2 class="battle-history">Turn 7</h2><div class="chat chatmessage-inkbug1 mine"><strong style="color:#e46e0f"><small>☆</small><span class="username" data-name="inkbug1">inkbug1</span>:</strong> <em>ope</em></div><div class="chat chatmessage-h2opulse"><strong style="color:#6e8c2b"><small> </small><span class="username" data-name="H2OPulse">H2OPulse</span>:</strong> <em>Oof nope</em></div><div class="chat chatmessage-inkbug1 mine"><strong style="color:#e46e0f"><small>☆</small><span class="username" data-name="inkbug1">inkbug1</span>:</strong> <em>ok so he still gets 2 turns</em></div><div class="chat chatmessage-inkbug1 mine"><strong style="color:#e46e0f"><small>☆</small><span class="username" data-name="inkbug1">inkbug1</span>:</strong> <em>but it does activate on mega</em></div><div class="chat chatmessage-h2opulse"><strong style="color:#6e8c2b"><small> </small><span class="username" data-name="H2OPulse">H2OPulse</span>:</strong> <em>Darn yeah</em></div><div class="chat chatmessage-h2opulse"><strong style="color:#6e8c2b"><small> </small><span class="username" data-name="H2OPulse">H2OPulse</span>:</strong> <em>But true!! Okay</em></div><div class="spacer battle-history"><br></div><div class="battle-history">The opposing Jolteon used <strong>Discharge</strong>!<br></div><div class="battle-history"><small>It's not very effective...</small><br></div><div class="battle-history"><small>(Toxtricity lost <abbr title="−37/354">10.5%</abbr> of its health!)</small><br></div><div class="spacer battle-history"><br></div><div class="battle-history">Toxtricity fainted!<br></div><div class="spacer battle-history"><br></div><div class="battle-history"><small>The opposing Jolteon was hurt by poison!</small><br></div><div class="spacer battle-history"><br></div><div class="battle-history">Go! <strong>Ninetales</strong>!<br></div><div class="battle-history">[Ninetales's Drought]<br><small>The sunlight turned harsh!</small><br></div><div class="spacer battle-history"><br></div><h2 class="battle-history">Turn 8</h2><div class="spacer battle-history"><br></div><div class="battle-history">The opposing Jolteon used <strong>Discharge</strong>!<br></div><div class="battle-history"><small>(Ninetales lost <abbr title="−172/287">59.9%</abbr> of its health!)</small><br></div><div class="battle-history"><small>Ninetales is paralyzed! It may be unable to move!</small><br></div><div class="spacer battle-history"><br></div><div class="battle-history">Ninetales is paralyzed! It can't move!<br></div><div class="spacer battle-history"><br></div><div class="battle-history"><small>(The sunlight is strong.)</small><br></div><div class="battle-history"><small>The opposing Jolteon was hurt by poison!</small><br></div><div class="spacer battle-history"><br></div><h2 class="battle-history">Turn 9</h2><div class="spacer battle-history"><br></div><div class="battle-history"><small>inkbug1 forfeited.</small><br></div><div class="spacer battle-history"><br></div><div class="battle-history"><strong>inkbug2</strong> won the battle!<br></div></div><div class="inner-preempt message-log"></div></div></div>
</div>
<script>
let daily = Math.floor(Date.now()/1000/60/60/24);document.write('<script src="https://play.pokemonshowdown.com/js/replay-embed.js?version'+daily+'"></'+'script>');
</script>
