<!DOCTYPE html>
<meta charset="utf-8" />
<!-- version 1 -->
<title>[Gen 8] Megas for All replay: Bandana Supremacy vs. exploziff</title>
<style>
html,body {font-family:Verdana, sans-serif;font-size:10pt;margin:0;padding:0;}body{padding:12px 0;} .battle-log {font-family:Verdana, sans-serif;font-size:10pt;} .battle-log-inline {border:1px solid #AAAAAA;background:#EEF2F5;color:black;max-width:640px;margin:0 auto 80px;padding-bottom:5px;} .battle-log .inner {padding:4px 8px 0px 8px;} .battle-log .inner-preempt {padding:0 8px 4px 8px;} .battle-log .inner-after {margin-top:0.5em;} .battle-log h2 {margin:0.5em -8px;padding:4px 8px;border:1px solid #AAAAAA;background:#E0E7EA;border-left:0;border-right:0;font-family:Verdana, sans-serif;font-size:13pt;} .battle-log .chat {vertical-align:middle;padding:3px 0 3px 0;font-size:8pt;} .battle-log .chat strong {color:#40576A;} .battle-log .chat em {padding:1px 4px 1px 3px;color:#000000;font-style:normal;} .chat.mine {background:rgba(0,0,0,0.05);margin-left:-8px;margin-right:-8px;padding-left:8px;padding-right:8px;} .spoiler {color:#BBBBBB;background:#BBBBBB;padding:0px 3px;} .spoiler:hover, .spoiler:active, .spoiler-shown {color:#000000;background:#E2E2E2;padding:0px 3px;} .spoiler a {color:#BBBBBB;} .spoiler:hover a, .spoiler:active a, .spoiler-shown a {color:#2288CC;} .chat code, .chat .spoiler:hover code, .chat .spoiler:active code, .chat .spoiler-shown code {border:1px solid #C0C0C0;background:#EEEEEE;color:black;padding:0 2px;} .chat .spoiler code {border:1px solid #CCCCCC;background:#CCCCCC;color:#CCCCCC;} .battle-log .rated {padding:3px 4px;} .battle-log .rated strong {color:white;background:#89A;padding:1px 4px;border-radius:4px;} .spacer {margin-top:0.5em;} .message-announce {background:#6688AA;color:white;padding:1px 4px 2px;} .message-announce a, .broadcast-green a, .broadcast-blue a, .broadcast-red a {color:#DDEEFF;} .broadcast-green {background-color:#559955;color:white;padding:2px 4px;} .broadcast-blue {background-color:#6688AA;color:white;padding:2px 4px;} .infobox {border:1px solid #6688AA;padding:2px 4px;} .infobox-limited {max-height:200px;overflow:auto;overflow-x:hidden;} .broadcast-red {background-color:#AA5544;color:white;padding:2px 4px;} .message-learn-canlearn {font-weight:bold;color:#228822;text-decoration:underline;} .message-learn-cannotlearn {font-weight:bold;color:#CC2222;text-decoration:underline;} .message-effect-weak {font-weight:bold;color:#CC2222;} .message-effect-resist {font-weight:bold;color:#6688AA;} .message-effect-immune {font-weight:bold;color:#666666;} .message-learn-list {margin-top:0;margin-bottom:0;} .message-throttle-notice, .message-error {color:#992222;} .message-overflow, .chat small.message-overflow {font-size:0pt;} .message-overflow::before {font-size:9pt;content:'...';} .subtle {color:#3A4A66;}
</style>
<div class="wrapper replay-wrapper" style="max-width:1180px;margin:0 auto">
<input type="hidden" name="replayid" value="dragonheaven-gen8megasforall-259" />
<div class="battle"></div><div class="battle-log"></div><div class="replay-controls"></div><div class="replay-controls-2"></div>
<h1 style="font-weight:normal;text-align:center"><strong>[Gen 8] Megas for All</strong><br /><a href="http://pokemonshowdown.com/users/bandanasupremacy" class="subtle" target="_blank">Bandana Supremacy</a> vs. <a href="http://pokemonshowdown.com/users/exploziff" class="subtle" target="_blank">exploziff</a></h1>
<script type="text/plain" class="battle-log-data">|j|☆Bandana Supremacy
|j|☆exploziff
|t:|1617477554
|player|p1|Bandana Supremacy|yellow|
|player|p2|exploziff|266|
|teamsize|p1|6
|teamsize|p2|6
|gametype|singles
|gen|8
|tier|[Gen 8] Megas for All
|rated|Tournament battle
|clearpoke
|poke|p1|Dugtrio, M|
|poke|p1|Toxapex, M|
|poke|p1|Kyurem|
|poke|p1|Dhelmise|
|poke|p1|Buzzwole|
|poke|p1|Swampert, M|
|poke|p2|Dugtrio, M|
|poke|p2|Tapu Lele|
|poke|p2|Heatran, F|
|poke|p2|Zapdos|
|poke|p2|Buzzwole|
|poke|p2|Hydreigon, F|
|rule|HP Percentage Mod: HP is shown in percentages
|rule|Endless Battle Clause: Forcing endless battles is banned
|rule|OHKO Clause: OHKO moves are banned
|rule|Evasion Moves Clause: Evasion moves are banned
|rule|Species Clause: Limit one of each Pokémon
|rule|Dynamax Clause: You cannot dynamax
|rule|Sleep Clause Mod: Limit one foe put to sleep
|rule|Freeze Clause Mod: Limit one foe frozen
|raw|<img src="https:\/\/www.smogon.com\/forums\/attachments\/banner_2-png.302358\/" height="65" width="381">
|-message|Welcome to Megas for All!
|-message|This is a National Dex-based format where we aim to give a new Mega Evolution to every Pokémon.
|-message|Just like any official format, you can still only Mega Evolve one Pokémon per team!
|-message|You can find our thread and metagame resources here:
|-message|https:\/\/www.smogon.com\/forums\/threads\/3671140\/
|teampreview
|j|#inkbug1

|c|☆exploziff|gl hf
|c|☆Bandana Supremacy|glhf
|
|t:|1617477570
|start
|switch|p1a: Flying Dutchman|Dhelmise|100\/100
|switch|p2a: Heatran|Heatran, F|100\/100
|turn|1
|j| harmony6
|
|t:|1617477584
|detailschange|p1a: Flying Dutchman|Dhelmise-Mega
|-mega|p1a: Flying Dutchman|Dhelmise|Dhelmite
|-weather|PrimordialSea|[from] ability: Primordial Sea|[of] p1a: Flying Dutchman
|-start|p1a: Flying Dutchman|typechange|Ghost\/Steel|[silent]
|raw|<ul class="utilichart"><li class="result"><span class="col pokemonnamecol" style="white-space: nowrap">Dhelmise-Mega<\/span> <span class="col typecol"><img src="https:\/\/play.pokemonshowdown.com\/sprites\/types\/Ghost.png" alt="Ghost" height="14" width="32"><img src="https:\/\/play.pokemonshowdown.com\/sprites\/types\/Steel.png" alt="Steel" height="14" width="32"><\/span> <span style="float: left ; min-height: 26px"><span class="col abilitycol">Primordial Sea<\/span><span class="col abilitycol"><\/span><\/span><span style="float: left ; min-height: 26px"><span class="col statcol"><em>HP<\/em><br>70<\/span> <span class="col statcol"><em>Atk<\/em><br>151<\/span> <span class="col statcol"><em>Def<\/em><br>115<\/span> <span class="col statcol"><em>SpA<\/em><br>116<\/span> <span class="col statcol"><em>SpD<\/em><br>115<\/span> <span class="col statcol"><em>Spe<\/em><br>50<\/span> <\/span><\/li><li style="clear: both"><\/li><\/ul>
|move|p2a: Heatran|Magma Storm||[still]
|-fail|p2a: Heatran|Magma Storm|[from] Primordial Sea
|move|p1a: Flying Dutchman|Swords Dance|p1a: Flying Dutchman
|-boost|p1a: Flying Dutchman|atk|2
|
|-weather|PrimordialSea|[upkeep]
|upkeep
|turn|2
|l|☆exploziff
|player|p2|
|j| gyor
|j| Way of Bandana
|c| Way of Bandana|Go Paul!!!
|l| harmony6
|j| JosJet
|j|☆exploziff
|player|p2|exploziff|266
|
|t:|1617477656
|switch|p2a: Buzzwole|Buzzwole|100\/100
|move|p1a: Flying Dutchman|Poltergeist|p2a: Buzzwole|[miss]
|-miss|p1a: Flying Dutchman|p2a: Buzzwole
|
|-weather|PrimordialSea|[upkeep]
|upkeep
|turn|3
|c|☆Bandana Supremacy|Thanks Blue
|
|t:|1617477670
|switch|p2a: Hydreigon|Hydreigon, F|100\/100
|move|p1a: Flying Dutchman|Poltergeist|p2a: Hydreigon
|-activate|p2a: Hydreigon|move: Poltergeist|Hydreigonite
|-resisted|p2a: Hydreigon
|-damage|p2a: Hydreigon|26\/100
|
|-weather|PrimordialSea|[upkeep]
|upkeep
|turn|4
|
|t:|1617477675
|-weather|none
|switch|p1a: Arnold|Buzzwole|100\/100
|detailschange|p2a: Hydreigon|Hydreigon-Mega, F
|-mega|p2a: Hydreigon|Hydreigon|Hydreigonite
|-start|p2a: Hydreigon|typechange|Dark\/Dragon|[silent]
|raw|<ul class="utilichart"><li class="result"><span class="col pokemonnamecol" style="white-space: nowrap">Hydreigon-Mega<\/span> <span class="col typecol"><img src="https:\/\/play.pokemonshowdown.com\/sprites\/types\/Dark.png" alt="Dark" height="14" width="32"><img src="https:\/\/play.pokemonshowdown.com\/sprites\/types\/Dragon.png" alt="Dragon" height="14" width="32"><\/span> <span style="float: left ; min-height: 26px"><span class="col abilitycol">Berserk<\/span><span class="col abilitycol"><\/span><\/span><span style="float: left ; min-height: 26px"><span class="col statcol"><em>HP<\/em><br>92<\/span> <span class="col statcol"><em>Atk<\/em><br>125<\/span> <span class="col statcol"><em>Def<\/em><br>110<\/span> <span class="col statcol"><em>SpA<\/em><br>165<\/span> <span class="col statcol"><em>SpD<\/em><br>90<\/span> <span class="col statcol"><em>Spe<\/em><br>118<\/span> <\/span><\/li><li style="clear: both"><\/li><\/ul>
|move|p2a: Hydreigon|Dark Pulse|p1a: Arnold
|-resisted|p1a: Arnold
|-damage|p1a: Arnold|67\/100
|
|upkeep
|turn|5
|
|t:|1617477684
|move|p1a: Arnold|Protect|p1a: Arnold
|-singleturn|p1a: Arnold|Protect
|move|p2a: Hydreigon|Draco Meteor|p1a: Arnold
|-activate|p1a: Arnold|move: Protect
|
|upkeep
|turn|6
|
|t:|1617477690
|move|p2a: Hydreigon|U-turn|p1a: Arnold
|-resisted|p1a: Arnold
|-damage|p1a: Arnold|63\/100
|-damage|p2a: Hydreigon|9\/100|[from] item: Rocky Helmet|[of] p1a: Arnold
|
|t:|1617477694
|switch|p2a: Zapdos|Zapdos|100\/100|[from]move: U-turn
|move|p1a: Arnold|Drain Punch|p2a: Zapdos
|-resisted|p2a: Zapdos
|-damage|p2a: Zapdos|83\/100
|-heal|p1a: Arnold|71\/100|[from] drain|[of] p2a: Zapdos
|-status|p1a: Arnold|par|[from] ability: Static|[of] p2a: Zapdos
|
|upkeep
|turn|7
|j| TerraTerra1
|
|t:|1617477700
|switch|p1a: Kipper|Swampert, M|100\/100
|move|p2a: Zapdos|Hurricane|p1a: Kipper
|-damage|p1a: Kipper|70\/100
|
|-heal|p1a: Kipper|76\/100|[from] item: Leftovers
|upkeep
|turn|8
|
|t:|1617477706
|switch|p2a: Buzzwole|Buzzwole|100\/100
|move|p1a: Kipper|Protect||[still]
|-fail|p1a: Kipper
|
|-heal|p1a: Kipper|82\/100|[from] item: Leftovers
|upkeep
|turn|9
|
|t:|1617477709
|move|p2a: Buzzwole|Toxic|p1a: Kipper
|-status|p1a: Kipper|tox
|move|p1a: Kipper|Stealth Rock|p2a: Buzzwole
|-sidestart|p2: exploziff|move: Stealth Rock
|
|-heal|p1a: Kipper|89\/100 tox|[from] item: Leftovers
|-damage|p1a: Kipper|82\/100 tox|[from] psn
|upkeep
|turn|10
|
|t:|1617477718
|switch|p2a: Tapu Lele|Tapu Lele|100\/100
|-damage|p2a: Tapu Lele|88\/100|[from] Stealth Rock
|-fieldstart|move: Psychic Terrain|[from] ability: Psychic Surge|[of] p2a: Tapu Lele
|move|p1a: Kipper|Flip Turn|p2a: Tapu Lele
|-damage|p2a: Tapu Lele|52\/100
|
|t:|1617477721
|switch|p1a: Blues Brothers|Dugtrio, M, shiny|100\/100|[from]move: Flip Turn
|
|upkeep
|turn|11
|
|t:|1617477726
|move|p1a: Blues Brothers|High Horsepower|p2a: Tapu Lele
|-damage|p2a: Tapu Lele|0 fnt
|faint|p2a: Tapu Lele
|
|upkeep
|
|t:|1617477732
|switch|p2a: Zapdos|Zapdos|83\/100
|turn|12
|
|t:|1617477735
|switch|p1a: Kipper|Swampert, M|82\/100 tox
|move|p2a: Zapdos|Defog|p1a: Kipper
|-unboost|p1a: Kipper|evasion|1
|-sideend|p2: exploziff|Stealth Rock|[from] move: Defog|[of] p2a: Zapdos
|-fieldend|move: Psychic Terrain
|
|-heal|p1a: Kipper|89\/100 tox|[from] item: Leftovers
|-damage|p1a: Kipper|82\/100 tox|[from] psn
|upkeep
|turn|13
|
|t:|1617477739
|move|p1a: Kipper|Protect|p1a: Kipper
|-singleturn|p1a: Kipper|Protect
|move|p2a: Zapdos|Hurricane|p1a: Kipper
|-activate|p1a: Kipper|move: Protect
|
|-heal|p1a: Kipper|89\/100 tox|[from] item: Leftovers
|-damage|p1a: Kipper|76\/100 tox|[from] psn
|upkeep
|turn|14
|
|t:|1617477744
|move|p2a: Zapdos|Hurricane|p1a: Kipper
|-damage|p1a: Kipper|44\/100 tox
|-start|p1a: Kipper|confusion
|-activate|p1a: Kipper|confusion
|-damage|p1a: Kipper|34\/100 tox|[from] confusion
|
|-heal|p1a: Kipper|40\/100 tox|[from] item: Leftovers
|-damage|p1a: Kipper|22\/100 tox|[from] psn
|upkeep
|turn|15
|
|t:|1617477751
|move|p2a: Zapdos|Hurricane|p1a: Kipper
|-damage|p1a: Kipper|0 fnt
|faint|p1a: Kipper
|
|upkeep
|
|t:|1617477753
|switch|p1a: Kiba|Kyurem|100\/100
|-ability|p1a: Kiba|Pressure
|turn|16
|
|t:|1617477762
|switch|p2a: Heatran|Heatran, F|100\/100
|move|p1a: Kiba|Ice Beam|p2a: Heatran
|-resisted|p2a: Heatran
|-damage|p2a: Heatran|85\/100
|
|upkeep
|turn|17
|
|t:|1617477774
|switch|p1a: Bandana|Toxapex, M, shiny|100\/100
|move|p2a: Heatran|Stealth Rock|p1a: Bandana
|-sidestart|p1: Bandana Supremacy|move: Stealth Rock
|
|upkeep
|turn|18
|
|t:|1617477779
|switch|p2a: Buzzwole|Buzzwole|100\/100
|move|p1a: Bandana|Knock Off|p2a: Buzzwole
|-resisted|p2a: Buzzwole
|-damage|p2a: Buzzwole|91\/100
|-damage|p1a: Bandana|84\/100|[from] item: Rocky Helmet|[of] p2a: Buzzwole
|-enditem|p2a: Buzzwole|Rocky Helmet|[from] move: Knock Off|[of] p1a: Bandana
|
|upkeep
|turn|19
|
|t:|1617477788
|switch|p2a: Hydreigon|Hydreigon-Mega, F|9\/100
|-start|p2a: Hydreigon|typechange|Dark\/Dragon|[silent]
|switch|p1a: Flying Dutchman|Dhelmise-Mega|100\/100
|-damage|p1a: Flying Dutchman|94\/100|[from] Stealth Rock
|-start|p1a: Flying Dutchman|typechange|Ghost\/Steel|[silent]
|-weather|PrimordialSea|[from] ability: Primordial Sea|[of] p1a: Flying Dutchman
|
|-weather|PrimordialSea|[upkeep]
|upkeep
|turn|20
|
|t:|1617477792
|-weather|none
|switch|p1a: Arnold|Buzzwole|71\/100 par
|-damage|p1a: Arnold|58\/100 par|[from] Stealth Rock
|move|p2a: Hydreigon|Roost|p2a: Hydreigon
|-heal|p2a: Hydreigon|59\/100
|-singleturn|p2a: Hydreigon|move: Roost
|
|upkeep
|turn|21
|
|t:|1617477798
|move|p2a: Hydreigon|Draco Meteor|p1a: Arnold
|-damage|p1a: Arnold|0 fnt
|-unboost|p2a: Hydreigon|spa|2
|faint|p1a: Arnold
|
|upkeep
|
|t:|1617477802
|switch|p1a: Blues Brothers|Dugtrio, M, shiny|100\/100
|-damage|p1a: Blues Brothers|94\/100|[from] Stealth Rock
|turn|22
|
|t:|1617477805
|move|p1a: Blues Brothers|Stone Edge|p2a: Hydreigon
|-damage|p2a: Hydreigon|28\/100
|-ability|p2a: Hydreigon|Berserk|boost
|-boost|p2a: Hydreigon|spa|1
|move|p2a: Hydreigon|U-turn|p1a: Blues Brothers
|-damage|p1a: Blues Brothers|46\/100
|
|t:|1617477815
|switch|p2a: Dugtrio|Dugtrio, M|100\/100|[from]move: U-turn
|
|upkeep
|turn|23
|
|t:|1617477818
|move|p2a: Dugtrio|Sucker Punch|p1a: Blues Brothers
|-damage|p1a: Blues Brothers|0 fnt
|faint|p1a: Blues Brothers
|
|upkeep
|
|t:|1617477826
|switch|p1a: Flying Dutchman|Dhelmise-Mega|94\/100
|-damage|p1a: Flying Dutchman|88\/100|[from] Stealth Rock
|-start|p1a: Flying Dutchman|typechange|Ghost\/Steel|[silent]
|-weather|PrimordialSea|[from] ability: Primordial Sea|[of] p1a: Flying Dutchman
|turn|24
|
|t:|1617477832
|-zpower|p2a: Dugtrio
|move|p2a: Dugtrio|Tectonic Rage|p1a: Flying Dutchman|[zeffect]
|-supereffective|p1a: Flying Dutchman
|-damage|p1a: Flying Dutchman|0 fnt
|faint|p1a: Flying Dutchman
|-weather|none
|
|upkeep
|
|t:|1617477838
|switch|p1a: Kiba|Kyurem|100\/100
|-damage|p1a: Kiba|75\/100|[from] Stealth Rock
|-ability|p1a: Kiba|Pressure
|turn|25
|
|t:|1617477845
|switch|p2a: Heatran|Heatran, F|85\/100
|move|p1a: Kiba|Ice Beam|p2a: Heatran
|-resisted|p2a: Heatran
|-damage|p2a: Heatran|71\/100
|
|upkeep
|turn|26
|
|t:|1617477848
|switch|p1a: Bandana|Toxapex, M, shiny|100\/100
|-damage|p1a: Bandana|88\/100|[from] Stealth Rock
|move|p2a: Heatran|Earth Power|p1a: Bandana
|-supereffective|p1a: Bandana
|-damage|p1a: Bandana|37\/100
|
|upkeep
|turn|27
|
|t:|1617477855
|move|p2a: Heatran|Earth Power|p1a: Bandana
|-supereffective|p1a: Bandana
|-damage|p1a: Bandana|0 fnt
|faint|p1a: Bandana
|
|upkeep
|
|t:|1617477858
|switch|p1a: Kiba|Kyurem|75\/100
|-damage|p1a: Kiba|50\/100|[from] Stealth Rock
|-ability|p1a: Kiba|Pressure
|turn|28
|
|t:|1617477860
|move|p1a: Kiba|Freeze-Dry|p2a: Heatran
|-resisted|p2a: Heatran
|-damage|p2a: Heatran|59\/100
|move|p2a: Heatran|Magma Storm|p1a: Kiba
|-damage|p1a: Kiba|7\/100
|-activate|p1a: Kiba|move: Magma Storm|[of] p2a: Heatran
|
|-damage|p1a: Kiba|0 fnt|[from] move: Magma Storm|[partiallytrapped]
|faint|p1a: Kiba
|
|win|exploziff
|upkeep
|c|☆Bandana Supremacy|g
|c|☆Bandana Supremacy|g
|c|☆exploziff|gg
|c| Way of Bandana|Gg
|c|☆Bandana Supremacy|welp
|c|☆Bandana Supremacy|neither of us
|c|☆Bandana Supremacy|will win
|c|☆Bandana Supremacy|I'm rooting for exploziff though
|c|☆exploziff|Thanks :)
|c|☆Bandana Supremacy|Every battle has been pretty much a clean sweep though
|c| Way of Bandana|I haven't seen bit, but I like French so
|c|☆Bandana Supremacy|5-0 or 4-0, and mine would've been a 6-0, but yeah I misclicked. 
|c|☆exploziff|I see people playing stall on the other side
|c|☆exploziff|i'm afraid ._.
|c|☆exploziff|Stall is like my kryptonite
|c|☆Bandana Supremacy|I mean, we could give you that scizor team, its great against stall
|c|☆Bandana Supremacy|because of its just longevity
|c|☆Bandana Supremacy|it just stays on so long
|c| Way of Bandana|Ah, yes  the two are famous for that bit and hematemesis
|c|☆exploziff|well that heatran should do well
|c|☆exploziff|it pack taunt
|c|☆Bandana Supremacy|Yeah, stallbreaker 
|c|☆exploziff|though if mon have all acces to p-shot that might be complex
|c|☆Bandana Supremacy|Yeah, that will be an issue
|c| Way of Bandana|So long as you play carefully which you do, nothing will stop you
|c|☆Bandana Supremacy|your dug has stone edge right?
|c| Way of Bandana|Also, I don't like seeing stall match up
|c|☆exploziff|y
|c|☆Bandana Supremacy|okay, yeah that volc is a massive threat
|c|☆exploziff|dug is screech z hh se sucker
|c|☆Bandana Supremacy|he beat both me and pupugugu back to back with it 
|c| Way of Bandana|Use murder spider, ultimate stall killer
|c|☆exploziff|and that tran is shed shell not to get trap
|c|☆Bandana Supremacy|Yeah, thats sick
|c|☆exploziff|will see how that team fare
|c| Way of Bandana|Wish you luck :D
|c|☆Bandana Supremacy|Yes wish you luck exploziff :)
|c|☆exploziff|ty ^^
|c| Way of Bandana|Oh, looks like Bolivia is catching up to his skills
|l|☆exploziff
|l| Way of Bandana</script>
</div>
<div class="battle-log battle-log-inline"><div class="inner"><div class="battle-options"><div style="padding-top: 3px; padding-right: 3px; text-align: right"><button class="icon button" name="openBattleOptions" title="Options">Battle Options</button></div></div><div class="inner message-log"><div class="chat"><small>☆Bandana Supremacy and ☆exploziff joined</small></div><div class=""><small>Format:</small> <br><strong>[Gen 8] Megas for All</strong></div><div class="rated"><strong>Tournament battle</strong></div><div class=""><small><em>HP Percentage Mod:</em> HP is shown in percentages</small></div><div class=""><small><em>Endless Battle Clause:</em> Forcing endless battles is banned</small></div><div class=""><small><em>OHKO Clause:</em> OHKO moves are banned</small></div><div class=""><small><em>Evasion Moves Clause:</em> Evasion moves are banned</small></div><div class=""><small><em>Species Clause:</em> Limit one of each Pokémon</small></div><div class=""><small><em>Dynamax Clause:</em> You cannot dynamax</small></div><div class=""><small><em>Sleep Clause Mod:</em> Limit one foe put to sleep</small></div><div class=""><small><em>Freeze Clause Mod:</em> Limit one foe frozen</small></div><div class="chat"><img src="https://www.smogon.com/forums/attachments/banner_2-png.302358/" height="65" width="381"></div><div class="spacer battle-history"><br></div><div class="battle-history"><small>Welcome to Megas for All!</small><br></div><div class="battle-history"><small>This is a National Dex-based format where we aim to give a new Mega Evolution to every Pokémon.</small><br></div><div class="battle-history"><small>Just like any official format, you can still only Mega Evolve one Pokémon per team!</small><br></div><div class="battle-history"><small>You can find our thread and metagame resources here:</small><br></div><div class="battle-history"><small>https://www.smogon.com/forums/threads/3671140/</small><br></div><div class="chat battle-history"><strong>Bandana Supremacy's team:</strong> <em style="color:#445566;display:block;">Dugtrio / Toxapex / Kyurem / Dhelmise / Buzzwole / Swampert</em></div><div class="chat battle-history"><strong>exploziff's team:</strong> <em style="color:#445566;display:block;">Dugtrio / Tapu Lele / Heatran / Zapdos / Buzzwole / Hydreigon</em></div><div class="chat"><small>#inkbug1 joined</small></div><div class="chat chatmessage-exploziff"><strong style="color:#70a52f"><small>☆</small><span class="username" data-name="exploziff">exploziff</span>:</strong> <em>gl hf</em></div><div class="chat chatmessage-bandanasupremacy"><strong style="color:#258594"><small>☆</small><span class="username" data-name="Bandana Supremacy">Bandana Supremacy</span>:</strong> <em>glhf</em></div><div class="spacer battle-history"><br></div><div class="battle-history">Battle started between Bandana Supremacy and exploziff!<br></div><div class="spacer battle-history"><br></div><div class="battle-history">Go! Flying Dutchman (<strong>Dhelmise</strong>)!<br></div><div class="spacer battle-history"><br></div><div class="battle-history">exploziff sent out <strong>Heatran</strong>!<br></div><div class="spacer battle-history"><br></div><h2 class="battle-history">Turn 1</h2><div class="chat"><small> harmony6 joined</small></div><div class="spacer battle-history"><br></div><div class="battle-history"><small>Flying Dutchman's Dhelmite is reacting to the Key Stone!</small><br>Flying Dutchman has Mega Evolved into Mega Dhelmise!<br></div><div class="battle-history">[Flying Dutchman's Primordial Sea]<br><small>A heavy rain began to fall!</small><br></div><div class="chat"><ul class="utilichart"><li class="result"><span class="col pokemonnamecol" style="white-space: nowrap">Dhelmise-Mega</span> <span class="col typecol"><img src="https://play.pokemonshowdown.com/sprites/types/Ghost.png" alt="Ghost" height="14" width="32"><img src="https://play.pokemonshowdown.com/sprites/types/Steel.png" alt="Steel" height="14" width="32"></span> <span style="float: left ; min-height: 26px"><span class="col abilitycol">Primordial Sea</span><span class="col abilitycol"></span></span><span style="float: left ; min-height: 26px"><span class="col statcol"><em>HP</em><br>70</span> <span class="col statcol"><em>Atk</em><br>151</span> <span class="col statcol"><em>Def</em><br>115</span> <span class="col statcol"><em>SpA</em><br>116</span> <span class="col statcol"><em>SpD</em><br>115</span> <span class="col statcol"><em>Spe</em><br>50</span> </span></li><li style="clear: both"></li></ul></div><div class="spacer battle-history"><br></div><div class="battle-history">The opposing Heatran used <strong>Magma Storm</strong>!<br></div><div class="battle-history"><small>The Fire-type attack fizzled out in the heavy rain!</small><br></div><div class="spacer battle-history"><br></div><div class="battle-history">Flying Dutchman used <strong>Swords Dance</strong>!<br></div><div class="battle-history"><small>Flying Dutchman's Attack rose sharply!</small><br></div><div class="spacer battle-history"><br></div><h2 class="battle-history">Turn 2</h2><div class="chat"><small>☆exploziff left</small></div><div class="chat"><small> gyor and  Way of Bandana joined</small></div><div class="chat chatmessage-wayofbandana"><strong style="color:#ae5b4b"><small> </small><span class="username" data-name="Way of Bandana">Way of Bandana</span>:</strong> <em>Go Paul!!!</em></div><div class="chat"><small> JosJet and ☆exploziff joined;  harmony6 left</small></div><div class="spacer battle-history"><br></div><div class="battle-history">exploziff withdrew Heatran!<br></div><div class="battle-history">exploziff sent out <strong>Buzzwole</strong>!<br></div><div class="spacer battle-history"><br></div><div class="battle-history">Flying Dutchman used <strong>Poltergeist</strong>!<br></div><div class="battle-history"><small>The opposing Buzzwole avoided the attack!</small><br></div><div class="spacer battle-history"><br></div><h2 class="battle-history">Turn 3</h2><div class="chat chatmessage-bandanasupremacy"><strong style="color:#258594"><small>☆</small><span class="username" data-name="Bandana Supremacy">Bandana Supremacy</span>:</strong> <em>Thanks Blue</em></div><div class="spacer battle-history"><br></div><div class="battle-history">exploziff withdrew Buzzwole!<br></div><div class="battle-history">exploziff sent out <strong>Hydreigon</strong>!<br></div><div class="spacer battle-history"><br></div><div class="battle-history">Flying Dutchman used <strong>Poltergeist</strong>!<br></div><div class="battle-history"><small>The opposing Hydreigon is about to be attacked by its Hydreigonite!</small><br></div><div class="battle-history"><small>It's not very effective...</small><br></div><div class="battle-history"><small>(The opposing Hydreigon lost 74% of its health!)</small><br></div><div class="spacer battle-history"><br></div><h2 class="battle-history">Turn 4</h2><div class="spacer battle-history"><br></div><div class="battle-history"><small>The heavy rain has lifted!</small><br></div><div class="spacer battle-history"><br></div><div class="battle-history">Flying Dutchman, come back!<br></div><div class="battle-history">Go! Arnold (<strong>Buzzwole</strong>)!<br></div><div class="spacer battle-history"><br></div><div class="battle-history"><small>The opposing Hydreigon's Hydreigonite is reacting to the Key Stone!</small><br>The opposing Hydreigon has Mega Evolved into Mega Hydreigon!<br></div><div class="chat"><ul class="utilichart"><li class="result"><span class="col pokemonnamecol" style="white-space: nowrap">Hydreigon-Mega</span> <span class="col typecol"><img src="https://play.pokemonshowdown.com/sprites/types/Dark.png" alt="Dark" height="14" width="32"><img src="https://play.pokemonshowdown.com/sprites/types/Dragon.png" alt="Dragon" height="14" width="32"></span> <span style="float: left ; min-height: 26px"><span class="col abilitycol">Berserk</span><span class="col abilitycol"></span></span><span style="float: left ; min-height: 26px"><span class="col statcol"><em>HP</em><br>92</span> <span class="col statcol"><em>Atk</em><br>125</span> <span class="col statcol"><em>Def</em><br>110</span> <span class="col statcol"><em>SpA</em><br>165</span> <span class="col statcol"><em>SpD</em><br>90</span> <span class="col statcol"><em>Spe</em><br>118</span> </span></li><li style="clear: both"></li></ul></div><div class="spacer battle-history"><br></div><div class="battle-history">The opposing Hydreigon used <strong>Dark Pulse</strong>!<br></div><div class="battle-history"><small>It's not very effective...</small><br></div><div class="battle-history"><small>(Arnold lost 33% of its health!)</small><br></div><div class="spacer battle-history"><br></div><h2 class="battle-history">Turn 5</h2><div class="spacer battle-history"><br></div><div class="battle-history">Arnold used <strong>Protect</strong>!<br></div><div class="battle-history"><small>Arnold protected itself!</small><br></div><div class="spacer battle-history"><br></div><div class="battle-history">The opposing Hydreigon used <strong>Draco Meteor</strong>!<br></div><div class="battle-history"><small>Arnold protected itself!</small><br></div><div class="spacer battle-history"><br></div><h2 class="battle-history">Turn 6</h2><div class="spacer battle-history"><br></div><div class="battle-history">The opposing Hydreigon used <strong>U-turn</strong>!<br></div><div class="battle-history"><small>It's not very effective...</small><br></div><div class="battle-history"><small>(Arnold lost 4% of its health!)</small><br></div><div class="battle-history"><small>The opposing Hydreigon was hurt by the Rocky Helmet!</small><br></div><div class="spacer battle-history"><br></div><div class="battle-history">The opposing Hydreigon went back to exploziff!<br></div><div class="battle-history">exploziff sent out <strong>Zapdos</strong>!<br></div><div class="spacer battle-history"><br></div><div class="battle-history">Arnold used <strong>Drain Punch</strong>!<br></div><div class="battle-history"><small>It's not very effective...</small><br></div><div class="battle-history"><small>(The opposing Zapdos lost 17% of its health!)</small><br></div><div class="battle-history"><small>The opposing Zapdos had its energy drained!</small><br></div><div class="battle-history">[The opposing Zapdos's Static]<br><small>Arnold is paralyzed! It may be unable to move!</small><br></div><div class="spacer battle-history"><br></div><h2 class="battle-history">Turn 7</h2><div class="chat"><small> TerraTerra1 joined</small></div><div class="spacer battle-history"><br></div><div class="battle-history">Arnold, come back!<br></div><div class="battle-history">Go! Kipper (<strong>Swampert</strong>)!<br></div><div class="spacer battle-history"><br></div><div class="battle-history">The opposing Zapdos used <strong>Hurricane</strong>!<br></div><div class="battle-history"><small>(Kipper lost 30% of its health!)</small><br></div><div class="spacer battle-history"><br></div><div class="battle-history"><small>Kipper restored a little HP using its Leftovers!</small><br></div><div class="spacer battle-history"><br></div><h2 class="battle-history">Turn 8</h2><div class="spacer battle-history"><br></div><div class="battle-history">exploziff withdrew Zapdos!<br></div><div class="battle-history">exploziff sent out <strong>Buzzwole</strong>!<br></div><div class="spacer battle-history"><br></div><div class="battle-history">Kipper used <strong>Protect</strong>!<br></div><div class="battle-history"><small>But it failed!</small><br></div><div class="spacer battle-history"><br></div><div class="battle-history"><small>Kipper restored a little HP using its Leftovers!</small><br></div><div class="spacer battle-history"><br></div><h2 class="battle-history">Turn 9</h2><div class="spacer battle-history"><br></div><div class="battle-history">The opposing Buzzwole used <strong>Toxic</strong>!<br></div><div class="battle-history"><small>Kipper was badly poisoned!</small><br></div><div class="spacer battle-history"><br></div><div class="battle-history">Kipper used <strong>Stealth Rock</strong>!<br></div><div class="battle-history"><small>Pointed stones float in the air around the opposing team!</small><br></div><div class="spacer battle-history"><br></div><div class="battle-history"><small>Kipper restored a little HP using its Leftovers!</small><br></div><div class="battle-history"><small>Kipper was hurt by poison!</small><br></div><div class="spacer battle-history"><br></div><h2 class="battle-history">Turn 10</h2><div class="spacer battle-history"><br></div><div class="battle-history">exploziff withdrew Buzzwole!<br></div><div class="battle-history">exploziff sent out <strong>Tapu Lele</strong>!<br></div><div class="battle-history"><small>Pointed stones dug into the opposing Tapu Lele!</small><br></div><div class="battle-history">[The opposing Tapu Lele's Psychic Surge]<br><small>The battlefield got weird!</small><br></div><div class="spacer battle-history"><br></div><div class="battle-history">Kipper used <strong>Flip Turn</strong>!<br></div><div class="battle-history"><small>(The opposing Tapu Lele lost 36% of its health!)</small><br></div><div class="spacer battle-history"><br></div><div class="battle-history">Kipper, come back!<br></div><div class="battle-history">Go! Blues Brothers (<strong>Dugtrio</strong>)!<br></div><div class="spacer battle-history"><br></div><h2 class="battle-history">Turn 11</h2><div class="spacer battle-history"><br></div><div class="battle-history">Blues Brothers used <strong>High Horsepower</strong>!<br></div><div class="battle-history"><small>(The opposing Tapu Lele lost 52% of its health!)</small><br></div><div class="spacer battle-history"><br></div><div class="battle-history">The opposing Tapu Lele fainted!<br></div><div class="spacer battle-history"><br></div><div class="battle-history">exploziff sent out <strong>Zapdos</strong>!<br></div><div class="spacer battle-history"><br></div><h2 class="battle-history">Turn 12</h2><div class="spacer battle-history"><br></div><div class="battle-history">Blues Brothers, come back!<br></div><div class="battle-history">Go! Kipper (<strong>Swampert</strong>)!<br></div><div class="spacer battle-history"><br></div><div class="battle-history">The opposing Zapdos used <strong>Defog</strong>!<br></div><div class="battle-history"><small>Kipper's evasiveness fell!</small><br></div><div class="battle-history"><small>The pointed stones disappeared from around the opposing team!</small><br></div><div class="battle-history"><small>The weirdness disappeared from the battlefield!</small><br></div><div class="spacer battle-history"><br></div><div class="battle-history"><small>Kipper restored a little HP using its Leftovers!</small><br></div><div class="battle-history"><small>Kipper was hurt by poison!</small><br></div><div class="spacer battle-history"><br></div><h2 class="battle-history">Turn 13</h2><div class="spacer battle-history"><br></div><div class="battle-history">Kipper used <strong>Protect</strong>!<br></div><div class="battle-history"><small>Kipper protected itself!</small><br></div><div class="spacer battle-history"><br></div><div class="battle-history">The opposing Zapdos used <strong>Hurricane</strong>!<br></div><div class="battle-history"><small>Kipper protected itself!</small><br></div><div class="spacer battle-history"><br></div><div class="battle-history"><small>Kipper restored a little HP using its Leftovers!</small><br></div><div class="battle-history"><small>Kipper was hurt by poison!</small><br></div><div class="spacer battle-history"><br></div><h2 class="battle-history">Turn 14</h2><div class="spacer battle-history"><br></div><div class="battle-history">The opposing Zapdos used <strong>Hurricane</strong>!<br></div><div class="battle-history"><small>(Kipper lost 32% of its health!)</small><br></div><div class="battle-history"><small>Kipper became confused!</small><br></div><div class="spacer battle-history"><br></div><div class="battle-history"><small>Kipper is confused!</small><br></div><div class="battle-history">It hurt itself in its confusion!<br></div><div class="spacer battle-history"><br></div><div class="battle-history"><small>Kipper restored a little HP using its Leftovers!</small><br></div><div class="battle-history"><small>Kipper was hurt by poison!</small><br></div><div class="spacer battle-history"><br></div><h2 class="battle-history">Turn 15</h2><div class="spacer battle-history"><br></div><div class="battle-history">The opposing Zapdos used <strong>Hurricane</strong>!<br></div><div class="battle-history"><small>(Kipper lost 22% of its health!)</small><br></div><div class="spacer battle-history"><br></div><div class="battle-history">Kipper fainted!<br></div><div class="spacer battle-history"><br></div><div class="battle-history">Go! Kiba (<strong>Kyurem</strong>)!<br></div><div class="battle-history">[Kiba's Pressure]<br><small>Kiba is exerting its pressure!</small><br></div><div class="spacer battle-history"><br></div><h2 class="battle-history">Turn 16</h2><div class="spacer battle-history"><br></div><div class="battle-history">exploziff withdrew Zapdos!<br></div><div class="battle-history">exploziff sent out <strong>Heatran</strong>!<br></div><div class="spacer battle-history"><br></div><div class="battle-history">Kiba used <strong>Ice Beam</strong>!<br></div><div class="battle-history"><small>It's not very effective...</small><br></div><div class="battle-history"><small>(The opposing Heatran lost 15% of its health!)</small><br></div><div class="spacer battle-history"><br></div><h2 class="battle-history">Turn 17</h2><div class="spacer battle-history"><br></div><div class="battle-history">Kiba, come back!<br></div><div class="battle-history">Go! Bandana (<strong>Toxapex</strong>)!<br></div><div class="spacer battle-history"><br></div><div class="battle-history">The opposing Heatran used <strong>Stealth Rock</strong>!<br></div><div class="battle-history"><small>Pointed stones float in the air around your team!</small><br></div><div class="spacer battle-history"><br></div><h2 class="battle-history">Turn 18</h2><div class="spacer battle-history"><br></div><div class="battle-history">exploziff withdrew Heatran!<br></div><div class="battle-history">exploziff sent out <strong>Buzzwole</strong>!<br></div><div class="spacer battle-history"><br></div><div class="battle-history">Bandana used <strong>Knock Off</strong>!<br></div><div class="battle-history"><small>It's not very effective...</small><br></div><div class="battle-history"><small>(The opposing Buzzwole lost 9% of its health!)</small><br></div><div class="battle-history"><small>Bandana was hurt by the Rocky Helmet!</small><br></div><div class="battle-history"><small>Bandana knocked off the opposing Buzzwole's Rocky Helmet!</small><br></div><div class="spacer battle-history"><br></div><h2 class="battle-history">Turn 19</h2><div class="spacer battle-history"><br></div><div class="battle-history">exploziff withdrew Buzzwole!<br></div><div class="battle-history">exploziff sent out Hydreigon (<strong>Hydreigon-Mega</strong>)!<br></div><div class="spacer battle-history"><br></div><div class="battle-history">Bandana, come back!<br></div><div class="battle-history">Go! Flying Dutchman (<strong>Dhelmise-Mega</strong>)!<br></div><div class="battle-history"><small>Pointed stones dug into Flying Dutchman!</small><br></div><div class="battle-history">[Flying Dutchman's Primordial Sea]<br><small>A heavy rain began to fall!</small><br></div><div class="spacer battle-history"><br></div><h2 class="battle-history">Turn 20</h2><div class="spacer battle-history"><br></div><div class="battle-history"><small>The heavy rain has lifted!</small><br></div><div class="spacer battle-history"><br></div><div class="battle-history">Flying Dutchman, come back!<br></div><div class="battle-history">Go! Arnold (<strong>Buzzwole</strong>)!<br></div><div class="battle-history"><small>Pointed stones dug into Arnold!</small><br></div><div class="spacer battle-history"><br></div><div class="battle-history">The opposing Hydreigon used <strong>Roost</strong>!<br></div><div class="battle-history"><small>The opposing Hydreigon had its HP restored.</small><br></div><div class="spacer battle-history"><br></div><h2 class="battle-history">Turn 21</h2><div class="spacer battle-history"><br></div><div class="battle-history">The opposing Hydreigon used <strong>Draco Meteor</strong>!<br></div><div class="battle-history"><small>(Arnold lost 58% of its health!)</small><br></div><div class="battle-history"><small>The opposing Hydreigon's Sp. Atk fell harshly!</small><br></div><div class="spacer battle-history"><br></div><div class="battle-history">Arnold fainted!<br></div><div class="spacer battle-history"><br></div><div class="battle-history">Go! Blues Brothers (<strong>Dugtrio</strong>)!<br></div><div class="battle-history"><small>Pointed stones dug into Blues Brothers!</small><br></div><div class="spacer battle-history"><br></div><h2 class="battle-history">Turn 22</h2><div class="spacer battle-history"><br></div><div class="battle-history">Blues Brothers used <strong>Stone Edge</strong>!<br></div><div class="battle-history"><small>(The opposing Hydreigon lost 31% of its health!)</small><br></div><div class="battle-history">[The opposing Hydreigon's Berserk]<br></div><div class="battle-history"><small>The opposing Hydreigon's Sp. Atk rose!</small><br></div><div class="spacer battle-history"><br></div><div class="battle-history">The opposing Hydreigon used <strong>U-turn</strong>!<br></div><div class="battle-history"><small>(Blues Brothers lost 48% of its health!)</small><br></div><div class="spacer battle-history"><br></div><div class="battle-history">The opposing Hydreigon went back to exploziff!<br></div><div class="battle-history">exploziff sent out <strong>Dugtrio</strong>!<br></div><div class="spacer battle-history"><br></div><h2 class="battle-history">Turn 23</h2><div class="spacer battle-history"><br></div><div class="battle-history">The opposing Dugtrio used <strong>Sucker Punch</strong>!<br></div><div class="battle-history"><small>(Blues Brothers lost 46% of its health!)</small><br></div><div class="spacer battle-history"><br></div><div class="battle-history">Blues Brothers fainted!<br></div><div class="spacer battle-history"><br></div><div class="battle-history">Go! Flying Dutchman (<strong>Dhelmise-Mega</strong>)!<br></div><div class="battle-history"><small>Pointed stones dug into Flying Dutchman!</small><br></div><div class="battle-history">[Flying Dutchman's Primordial Sea]<br><small>A heavy rain began to fall!</small><br></div><div class="spacer battle-history"><br></div><h2 class="battle-history">Turn 24</h2><div class="spacer battle-history"><br></div><div class="battle-history"><small>The opposing Dugtrio surrounded itself with its Z-Power!</small><br></div><div class="spacer battle-history"><br></div><div class="battle-history"><small>The opposing Dugtrio unleashes its full-force Z-Move!</small><br>The opposing Dugtrio used <strong>Tectonic Rage</strong>!<br></div><div class="battle-history"><small>It's super effective!</small><br></div><div class="battle-history"><small>(Flying Dutchman lost 88% of its health!)</small><br></div><div class="spacer battle-history"><br></div><div class="battle-history">Flying Dutchman fainted!<br></div><div class="battle-history"><small>The heavy rain has lifted!</small><br></div><div class="spacer battle-history"><br></div><div class="battle-history">Go! Kiba (<strong>Kyurem</strong>)!<br></div><div class="battle-history"><small>Pointed stones dug into Kiba!</small><br></div><div class="battle-history">[Kiba's Pressure]<br><small>Kiba is exerting its pressure!</small><br></div><div class="spacer battle-history"><br></div><h2 class="battle-history">Turn 25</h2><div class="spacer battle-history"><br></div><div class="battle-history">exploziff withdrew Dugtrio!<br></div><div class="battle-history">exploziff sent out <strong>Heatran</strong>!<br></div><div class="spacer battle-history"><br></div><div class="battle-history">Kiba used <strong>Ice Beam</strong>!<br></div><div class="battle-history"><small>It's not very effective...</small><br></div><div class="battle-history"><small>(The opposing Heatran lost 14% of its health!)</small><br></div><div class="spacer battle-history"><br></div><h2 class="battle-history">Turn 26</h2><div class="spacer battle-history"><br></div><div class="battle-history">Kiba, come back!<br></div><div class="battle-history">Go! Bandana (<strong>Toxapex</strong>)!<br></div><div class="battle-history"><small>Pointed stones dug into Bandana!</small><br></div><div class="spacer battle-history"><br></div><div class="battle-history">The opposing Heatran used <strong>Earth Power</strong>!<br></div><div class="battle-history"><small>It's super effective!</small><br></div><div class="battle-history"><small>(Bandana lost 51% of its health!)</small><br></div><div class="spacer battle-history"><br></div><h2 class="battle-history">Turn 27</h2><div class="spacer battle-history"><br></div><div class="battle-history">The opposing Heatran used <strong>Earth Power</strong>!<br></div><div class="battle-history"><small>It's super effective!</small><br></div><div class="battle-history"><small>(Bandana lost 37% of its health!)</small><br></div><div class="spacer battle-history"><br></div><div class="battle-history">Bandana fainted!<br></div><div class="spacer battle-history"><br></div><div class="battle-history">Go! Kiba (<strong>Kyurem</strong>)!<br></div><div class="battle-history"><small>Pointed stones dug into Kiba!</small><br></div><div class="battle-history">[Kiba's Pressure]<br><small>Kiba is exerting its pressure!</small><br></div><div class="spacer battle-history"><br></div><h2 class="battle-history">Turn 28</h2><div class="spacer battle-history"><br></div><div class="battle-history">Kiba used <strong>Freeze-Dry</strong>!<br></div><div class="battle-history"><small>It's not very effective...</small><br></div><div class="battle-history"><small>(The opposing Heatran lost 12% of its health!)</small><br></div><div class="spacer battle-history"><br></div><div class="battle-history">The opposing Heatran used <strong>Magma Storm</strong>!<br></div><div class="battle-history"><small>(Kiba lost 43% of its health!)</small><br></div><div class="battle-history"><small>Kiba became trapped by swirling magma!</small><br></div><div class="spacer battle-history"><br></div><div class="battle-history"><small>Kiba is hurt by Magma Storm!</small><br></div><div class="spacer battle-history"><br></div><div class="battle-history">Kiba fainted!<br></div><div class="spacer battle-history"><br></div><div class="battle-history"><strong>exploziff</strong> won the battle!<br></div><div class="chat chatmessage-bandanasupremacy"><strong style="color:#258594"><small>☆</small><span class="username" data-name="Bandana Supremacy">Bandana Supremacy</span>:</strong> <em>g</em></div><div class="chat chatmessage-bandanasupremacy"><strong style="color:#258594"><small>☆</small><span class="username" data-name="Bandana Supremacy">Bandana Supremacy</span>:</strong> <em>g</em></div><div class="chat chatmessage-exploziff"><strong style="color:#70a52f"><small>☆</small><span class="username" data-name="exploziff">exploziff</span>:</strong> <em>gg</em></div><div class="chat chatmessage-wayofbandana"><strong style="color:#ae5b4b"><small> </small><span class="username" data-name="Way of Bandana">Way of Bandana</span>:</strong> <em>Gg</em></div><div class="chat chatmessage-bandanasupremacy"><strong style="color:#258594"><small>☆</small><span class="username" data-name="Bandana Supremacy">Bandana Supremacy</span>:</strong> <em>welp</em></div><div class="chat chatmessage-bandanasupremacy"><strong style="color:#258594"><small>☆</small><span class="username" data-name="Bandana Supremacy">Bandana Supremacy</span>:</strong> <em>neither of us</em></div><div class="chat chatmessage-bandanasupremacy"><strong style="color:#258594"><small>☆</small><span class="username" data-name="Bandana Supremacy">Bandana Supremacy</span>:</strong> <em>will win</em></div><div class="chat chatmessage-bandanasupremacy"><strong style="color:#258594"><small>☆</small><span class="username" data-name="Bandana Supremacy">Bandana Supremacy</span>:</strong> <em>I'm rooting for exploziff though</em></div><div class="chat chatmessage-exploziff"><strong style="color:#70a52f"><small>☆</small><span class="username" data-name="exploziff">exploziff</span>:</strong> <em>Thanks :)</em></div><div class="chat chatmessage-bandanasupremacy"><strong style="color:#258594"><small>☆</small><span class="username" data-name="Bandana Supremacy">Bandana Supremacy</span>:</strong> <em>Every battle has been pretty much a clean sweep though</em></div><div class="chat chatmessage-wayofbandana"><strong style="color:#ae5b4b"><small> </small><span class="username" data-name="Way of Bandana">Way of Bandana</span>:</strong> <em>I haven't seen bit, but I like French so</em></div><div class="chat chatmessage-bandanasupremacy"><strong style="color:#258594"><small>☆</small><span class="username" data-name="Bandana Supremacy">Bandana Supremacy</span>:</strong> <em>5-0 or 4-0, and mine would've been a 6-0, but yeah I misclicked. </em></div><div class="chat chatmessage-exploziff"><strong style="color:#70a52f"><small>☆</small><span class="username" data-name="exploziff">exploziff</span>:</strong> <em>I see people playing stall on the other side</em></div><div class="chat chatmessage-exploziff"><strong style="color:#70a52f"><small>☆</small><span class="username" data-name="exploziff">exploziff</span>:</strong> <em>i'm afraid ._.</em></div><div class="chat chatmessage-exploziff"><strong style="color:#70a52f"><small>☆</small><span class="username" data-name="exploziff">exploziff</span>:</strong> <em>Stall is like my kryptonite</em></div><div class="chat chatmessage-bandanasupremacy"><strong style="color:#258594"><small>☆</small><span class="username" data-name="Bandana Supremacy">Bandana Supremacy</span>:</strong> <em>I mean, we could give you that scizor team, its great against stall</em></div><div class="chat chatmessage-bandanasupremacy"><strong style="color:#258594"><small>☆</small><span class="username" data-name="Bandana Supremacy">Bandana Supremacy</span>:</strong> <em>because of its just longevity</em></div><div class="chat chatmessage-bandanasupremacy"><strong style="color:#258594"><small>☆</small><span class="username" data-name="Bandana Supremacy">Bandana Supremacy</span>:</strong> <em>it just stays on so long</em></div><div class="chat chatmessage-wayofbandana"><strong style="color:#ae5b4b"><small> </small><span class="username" data-name="Way of Bandana">Way of Bandana</span>:</strong> <em>Ah, yes  the two are famous for that bit and hematemesis</em></div><div class="chat chatmessage-exploziff"><strong style="color:#70a52f"><small>☆</small><span class="username" data-name="exploziff">exploziff</span>:</strong> <em>well that heatran should do well</em></div><div class="chat chatmessage-exploziff"><strong style="color:#70a52f"><small>☆</small><span class="username" data-name="exploziff">exploziff</span>:</strong> <em>it pack taunt</em></div><div class="chat chatmessage-bandanasupremacy"><strong style="color:#258594"><small>☆</small><span class="username" data-name="Bandana Supremacy">Bandana Supremacy</span>:</strong> <em>Yeah, stallbreaker </em></div><div class="chat chatmessage-exploziff"><strong style="color:#70a52f"><small>☆</small><span class="username" data-name="exploziff">exploziff</span>:</strong> <em>though if mon have all acces to p-shot that might be complex</em></div><div class="chat chatmessage-bandanasupremacy"><strong style="color:#258594"><small>☆</small><span class="username" data-name="Bandana Supremacy">Bandana Supremacy</span>:</strong> <em>Yeah, that will be an issue</em></div><div class="chat chatmessage-wayofbandana"><strong style="color:#ae5b4b"><small> </small><span class="username" data-name="Way of Bandana">Way of Bandana</span>:</strong> <em>So long as you play carefully which you do, nothing will stop you</em></div><div class="chat chatmessage-bandanasupremacy"><strong style="color:#258594"><small>☆</small><span class="username" data-name="Bandana Supremacy">Bandana Supremacy</span>:</strong> <em>your dug has stone edge right?</em></div><div class="chat chatmessage-wayofbandana"><strong style="color:#ae5b4b"><small> </small><span class="username" data-name="Way of Bandana">Way of Bandana</span>:</strong> <em>Also, I don't like seeing stall match up</em></div><div class="chat chatmessage-exploziff"><strong style="color:#70a52f"><small>☆</small><span class="username" data-name="exploziff">exploziff</span>:</strong> <em>y</em></div><div class="chat chatmessage-bandanasupremacy"><strong style="color:#258594"><small>☆</small><span class="username" data-name="Bandana Supremacy">Bandana Supremacy</span>:</strong> <em>okay, yeah that volc is a massive threat</em></div><div class="chat chatmessage-exploziff"><strong style="color:#70a52f"><small>☆</small><span class="username" data-name="exploziff">exploziff</span>:</strong> <em>dug is screech z hh se sucker</em></div><div class="chat chatmessage-bandanasupremacy"><strong style="color:#258594"><small>☆</small><span class="username" data-name="Bandana Supremacy">Bandana Supremacy</span>:</strong> <em>he beat both me and pupugugu back to back with it </em></div><div class="chat chatmessage-wayofbandana"><strong style="color:#ae5b4b"><small> </small><span class="username" data-name="Way of Bandana">Way of Bandana</span>:</strong> <em>Use murder spider, ultimate stall killer</em></div><div class="chat chatmessage-exploziff"><strong style="color:#70a52f"><small>☆</small><span class="username" data-name="exploziff">exploziff</span>:</strong> <em>and that tran is shed shell not to get trap</em></div><div class="chat chatmessage-bandanasupremacy"><strong style="color:#258594"><small>☆</small><span class="username" data-name="Bandana Supremacy">Bandana Supremacy</span>:</strong> <em>Yeah, thats sick</em></div><div class="chat chatmessage-exploziff"><strong style="color:#70a52f"><small>☆</small><span class="username" data-name="exploziff">exploziff</span>:</strong> <em>will see how that team fare</em></div><div class="chat chatmessage-wayofbandana"><strong style="color:#ae5b4b"><small> </small><span class="username" data-name="Way of Bandana">Way of Bandana</span>:</strong> <em>Wish you luck :D</em></div><div class="chat chatmessage-bandanasupremacy"><strong style="color:#258594"><small>☆</small><span class="username" data-name="Bandana Supremacy">Bandana Supremacy</span>:</strong> <em>Yes wish you luck exploziff :)</em></div><div class="chat chatmessage-exploziff"><strong style="color:#70a52f"><small>☆</small><span class="username" data-name="exploziff">exploziff</span>:</strong> <em>ty ^^</em></div><div class="chat chatmessage-wayofbandana"><strong style="color:#ae5b4b"><small> </small><span class="username" data-name="Way of Bandana">Way of Bandana</span>:</strong> <em>Oh, looks like Bolivia is catching up to his skills</em></div><div class="chat"><small>☆exploziff and  Way of Bandana left</small></div></div><div class="inner-preempt message-log"></div></div></div>
</div>
<script>
let daily = Math.floor(Date.now()/1000/60/60/24);document.write('<script src="https://dragonheaven.herokuapp.com/js/replay-embed.js?version'+daily+'"></'+'script>');
</script>
