<!DOCTYPE html>
<meta charset="utf-8" />
<!-- version 1 -->
<title>[Gen 8] Megas for All replay: aausma vs. Mossy Sandwich</title>
<style>
html,body {font-family:Verdana, sans-serif;font-size:10pt;margin:0;padding:0;}body{padding:12px 0;} .battle-log {font-family:Verdana, sans-serif;font-size:10pt;} .battle-log-inline {border:1px solid #AAAAAA;background:#EEF2F5;color:black;max-width:640px;margin:0 auto 80px;padding-bottom:5px;} .battle-log .inner {padding:4px 8px 0px 8px;} .battle-log .inner-preempt {padding:0 8px 4px 8px;} .battle-log .inner-after {margin-top:0.5em;} .battle-log h2 {margin:0.5em -8px;padding:4px 8px;border:1px solid #AAAAAA;background:#E0E7EA;border-left:0;border-right:0;font-family:Verdana, sans-serif;font-size:13pt;} .battle-log .chat {vertical-align:middle;padding:3px 0 3px 0;font-size:8pt;} .battle-log .chat strong {color:#40576A;} .battle-log .chat em {padding:1px 4px 1px 3px;color:#000000;font-style:normal;} .chat.mine {background:rgba(0,0,0,0.05);margin-left:-8px;margin-right:-8px;padding-left:8px;padding-right:8px;} .spoiler {color:#BBBBBB;background:#BBBBBB;padding:0px 3px;} .spoiler:hover, .spoiler:active, .spoiler-shown {color:#000000;background:#E2E2E2;padding:0px 3px;} .spoiler a {color:#BBBBBB;} .spoiler:hover a, .spoiler:active a, .spoiler-shown a {color:#2288CC;} .chat code, .chat .spoiler:hover code, .chat .spoiler:active code, .chat .spoiler-shown code {border:1px solid #C0C0C0;background:#EEEEEE;color:black;padding:0 2px;} .chat .spoiler code {border:1px solid #CCCCCC;background:#CCCCCC;color:#CCCCCC;} .battle-log .rated {padding:3px 4px;} .battle-log .rated strong {color:white;background:#89A;padding:1px 4px;border-radius:4px;} .spacer {margin-top:0.5em;} .message-announce {background:#6688AA;color:white;padding:1px 4px 2px;} .message-announce a, .broadcast-green a, .broadcast-blue a, .broadcast-red a {color:#DDEEFF;} .broadcast-green {background-color:#559955;color:white;padding:2px 4px;} .broadcast-blue {background-color:#6688AA;color:white;padding:2px 4px;} .infobox {border:1px solid #6688AA;padding:2px 4px;} .infobox-limited {max-height:200px;overflow:auto;overflow-x:hidden;} .broadcast-red {background-color:#AA5544;color:white;padding:2px 4px;} .message-learn-canlearn {font-weight:bold;color:#228822;text-decoration:underline;} .message-learn-cannotlearn {font-weight:bold;color:#CC2222;text-decoration:underline;} .message-effect-weak {font-weight:bold;color:#CC2222;} .message-effect-resist {font-weight:bold;color:#6688AA;} .message-effect-immune {font-weight:bold;color:#666666;} .message-learn-list {margin-top:0;margin-bottom:0;} .message-throttle-notice, .message-error {color:#992222;} .message-overflow, .chat small.message-overflow {font-size:0pt;} .message-overflow::before {font-size:9pt;content:'...';} .subtle {color:#3A4A66;}
</style>
<div class="wrapper replay-wrapper" style="max-width:1180px;margin:0 auto">
<input type="hidden" name="replayid" value="dragonheaven-gen8megasforall-306" />
<div class="battle"></div><div class="battle-log"></div><div class="replay-controls"></div><div class="replay-controls-2"></div>
<h1 style="font-weight:normal;text-align:center"><strong>[Gen 8] Megas for All</strong><br /><a href="http://pokemonshowdown.com/users/aausma" class="subtle" target="_blank">aausma</a> vs. <a href="http://pokemonshowdown.com/users/mossysandwich" class="subtle" target="_blank">Mossy Sandwich</a></h1>
<script type="text/plain" class="battle-log-data">|j|☆aausma
|j|☆Mossy Sandwich
|t:|1609882270
|player|p1|aausma|265|
|player|p2|Mossy Sandwich|266|
|teamsize|p1|6
|teamsize|p2|6
|gametype|singles
|gen|8
|tier|[Gen 8] Megas for All
|clearpoke
|poke|p1|Flygon, F|
|poke|p1|Toxtricity, M|
|poke|p1|Rillaboom, F|
|poke|p1|Corviknight, M|
|poke|p1|Excadrill, M|
|poke|p1|Tyranitar, F|
|poke|p2|Dragonite, F|
|poke|p2|Tapu Fini|
|poke|p2|Blissey, F|
|poke|p2|Gliscor, F|
|poke|p2|Tapu Lele|
|poke|p2|Spectrier|
|rule|HP Percentage Mod: HP is shown in percentages
|rule|Endless Battle Clause: Forcing endless battles is banned
|rule|OHKO Clause: OHKO moves are banned
|rule|Evasion Moves Clause: Evasion moves are banned
|rule|Species Clause: Limit one of each Pokémon
|rule|Dynamax Clause: You cannot dynamax
|rule|Sleep Clause Mod: Limit one foe put to sleep
|rule|Freeze Clause Mod: Limit one foe frozen
|teampreview
|c|☆Mossy Sandwich|gl hf!
|c|☆aausma|stop outplaying me this is not poggers
|c|☆Mossy Sandwich|lmao
|
|t:|1609882295
|start
|switch|p1a: flygonmega|Flygon, F|100\/100
|switch|p2a: Gliscor|Gliscor, F|100\/100
|turn|1
|j| zxgzxg
|
|t:|1609882306
|switch|p2a: Blissey|Blissey, F|100\/100
|detailschange|p1a: flygonmega|Flygon-Mega, F
|-mega|p1a: flygonmega|Flygon|Flygonite
|-ability|p1a: flygonmega|Desert Gales
|-weather|Desert Gales|[silent]
|-message|Desert gales kicked up!
|-message|Normal-type moves will become Ground-type.
|-message|Rock-, Ground- and Steel-type moves will also have their power increased.
|-message|Other weather-related moves and Abilities will behave as they do in sandstorm.
|-start|p1a: flygonmega|typechange|Ground\/Dragon|[silent]
|raw|<ul class="utilichart"><li class="result"><span class="col pokemonnamecol" style="white-space: nowrap">Flygon-Mega<\/span> <span class="col typecol"><img src="https:\/\/play.pokemonshowdown.com\/sprites\/types\/Ground.png" alt="Ground" height="14" width="32"><img src="https:\/\/play.pokemonshowdown.com\/sprites\/types\/Dragon.png" alt="Dragon" height="14" width="32"><\/span> <span style="float: left ; min-height: 26px"><span class="col abilitycol">Desert Gales<\/span><span class="col abilitycol"><\/span><\/span><span style="float: left ; min-height: 26px"><span class="col statcol"><em>HP<\/em><br>80<\/span> <span class="col statcol"><em>Atk<\/em><br>130<\/span> <span class="col statcol"><em>Def<\/em><br>95<\/span> <span class="col statcol"><em>SpA<\/em><br>105<\/span> <span class="col statcol"><em>SpD<\/em><br>105<\/span> <span class="col statcol"><em>Spe<\/em><br>105<\/span> <\/span><\/li><li style="clear: both"><\/li><\/ul>
|move|p1a: flygonmega|Draco Meteor|p2a: Blissey
|-damage|p2a: Blissey|77\/100
|-unboost|p1a: flygonmega|spa|2
|
|-weather|Desert Gales|[upkeep]
|-message|The desert gales are raging!
|upkeep
|turn|2
|
|t:|1609882310
|move|p1a: flygonmega|U-turn|p2a: Blissey
|-damage|p2a: Blissey|60\/100
|
|t:|1609882313
|switch|p1a: Corviknight|Corviknight, M|100\/100|[from]move: U-turn
|-ability|p1a: Corviknight|Pressure
|move|p2a: Blissey|Teleport|p2a: Blissey
|
|t:|1609882318
|switch|p2a: Gliscor|Gliscor, F|100\/100|[from]move: Teleport
|
|-status|p2a: Gliscor|tox|[from] item: Toxic Orb
|-weather|Desert Gales|[upkeep]
|-message|The desert gales are raging!
|upkeep
|turn|3
|
|t:|1609882321
|move|p2a: Gliscor|Stealth Rock|p1a: Corviknight
|-sidestart|p1: aausma|move: Stealth Rock
|move|p1a: Corviknight|U-turn|p2a: Gliscor
|-resisted|p2a: Gliscor
|-damage|p2a: Gliscor|95\/100 tox
|
|t:|1609882328
|switch|p1a: Rillaboom|Rillaboom, F|100\/100|[from]move: U-turn
|-damage|p1a: Rillaboom|88\/100|[from] Stealth Rock
|-fieldstart|move: Grassy Terrain|[from] ability: Grassy Surge|[of] p1a: Rillaboom
|
|-heal|p1a: Rillaboom|94\/100|[from] Grassy Terrain
|-heal|p2a: Gliscor|100\/100 tox|[from] ability: Poison Heal
|-weather|Desert Gales|[upkeep]
|-message|The desert gales are raging!
|upkeep
|turn|4
|
|t:|1609882336
|move|p2a: Gliscor|U-turn|p1a: Rillaboom
|-supereffective|p1a: Rillaboom
|-damage|p1a: Rillaboom|59\/100
|
|t:|1609882340
|switch|p2a: Dragonite|Dragonite, F|100\/100|[from]move: U-turn
|move|p1a: Rillaboom|Wood Hammer|p2a: Dragonite
|-resisted|p2a: Dragonite
|-damage|p2a: Dragonite|86\/100
|-damage|p1a: Rillaboom|54\/100|[from] Recoil
|
|-heal|p1a: Rillaboom|60\/100|[from] Grassy Terrain
|-weather|Desert Gales|[upkeep]
|-message|The desert gales are raging!
|upkeep
|turn|5
|j| inkbug1

|
|t:|1609882347
|switch|p1a: Tyranitar|Tyranitar, F|100\/100
|-damage|p1a: Tyranitar|88\/100|[from] Stealth Rock
|-weather|Sandstorm|[from] ability: Sand Stream|[of] p1a: Tyranitar
|move|p2a: Dragonite|Dragon Dance|p2a: Dragonite
|-boost|p2a: Dragonite|atk|1
|-boost|p2a: Dragonite|spe|1
|
|-weather|Sandstorm|[upkeep]
|-damage|p2a: Dragonite|79\/100|[from] Sandstorm
|-heal|p1a: Tyranitar|94\/100|[from] item: Leftovers
|-heal|p1a: Tyranitar|100\/100|[from] Grassy Terrain
|upkeep
|turn|6
|j|&scoopapa
|
|t:|1609882355
|detailschange|p2a: Dragonite|Dragonite-Mega, F
|-mega|p2a: Dragonite|Dragonite|Draconite
|-start|p2a: Dragonite|typechange|Dragon\/Flying|[silent]
|raw|<ul class="utilichart"><li class="result"><span class="col pokemonnamecol" style="white-space: nowrap">Dragonite-Mega<\/span> <span class="col typecol"><img src="https:\/\/play.pokemonshowdown.com\/sprites\/types\/Dragon.png" alt="Dragon" height="14" width="32"><img src="https:\/\/play.pokemonshowdown.com\/sprites\/types\/Flying.png" alt="Flying" height="14" width="32"><\/span> <span style="float: left ; min-height: 26px"><span class="col abilitycol">Tough Claws<\/span><span class="col abilitycol"><\/span><\/span><span style="float: left ; min-height: 26px"><span class="col statcol"><em>HP<\/em><br>91<\/span> <span class="col statcol"><em>Atk<\/em><br>164<\/span> <span class="col statcol"><em>Def<\/em><br>110<\/span> <span class="col statcol"><em>SpA<\/em><br>122<\/span> <span class="col statcol"><em>SpD<\/em><br>122<\/span> <span class="col statcol"><em>Spe<\/em><br>91<\/span> <\/span><\/li><li style="clear: both"><\/li><\/ul>
|move|p2a: Dragonite|Earthquake|p1a: Tyranitar
|-supereffective|p1a: Tyranitar
|-damage|p1a: Tyranitar|55\/100
|move|p1a: Tyranitar|Thunder Wave|p2a: Dragonite
|-status|p2a: Dragonite|par
|
|-weather|Sandstorm|[upkeep]
|-damage|p2a: Dragonite|73\/100 par|[from] Sandstorm
|-heal|p1a: Tyranitar|61\/100|[from] item: Leftovers
|-heal|p1a: Tyranitar|67\/100|[from] Grassy Terrain
|upkeep
|turn|7
|
|t:|1609882368
|switch|p1a: Corviknight|Corviknight, M|100\/100
|-damage|p1a: Corviknight|88\/100|[from] Stealth Rock
|-ability|p1a: Corviknight|Pressure
|cant|p2a: Dragonite|par
|
|-weather|Sandstorm|[upkeep]
|-damage|p2a: Dragonite|67\/100 par|[from] Sandstorm
|-fieldend|move: Grassy Terrain
|upkeep
|turn|8
|
|t:|1609882372
|move|p2a: Dragonite|Roost|p2a: Dragonite
|-heal|p2a: Dragonite|100\/100 par
|-singleturn|p2a: Dragonite|move: Roost
|move|p1a: Corviknight|U-turn|p2a: Dragonite
|-damage|p2a: Dragonite|88\/100 par
|j| pokisokis
|
|t:|1609882379
|switch|p1a: flygonmega|Flygon-Mega, F|100\/100|[from]move: U-turn
|-damage|p1a: flygonmega|95\/100|[from] Stealth Rock
|-start|p1a: flygonmega|typechange|Ground\/Dragon|[silent]
|-ability|p1a: flygonmega|Desert Gales
|-weather|Desert Gales|[silent]
|-message|Desert gales kicked up!
|-message|Normal-type moves will become Ground-type.
|-message|Rock-, Ground- and Steel-type moves will also have their power increased.
|-message|Other weather-related moves and Abilities will behave as they do in sandstorm.
|
|-weather|Desert Gales|[upkeep]
|-message|The desert gales are raging!
|upkeep
|turn|9
|
|t:|1609882386
|switch|p2a: Blissey|Blissey, F|60\/100
|move|p1a: flygonmega|Draco Meteor|p2a: Blissey
|-damage|p2a: Blissey|41\/100
|-unboost|p1a: flygonmega|spa|2
|
|-weather|Desert Gales|[upkeep]
|-message|The desert gales are raging!
|upkeep
|turn|10
|
|t:|1609882390
|move|p1a: flygonmega|U-turn|p2a: Blissey
|-damage|p2a: Blissey|26\/100
|
|t:|1609882393
|switch|p1a: Excadrill|Excadrill, M|100\/100|[from]move: U-turn
|-damage|p1a: Excadrill|97\/100|[from] Stealth Rock
|-message|Soft-Boiled became Ground-type in the desert gales!
|move|p2a: Blissey|Soft-Boiled|p2a: Blissey
|-heal|p2a: Blissey|76\/100
|
|-heal|p1a: Excadrill|100\/100|[from] item: Leftovers
|-weather|Desert Gales|[upkeep]
|-message|The desert gales are raging!
|upkeep
|turn|11
|
|t:|1609882403
|switch|p2a: Gliscor|Gliscor, F|100\/100 tox
|-message|Swords Dance became Ground-type in the desert gales!
|move|p1a: Excadrill|Swords Dance|p1a: Excadrill
|-boost|p1a: Excadrill|atk|2
|
|-weather|Desert Gales|[upkeep]
|-message|The desert gales are raging!
|upkeep
|turn|12
|
|t:|1609882408
|move|p1a: Excadrill|Iron Head|p2a: Gliscor
|-message|Iron Head was powered up by the desert gales!
|-damage|p2a: Gliscor|10\/100 tox
|move|p2a: Gliscor|Earthquake|p1a: Excadrill
|-message|Earthquake was powered up by the desert gales!
|-supereffective|p1a: Excadrill
|-damage|p1a: Excadrill|0 fnt
|faint|p1a: Excadrill
|
|-heal|p2a: Gliscor|23\/100 tox|[from] ability: Poison Heal
|-weather|none|[silent]
|-message|The desert gales subsided!
|upkeep
|c|☆Mossy Sandwich|ow
|
|t:|1609882420
|switch|p1a: Toxtricity|Toxtricity, M|100\/100
|-damage|p1a: Toxtricity|88\/100|[from] Stealth Rock
|turn|13
|
|t:|1609882429
|move|p2a: Gliscor|Earthquake|p1a: Toxtricity
|-supereffective|p1a: Toxtricity
|-damage|p1a: Toxtricity|0 fnt
|faint|p1a: Toxtricity
|
|-heal|p2a: Gliscor|35\/100 tox|[from] ability: Poison Heal
|upkeep
|c|☆aausma|wait what
|
|t:|1609882437
|switch|p1a: Rillaboom|Rillaboom, F|60\/100
|-damage|p1a: Rillaboom|48\/100|[from] Stealth Rock
|-fieldstart|move: Grassy Terrain|[from] ability: Grassy Surge|[of] p1a: Rillaboom
|turn|14
|
|t:|1609882465
|switch|p2a: Dragonite|Dragonite-Mega, F|88\/100 par
|-start|p2a: Dragonite|typechange|Dragon\/Flying|[silent]
|move|p1a: Rillaboom|Grassy Glide|p2a: Dragonite
|-resisted|p2a: Dragonite
|-damage|p2a: Dragonite|72\/100 par
|
|-heal|p1a: Rillaboom|54\/100|[from] Grassy Terrain
|upkeep
|turn|15
|j| ViZarPKMN
|
|t:|1609882474
|switch|p1a: Corviknight|Corviknight, M|88\/100
|-damage|p1a: Corviknight|76\/100|[from] Stealth Rock
|-ability|p1a: Corviknight|Pressure
|switch|p2a: Gliscor|Gliscor, F|35\/100 tox
|
|-heal|p2a: Gliscor|48\/100 tox|[from] ability: Poison Heal
|upkeep
|turn|16
|
|t:|1609882482
|move|p2a: Gliscor|Roost|p2a: Gliscor
|-heal|p2a: Gliscor|98\/100 tox
|-singleturn|p2a: Gliscor|move: Roost
|move|p1a: Corviknight|U-turn|p2a: Gliscor
|-damage|p2a: Gliscor|86\/100 tox
|
|t:|1609882491
|switch|p1a: Rillaboom|Rillaboom, F|54\/100|[from]move: U-turn
|-damage|p1a: Rillaboom|42\/100|[from] Stealth Rock
|
|-heal|p2a: Gliscor|92\/100 tox|[from] Grassy Terrain
|-heal|p1a: Rillaboom|48\/100|[from] Grassy Terrain
|-heal|p2a: Gliscor|100\/100 tox|[from] ability: Poison Heal
|upkeep
|turn|17
|
|t:|1609882496
|move|p2a: Gliscor|U-turn|p1a: Rillaboom
|-supereffective|p1a: Rillaboom
|-damage|p1a: Rillaboom|13\/100
|c|☆aausma|I 
|
|t:|1609882501
|switch|p2a: Dragonite|Dragonite-Mega, F|72\/100 par|[from]move: U-turn
|-start|p2a: Dragonite|typechange|Dragon\/Flying|[silent]
|move|p1a: Rillaboom|Wood Hammer|p2a: Dragonite
|-resisted|p2a: Dragonite
|-damage|p2a: Dragonite|43\/100 par
|-damage|p1a: Rillaboom|3\/100|[from] Recoil
|
|-heal|p1a: Rillaboom|9\/100|[from] Grassy Terrain
|upkeep
|turn|18
|
|t:|1609882516
|switch|p1a: Corviknight|Corviknight, M|76\/100
|-damage|p1a: Corviknight|64\/100|[from] Stealth Rock
|-ability|p1a: Corviknight|Pressure
|move|p2a: Dragonite|Roost|p2a: Dragonite
|-heal|p2a: Dragonite|93\/100 par
|-singleturn|p2a: Dragonite|move: Roost
|
|-heal|p2a: Dragonite|99\/100 par|[from] Grassy Terrain
|-fieldend|move: Grassy Terrain
|upkeep
|turn|19
|
|t:|1609882524
|move|p1a: Corviknight|Defog|p2a: Dragonite
|-unboost|p2a: Dragonite|evasion|1
|-sideend|p1: aausma|Stealth Rock|[from] move: Defog|[of] p1a: Corviknight
|move|p2a: Dragonite|Dragon Dance|p2a: Dragonite
|-boost|p2a: Dragonite|atk|1
|-boost|p2a: Dragonite|spe|1
|
|upkeep
|turn|20
|c|☆aausma|i love when it says [Invalid choice] There's nothing to cnacel
|c|☆aausma|love it quite a bit
|
|t:|1609882536
|switch|p1a: flygonmega|Flygon-Mega, F|95\/100
|-start|p1a: flygonmega|typechange|Ground\/Dragon|[silent]
|-ability|p1a: flygonmega|Desert Gales
|-weather|Desert Gales|[silent]
|-message|Desert gales kicked up!
|-message|Normal-type moves will become Ground-type.
|-message|Rock-, Ground- and Steel-type moves will also have their power increased.
|-message|Other weather-related moves and Abilities will behave as they do in sandstorm.
|cant|p2a: Dragonite|par
|
|-weather|Desert Gales|[upkeep]
|-message|The desert gales are raging!
|upkeep
|turn|21
|
|t:|1609882545
|-message|Boomburst became Ground-type in the desert gales!
|move|p1a: flygonmega|Boomburst|p2a: Dragonite
|-immune|p2a: Dragonite
|cant|p2a: Dragonite|par
|
|-weather|Desert Gales|[upkeep]
|-message|The desert gales are raging!
|upkeep
|turn|22
|c|☆aausma|i
|
|t:|1609882553
|-message|Boomburst became Ground-type in the desert gales!
|move|p1a: flygonmega|Boomburst|p2a: Dragonite
|-immune|p2a: Dragonite
|cant|p2a: Dragonite|par
|
|-weather|Desert Gales|[upkeep]
|-message|The desert gales are raging!
|upkeep
|turn|23
|c| zxgzxg|Ausma no D:
|c|☆aausma|it's
|c|☆aausma|my
|c|☆aausma|only
|c|☆aausma|wincon
|c| ViZarPKMN|It's FLying type
|c|☆aausma|i 
|c|☆aausma|know
|
|t:|1609882578
|switch|p2a: Blissey|Blissey, F|76\/100
|move|p1a: flygonmega|Draco Meteor|p2a: Blissey
|-damage|p2a: Blissey|54\/100
|-unboost|p1a: flygonmega|spa|2
|
|-weather|Desert Gales|[upkeep]
|-message|The desert gales are raging!
|upkeep
|turn|24
|c|☆aausma|gg
|
|t:|1609882589
|move|p1a: flygonmega|U-turn|p2a: Blissey
|-damage|p2a: Blissey|39\/100
|
|t:|1609882591
|switch|p1a: Rillaboom|Rillaboom, F|9\/100|[from]move: U-turn
|-fieldstart|move: Grassy Terrain|[from] ability: Grassy Surge|[of] p1a: Rillaboom
|-message|Soft-Boiled became Ground-type in the desert gales!
|move|p2a: Blissey|Soft-Boiled|p2a: Blissey
|-heal|p2a: Blissey|89\/100
|
|-heal|p1a: Rillaboom|15\/100|[from] Grassy Terrain
|-heal|p2a: Blissey|95\/100|[from] Grassy Terrain
|-weather|none|[silent]
|-message|The desert gales subsided!
|upkeep
|turn|25
|
|t:|1609882596
|switch|p2a: Dragonite|Dragonite-Mega, F|99\/100 par
|-start|p2a: Dragonite|typechange|Dragon\/Flying|[silent]
|move|p1a: Rillaboom|U-turn|p2a: Dragonite
|-resisted|p2a: Dragonite
|-damage|p2a: Dragonite|83\/100 par
|
|t:|1609882598
|switch|p1a: flygonmega|Flygon-Mega, F|95\/100|[from]move: U-turn
|-start|p1a: flygonmega|typechange|Ground\/Dragon|[silent]
|-ability|p1a: flygonmega|Desert Gales
|-weather|Desert Gales|[silent]
|-message|Desert gales kicked up!
|-message|Normal-type moves will become Ground-type.
|-message|Rock-, Ground- and Steel-type moves will also have their power increased.
|-message|Other weather-related moves and Abilities will behave as they do in sandstorm.
|
|-heal|p1a: flygonmega|100\/100|[from] Grassy Terrain
|-weather|Desert Gales|[upkeep]
|-message|The desert gales are raging!
|upkeep
|turn|26
|
|t:|1609882624
|switch|p2a: Blissey|Blissey, F|95\/100
|-message|Boomburst became Ground-type in the desert gales!
|move|p1a: flygonmega|Boomburst|p2a: Blissey
|-message|Boomburst was powered up by the desert gales!
|-damage|p2a: Blissey|65\/100
|
|-heal|p2a: Blissey|72\/100|[from] Grassy Terrain
|-weather|Desert Gales|[upkeep]
|-message|The desert gales are raging!
|upkeep
|turn|27
|
|t:|1609882631
|move|p1a: flygonmega|U-turn|p2a: Blissey
|-crit|p2a: Blissey
|-damage|p2a: Blissey|46\/100
|
|t:|1609882633
|switch|p1a: Rillaboom|Rillaboom, F|15\/100|[from]move: U-turn
|move|p2a: Blissey|Teleport|p2a: Blissey
|
|t:|1609882638
|switch|p2a: Tapu Lele|Tapu Lele|100\/100|[from]move: Teleport
|-fieldstart|move: Psychic Terrain|[from] ability: Psychic Surge|[of] p2a: Tapu Lele
|
|-weather|Desert Gales|[upkeep]
|-message|The desert gales are raging!
|upkeep
|turn|28
|
|t:|1609882646
|switch|p1a: Tyranitar|Tyranitar, F|67\/100
|-weather|Sandstorm|[from] ability: Sand Stream|[of] p1a: Tyranitar
|move|p2a: Tapu Lele|Thunderbolt|p1a: Tyranitar
|-damage|p1a: Tyranitar|54\/100
|
|-weather|Sandstorm|[upkeep]
|-damage|p2a: Tapu Lele|94\/100|[from] Sandstorm
|-heal|p1a: Tyranitar|60\/100|[from] item: Leftovers
|upkeep
|turn|29
|
|t:|1609882661
|switch|p2a: Gliscor|Gliscor, F|100\/100 tox
|switch|p1a: Rillaboom|Rillaboom, F|15\/100
|-fieldstart|move: Grassy Terrain|[from] ability: Grassy Surge|[of] p1a: Rillaboom
|
|-weather|Sandstorm|[upkeep]
|-damage|p1a: Rillaboom|9\/100|[from] Sandstorm
|-heal|p1a: Rillaboom|15\/100|[from] Grassy Terrain
|upkeep
|turn|30
|
|t:|1609882671
|switch|p1a: Corviknight|Corviknight, M|64\/100
|-ability|p1a: Corviknight|Pressure
|move|p2a: Gliscor|U-turn|p1a: Corviknight
|-resisted|p1a: Corviknight
|-damage|p1a: Corviknight|61\/100
|
|t:|1609882681
|switch|p2a: Blissey|Blissey, F|46\/100|[from]move: U-turn
|
|-weather|Sandstorm|[upkeep]
|-damage|p2a: Blissey|40\/100|[from] Sandstorm
|-heal|p2a: Blissey|46\/100|[from] Grassy Terrain
|upkeep
|turn|31
|
|t:|1609882684
|move|p1a: Corviknight|Brave Bird|p2a: Blissey
|-damage|p2a: Blissey|16\/100
|-damage|p1a: Corviknight|44\/100|[from] Recoil
|move|p2a: Blissey|Soft-Boiled|p2a: Blissey
|-heal|p2a: Blissey|66\/100
|
|-weather|Sandstorm|[upkeep]
|-damage|p2a: Blissey|60\/100|[from] Sandstorm
|-heal|p2a: Blissey|66\/100|[from] Grassy Terrain
|upkeep
|turn|32
|l|☆aausma
|player|p1|
|j|☆aausma
|player|p1|aausma|265
|
|t:|1609882727
|move|p1a: Corviknight|Roost|p1a: Corviknight
|-heal|p1a: Corviknight|94\/100
|-singleturn|p1a: Corviknight|move: Roost
|move|p2a: Blissey|Soft-Boiled|p2a: Blissey
|-heal|p2a: Blissey|100\/100
|
|-weather|none
|-heal|p1a: Corviknight|99\/100|[from] Grassy Terrain
|upkeep
|turn|33
|
|t:|1609882734
|move|p1a: Corviknight|Brave Bird|p2a: Blissey
|-damage|p2a: Blissey|67\/100
|-damage|p1a: Corviknight|80\/100|[from] Recoil
|move|p2a: Blissey|Teleport|p2a: Blissey
|
|t:|1609882742
|switch|p2a: Dragonite|Dragonite-Mega, F|83\/100 par|[from]move: Teleport
|-start|p2a: Dragonite|typechange|Dragon\/Flying|[silent]
|
|-fieldend|move: Grassy Terrain
|upkeep
|turn|34
|
|t:|1609882745
|move|p1a: Corviknight|U-turn|p2a: Dragonite
|-resisted|p2a: Dragonite
|-damage|p2a: Dragonite|76\/100 par
|
|t:|1609882749
|switch|p1a: Tyranitar|Tyranitar, F|60\/100|[from]move: U-turn
|-weather|Sandstorm|[from] ability: Sand Stream|[of] p1a: Tyranitar
|move|p2a: Dragonite|Dual Wingbeat|p1a: Tyranitar
|-resisted|p1a: Tyranitar
|-damage|p1a: Tyranitar|49\/100
|-resisted|p1a: Tyranitar
|-damage|p1a: Tyranitar|36\/100
|-hitcount|p1a: Tyranitar|2
|
|-weather|Sandstorm|[upkeep]
|-damage|p2a: Dragonite|70\/100 par|[from] Sandstorm
|-heal|p1a: Tyranitar|42\/100|[from] item: Leftovers
|upkeep
|turn|35
|
|t:|1609882758
|switch|p1a: Corviknight|Corviknight, M|80\/100
|-ability|p1a: Corviknight|Pressure
|cant|p2a: Dragonite|par
|
|-weather|Sandstorm|[upkeep]
|-damage|p2a: Dragonite|64\/100 par|[from] Sandstorm
|upkeep
|turn|36
|
|t:|1609882764
|move|p1a: Corviknight|Brave Bird|p2a: Dragonite
|-damage|p2a: Dragonite|33\/100 par
|-damage|p1a: Corviknight|70\/100|[from] Recoil
|cant|p2a: Dragonite|par
|
|-weather|Sandstorm|[upkeep]
|-damage|p2a: Dragonite|26\/100 par|[from] Sandstorm
|upkeep
|turn|37
|
|t:|1609882770
|move|p1a: Corviknight|Brave Bird|p2a: Dragonite
|-damage|p2a: Dragonite|0 fnt
|-damage|p1a: Corviknight|62\/100|[from] Recoil
|faint|p2a: Dragonite
|
|-weather|Sandstorm|[upkeep]
|upkeep
|
|t:|1609882789
|switch|p2a: Blissey|Blissey, F|67\/100
|turn|38
|
|t:|1609882793
|move|p1a: Corviknight|Brave Bird|p2a: Blissey
|-damage|p2a: Blissey|36\/100
|-damage|p1a: Corviknight|44\/100|[from] Recoil
|move|p2a: Blissey|Soft-Boiled|p2a: Blissey
|-heal|p2a: Blissey|86\/100
|
|-weather|none
|upkeep
|turn|39
|
|t:|1609882798
|move|p1a: Corviknight|Roost|p1a: Corviknight
|-heal|p1a: Corviknight|94\/100
|-singleturn|p1a: Corviknight|move: Roost
|move|p2a: Blissey|Teleport|p2a: Blissey
|
|t:|1609882801
|switch|p2a: Spectrier|Spectrier|100\/100|[from]move: Teleport
|
|upkeep
|turn|40
|
|t:|1609882809
|switch|p2a: Gliscor|Gliscor, F|100\/100 tox
|move|p1a: Corviknight|Brave Bird|p2a: Gliscor
|-damage|p2a: Gliscor|72\/100 tox
|-damage|p1a: Corviknight|85\/100|[from] Recoil
|
|-heal|p2a: Gliscor|84\/100 tox|[from] ability: Poison Heal
|upkeep
|turn|41
|
|t:|1609882813
|move|p2a: Gliscor|Stealth Rock|p1a: Corviknight
|-sidestart|p1: aausma|move: Stealth Rock
|move|p1a: Corviknight|U-turn|p2a: Gliscor
|-resisted|p2a: Gliscor
|-damage|p2a: Gliscor|78\/100 tox
|
|t:|1609882818
|switch|p1a: Rillaboom|Rillaboom, F|15\/100|[from]move: U-turn
|-damage|p1a: Rillaboom|3\/100|[from] Stealth Rock
|-fieldstart|move: Grassy Terrain|[from] ability: Grassy Surge|[of] p1a: Rillaboom
|
|-heal|p1a: Rillaboom|9\/100|[from] Grassy Terrain
|-heal|p2a: Gliscor|91\/100 tox|[from] ability: Poison Heal
|upkeep
|turn|42
|
|t:|1609882825
|move|p2a: Gliscor|U-turn|p1a: Rillaboom
|-supereffective|p1a: Rillaboom
|-damage|p1a: Rillaboom|0 fnt
|faint|p1a: Rillaboom
|c|☆aausma|what even
|c|☆aausma|is your speed
|c|☆aausma|on this thing
|
|t:|1609882835
|switch|p2a: Tapu Fini|Tapu Fini|100\/100|[from]move: U-turn
|-fieldstart|move: Misty Terrain|[from] ability: Misty Surge|[of] p2a: Tapu Fini
|
|upkeep
|c|☆Mossy Sandwich|fast
|c|☆aausma|yeah 
|c|☆aausma|i know that much
|
|t:|1609882854
|switch|p1a: Tyranitar|Tyranitar, F|42\/100
|-damage|p1a: Tyranitar|30\/100|[from] Stealth Rock
|-weather|Sandstorm|[from] ability: Sand Stream|[of] p1a: Tyranitar
|turn|43
|c|☆Mossy Sandwich|I've trained a gliscor that has gone beyond the speed limit of 317
|
|t:|1609882870
|switch|p1a: Corviknight|Corviknight, M|85\/100
|-damage|p1a: Corviknight|73\/100|[from] Stealth Rock
|-ability|p1a: Corviknight|Pressure
|move|p2a: Tapu Fini|Moonblast|p1a: Corviknight
|-resisted|p1a: Corviknight
|-damage|p1a: Corviknight|58\/100
|
|-weather|Sandstorm|[upkeep]
|-damage|p2a: Tapu Fini|94\/100|[from] Sandstorm
|-heal|p2a: Tapu Fini|100\/100|[from] item: Leftovers
|upkeep
|turn|44
|
|t:|1609882875
|move|p2a: Tapu Fini|Taunt|p1a: Corviknight
|-start|p1a: Corviknight|move: Taunt
|cant|p1a: Corviknight|move: Taunt|Defog
|
|-weather|Sandstorm|[upkeep]
|-damage|p2a: Tapu Fini|94\/100|[from] Sandstorm
|-heal|p2a: Tapu Fini|100\/100|[from] item: Leftovers
|upkeep
|turn|45
|
|t:|1609882883
|move|p2a: Tapu Fini|Scald|p1a: Corviknight
|-damage|p1a: Corviknight|33\/100
|move|p1a: Corviknight|Brave Bird|p2a: Tapu Fini
|-damage|p2a: Tapu Fini|76\/100
|-damage|p1a: Corviknight|26\/100|[from] Recoil
|
|-weather|Sandstorm|[upkeep]
|-damage|p2a: Tapu Fini|70\/100|[from] Sandstorm
|-heal|p2a: Tapu Fini|76\/100|[from] item: Leftovers
|upkeep
|turn|46
|
|t:|1609882888
|move|p2a: Tapu Fini|Scald|p1a: Corviknight
|-damage|p1a: Corviknight|2\/100
|move|p1a: Corviknight|Brave Bird|p2a: Tapu Fini
|-damage|p2a: Tapu Fini|51\/100
|-damage|p1a: Corviknight|0 fnt|[from] Recoil
|faint|p1a: Corviknight
|
|-weather|Sandstorm|[upkeep]
|-damage|p2a: Tapu Fini|45\/100|[from] Sandstorm
|-heal|p2a: Tapu Fini|51\/100|[from] item: Leftovers
|-fieldend|Misty Terrain
|upkeep
|
|t:|1609882892
|switch|p1a: flygonmega|Flygon-Mega, F|100\/100
|-start|p1a: flygonmega|typechange|Ground\/Dragon|[silent]
|-damage|p1a: flygonmega|95\/100|[from] Stealth Rock
|-ability|p1a: flygonmega|Desert Gales
|-weather|Desert Gales|[silent]
|-message|Desert gales kicked up!
|-message|Normal-type moves will become Ground-type.
|-message|Rock-, Ground- and Steel-type moves will also have their power increased.
|-message|Other weather-related moves and Abilities will behave as they do in sandstorm.
|turn|47
|
|t:|1609882898
|-message|Boomburst became Ground-type in the desert gales!
|move|p1a: flygonmega|Boomburst|p2a: Tapu Fini
|-message|Boomburst was powered up by the desert gales!
|-damage|p2a: Tapu Fini|0 fnt
|faint|p2a: Tapu Fini
|
|-weather|Desert Gales|[upkeep]
|-message|The desert gales are raging!
|upkeep
|
|t:|1609882904
|switch|p2a: Blissey|Blissey, F|86\/100
|turn|48
|l|&scoopapa
|
|t:|1609882908
|-message|Boomburst became Ground-type in the desert gales!
|move|p1a: flygonmega|Boomburst|p2a: Blissey
|-message|Boomburst was powered up by the desert gales!
|-damage|p2a: Blissey|60\/100
|move|p2a: Blissey|Seismic Toss|p1a: flygonmega
|-damage|p1a: flygonmega|61\/100
|
|-weather|Desert Gales|[upkeep]
|-message|The desert gales are raging!
|upkeep
|turn|49
|
|t:|1609882917
|switch|p1a: Tyranitar|Tyranitar, F|30\/100
|-damage|p1a: Tyranitar|17\/100|[from] Stealth Rock
|-weather|Sandstorm|[from] ability: Sand Stream|[of] p1a: Tyranitar
|move|p2a: Blissey|Soft-Boiled|p2a: Blissey
|-heal|p2a: Blissey|100\/100
|
|-weather|Sandstorm|[upkeep]
|-damage|p2a: Blissey|94\/100|[from] Sandstorm
|-heal|p1a: Tyranitar|24\/100|[from] item: Leftovers
|upkeep
|turn|50
|
|t:|1609882921
|switch|p2a: Gliscor|Gliscor, F|91\/100 tox
|move|p1a: Tyranitar|Stone Edge|p2a: Gliscor
|-damage|p2a: Gliscor|58\/100 tox
|
|-weather|Sandstorm|[upkeep]
|-heal|p1a: Tyranitar|30\/100|[from] item: Leftovers
|-heal|p2a: Gliscor|71\/100 tox|[from] ability: Poison Heal
|upkeep
|turn|51
|
|t:|1609882927
|move|p2a: Gliscor|U-turn|p1a: Tyranitar
|-supereffective|p1a: Tyranitar
|-damage|p1a: Tyranitar|7\/100
|
|t:|1609882929
|switch|p2a: Blissey|Blissey, F|94\/100|[from]move: U-turn
|move|p1a: Tyranitar|Stealth Rock|p2a: Blissey
|-sidestart|p2: Mossy Sandwich|move: Stealth Rock
|
|-weather|Sandstorm|[upkeep]
|-damage|p2a: Blissey|88\/100|[from] Sandstorm
|-heal|p1a: Tyranitar|14\/100|[from] item: Leftovers
|upkeep
|turn|52
|
|t:|1609882938
|move|p1a: Tyranitar|Pursuit|p2a: Blissey
|-damage|p2a: Blissey|72\/100
|move|p2a: Blissey|Seismic Toss|p1a: Tyranitar
|-damage|p1a: Tyranitar|0 fnt
|faint|p1a: Tyranitar
|
|-weather|Sandstorm|[upkeep]
|-damage|p2a: Blissey|66\/100|[from] Sandstorm
|upkeep
|
|t:|1609882941
|switch|p1a: flygonmega|Flygon-Mega, F|61\/100
|-start|p1a: flygonmega|typechange|Ground\/Dragon|[silent]
|-damage|p1a: flygonmega|55\/100|[from] Stealth Rock
|-ability|p1a: flygonmega|Desert Gales
|-weather|Desert Gales|[silent]
|-message|Desert gales kicked up!
|-message|Normal-type moves will become Ground-type.
|-message|Rock-, Ground- and Steel-type moves will also have their power increased.
|-message|Other weather-related moves and Abilities will behave as they do in sandstorm.
|turn|53
|
|t:|1609882943
|-message|Boomburst became Ground-type in the desert gales!
|move|p1a: flygonmega|Boomburst|p2a: Blissey
|-message|Boomburst was powered up by the desert gales!
|-damage|p2a: Blissey|38\/100
|move|p2a: Blissey|Seismic Toss|p1a: flygonmega
|-damage|p1a: flygonmega|22\/100
|
|-weather|Desert Gales|[upkeep]
|-message|The desert gales are raging!
|upkeep
|turn|54
|
|t:|1609882947
|-message|Boomburst became Ground-type in the desert gales!
|move|p1a: flygonmega|Boomburst|p2a: Blissey
|-message|Boomburst was powered up by the desert gales!
|-damage|p2a: Blissey|8\/100
|move|p2a: Blissey|Seismic Toss|p1a: flygonmega
|-damage|p1a: flygonmega|0 fnt
|faint|p1a: flygonmega
|
|win|Mossy Sandwich
|c|☆Mossy Sandwich|gg
|c|☆aausma|gg
|l|☆aausma
|l|☆Mossy Sandwich
|j| abismal</script>
</div>
<div class="battle-log battle-log-inline"><div class="inner"><div class="battle-options"><div style="padding-top: 3px; padding-right: 3px; text-align: right"><button class="icon button" name="openBattleOptions" title="Options">Battle Options</button></div></div><div class="inner message-log"><div class="chat"><small>☆aausma and ☆Mossy Sandwich joined</small></div><div class=""><small>Format:</small> <br><strong>[Gen 8] Megas for All</strong></div><div class=""><small><em>HP Percentage Mod:</em> HP is shown in percentages</small></div><div class=""><small><em>Endless Battle Clause:</em> Forcing endless battles is banned</small></div><div class=""><small><em>OHKO Clause:</em> OHKO moves are banned</small></div><div class=""><small><em>Evasion Moves Clause:</em> Evasion moves are banned</small></div><div class=""><small><em>Species Clause:</em> Limit one of each Pokémon</small></div><div class=""><small><em>Dynamax Clause:</em> You cannot dynamax</small></div><div class=""><small><em>Sleep Clause Mod:</em> Limit one foe put to sleep</small></div><div class=""><small><em>Freeze Clause Mod:</em> Limit one foe frozen</small></div><div class="chat battle-history"><strong>aausma's team:</strong> <em style="color:#445566;display:block;">Flygon / Toxtricity / Rillaboom / Corviknight / Excadrill / Tyranitar</em></div><div class="chat battle-history"><strong>Mossy Sandwich's team:</strong> <em style="color:#445566;display:block;">Dragonite / Tapu Fini / Blissey / Gliscor / Tapu Lele / Spectrier</em></div><div class="chat chatmessage-mossysandwich"><strong style="color:#ba49a2"><small>☆</small><span class="username" data-name="Mossy Sandwich">Mossy Sandwich</span>:</strong> <em>gl hf!</em></div><div class="chat chatmessage-aausma"><strong style="color:#18a81f"><small>☆</small><span class="username" data-name="aausma">aausma</span>:</strong> <em>stop outplaying me this is not poggers</em></div><div class="chat chatmessage-mossysandwich"><strong style="color:#ba49a2"><small>☆</small><span class="username" data-name="Mossy Sandwich">Mossy Sandwich</span>:</strong> <em>lmao</em></div><div class="spacer battle-history"><br></div><div class="battle-history">Battle started between aausma and Mossy Sandwich!<br></div><div class="spacer battle-history"><br></div><div class="battle-history">Go! flygonmega (<strong>Flygon</strong>)!<br></div><div class="spacer battle-history"><br></div><div class="battle-history">Mossy Sandwich sent out <strong>Gliscor</strong>!<br></div><div class="spacer battle-history"><br></div><h2 class="battle-history">Turn 1</h2><div class="chat"><small> zxgzxg joined</small></div><div class="spacer battle-history"><br></div><div class="battle-history">Mossy Sandwich withdrew Gliscor!<br></div><div class="battle-history">Mossy Sandwich sent out <strong>Blissey</strong>!<br></div><div class="spacer battle-history"><br></div><div class="battle-history"><small>flygonmega's Flygonite is reacting to the Key Stone!</small><br>flygonmega has Mega Evolved into Mega Flygon!<br></div><div class="battle-history">[flygonmega's Desert Gales]<br></div><div class="battle-history"><small>Desert gales kicked up!</small><br></div><div class="battle-history"><small>Normal-type moves will become Ground-type.</small><br></div><div class="battle-history"><small>Rock-, Ground- and Steel-type moves will also have their power increased.</small><br></div><div class="battle-history"><small>Other weather-related moves and Abilities will behave as they do in sandstorm.</small><br></div><div class="chat"><ul class="utilichart"><li class="result"><span class="col pokemonnamecol" style="white-space: nowrap">Flygon-Mega</span> <span class="col typecol"><img src="https://play.pokemonshowdown.com/sprites/types/Ground.png" alt="Ground" height="14" width="32"><img src="https://play.pokemonshowdown.com/sprites/types/Dragon.png" alt="Dragon" height="14" width="32"></span> <span style="float: left ; min-height: 26px"><span class="col abilitycol">Desert Gales</span><span class="col abilitycol"></span></span><span style="float: left ; min-height: 26px"><span class="col statcol"><em>HP</em><br>80</span> <span class="col statcol"><em>Atk</em><br>130</span> <span class="col statcol"><em>Def</em><br>95</span> <span class="col statcol"><em>SpA</em><br>105</span> <span class="col statcol"><em>SpD</em><br>105</span> <span class="col statcol"><em>Spe</em><br>105</span> </span></li><li style="clear: both"></li></ul></div><div class="spacer battle-history"><br></div><div class="battle-history">flygonmega used <strong>Draco Meteor</strong>!<br></div><div class="battle-history"><small>(The opposing Blissey lost 23% of its health!)</small><br></div><div class="battle-history"><small>flygonmega's Sp. Atk fell harshly!</small><br></div><div class="spacer battle-history"><br></div><div class="battle-history"><small>The desert gales are raging!</small><br></div><div class="spacer battle-history"><br></div><h2 class="battle-history">Turn 2</h2><div class="spacer battle-history"><br></div><div class="battle-history">flygonmega used <strong>U-turn</strong>!<br></div><div class="battle-history"><small>(The opposing Blissey lost 17% of its health!)</small><br></div><div class="spacer battle-history"><br></div><div class="battle-history">flygonmega went back to aausma!<br></div><div class="battle-history">Go! <strong>Corviknight</strong>!<br></div><div class="battle-history">[Corviknight's Pressure]<br><small>Corviknight is exerting its pressure!</small><br></div><div class="spacer battle-history"><br></div><div class="battle-history">The opposing Blissey used <strong>Teleport</strong>!<br></div><div class="spacer battle-history"><br></div><div class="battle-history">Mossy Sandwich withdrew Blissey!<br></div><div class="battle-history">Mossy Sandwich sent out <strong>Gliscor</strong>!<br></div><div class="spacer battle-history"><br></div><div class="battle-history"><small>The opposing Gliscor was badly poisoned!</small><br></div><div class="battle-history"><small>The desert gales are raging!</small><br></div><div class="spacer battle-history"><br></div><h2 class="battle-history">Turn 3</h2><div class="spacer battle-history"><br></div><div class="battle-history">The opposing Gliscor used <strong>Stealth Rock</strong>!<br></div><div class="battle-history"><small>Pointed stones float in the air around your team!</small><br></div><div class="spacer battle-history"><br></div><div class="battle-history">Corviknight used <strong>U-turn</strong>!<br></div><div class="battle-history"><small>It's not very effective...</small><br></div><div class="battle-history"><small>(The opposing Gliscor lost 5% of its health!)</small><br></div><div class="spacer battle-history"><br></div><div class="battle-history">Corviknight went back to aausma!<br></div><div class="battle-history">Go! <strong>Rillaboom</strong>!<br></div><div class="battle-history"><small>Pointed stones dug into Rillaboom!</small><br></div><div class="battle-history">[Rillaboom's Grassy Surge]<br><small>Grass grew to cover the battlefield!</small><br></div><div class="spacer battle-history"><br></div><div class="battle-history"><small>Rillaboom's HP was restored.</small><br></div><div class="battle-history">[The opposing Gliscor's Poison Heal]<br><small>The opposing Gliscor had its HP restored.</small><br></div><div class="battle-history"><small>The desert gales are raging!</small><br></div><div class="spacer battle-history"><br></div><h2 class="battle-history">Turn 4</h2><div class="spacer battle-history"><br></div><div class="battle-history">The opposing Gliscor used <strong>U-turn</strong>!<br></div><div class="battle-history"><small>It's super effective!</small><br></div><div class="battle-history"><small>(Rillaboom lost 35% of its health!)</small><br></div><div class="spacer battle-history"><br></div><div class="battle-history">The opposing Gliscor went back to Mossy Sandwich!<br></div><div class="battle-history">Mossy Sandwich sent out <strong>Dragonite</strong>!<br></div><div class="spacer battle-history"><br></div><div class="battle-history">Rillaboom used <strong>Wood Hammer</strong>!<br></div><div class="battle-history"><small>It's not very effective...</small><br></div><div class="battle-history"><small>(The opposing Dragonite lost 14% of its health!)</small><br></div><div class="battle-history"><small>Rillaboom was damaged by the recoil!</small><br></div><div class="spacer battle-history"><br></div><div class="battle-history"><small>Rillaboom's HP was restored.</small><br></div><div class="battle-history"><small>The desert gales are raging!</small><br></div><div class="spacer battle-history"><br></div><h2 class="battle-history">Turn 5</h2><div class="chat"><small> inkbug1 joined</small></div><div class="spacer battle-history"><br></div><div class="battle-history">Rillaboom, come back!<br></div><div class="battle-history">Go! <strong>Tyranitar</strong>!<br></div><div class="battle-history"><small>Pointed stones dug into Tyranitar!</small><br></div><div class="battle-history">[Tyranitar's Sand Stream]<br><small>A sandstorm kicked up!</small><br></div><div class="spacer battle-history"><br></div><div class="battle-history">The opposing Dragonite used <strong>Dragon Dance</strong>!<br></div><div class="battle-history"><small>The opposing Dragonite's Attack rose!</small><br></div><div class="battle-history"><small>The opposing Dragonite's Speed rose!</small><br></div><div class="spacer battle-history"><br></div><div class="battle-history"><small>(The sandstorm is raging.)</small><br></div><div class="battle-history"><small>The opposing Dragonite is buffeted by the sandstorm!</small><br></div><div class="battle-history"><small>Tyranitar restored a little HP using its Leftovers!</small><br></div><div class="battle-history"><small>Tyranitar's HP was restored.</small><br></div><div class="spacer battle-history"><br></div><h2 class="battle-history">Turn 6</h2><div class="chat"><small>&amp;scoopapa joined</small></div><div class="spacer battle-history"><br></div><div class="battle-history"><small>The opposing Dragonite's Draconite is reacting to the Key Stone!</small><br>The opposing Dragonite has Mega Evolved into Mega Dragonite!<br></div><div class="chat"><ul class="utilichart"><li class="result"><span class="col pokemonnamecol" style="white-space: nowrap">Dragonite-Mega</span> <span class="col typecol"><img src="https://play.pokemonshowdown.com/sprites/types/Dragon.png" alt="Dragon" height="14" width="32"><img src="https://play.pokemonshowdown.com/sprites/types/Flying.png" alt="Flying" height="14" width="32"></span> <span style="float: left ; min-height: 26px"><span class="col abilitycol">Tough Claws</span><span class="col abilitycol"></span></span><span style="float: left ; min-height: 26px"><span class="col statcol"><em>HP</em><br>91</span> <span class="col statcol"><em>Atk</em><br>164</span> <span class="col statcol"><em>Def</em><br>110</span> <span class="col statcol"><em>SpA</em><br>122</span> <span class="col statcol"><em>SpD</em><br>122</span> <span class="col statcol"><em>Spe</em><br>91</span> </span></li><li style="clear: both"></li></ul></div><div class="spacer battle-history"><br></div><div class="battle-history">The opposing Dragonite used <strong>Earthquake</strong>!<br></div><div class="battle-history"><small>It's super effective!</small><br></div><div class="battle-history"><small>(Tyranitar lost 45% of its health!)</small><br></div><div class="spacer battle-history"><br></div><div class="battle-history">Tyranitar used <strong>Thunder Wave</strong>!<br></div><div class="battle-history"><small>The opposing Dragonite is paralyzed! It may be unable to move!</small><br></div><div class="spacer battle-history"><br></div><div class="battle-history"><small>(The sandstorm is raging.)</small><br></div><div class="battle-history"><small>The opposing Dragonite is buffeted by the sandstorm!</small><br></div><div class="battle-history"><small>Tyranitar restored a little HP using its Leftovers!</small><br></div><div class="battle-history"><small>Tyranitar's HP was restored.</small><br></div><div class="spacer battle-history"><br></div><h2 class="battle-history">Turn 7</h2><div class="spacer battle-history"><br></div><div class="battle-history">Tyranitar, come back!<br></div><div class="battle-history">Go! <strong>Corviknight</strong>!<br></div><div class="battle-history"><small>Pointed stones dug into Corviknight!</small><br></div><div class="battle-history">[Corviknight's Pressure]<br><small>Corviknight is exerting its pressure!</small><br></div><div class="spacer battle-history"><br></div><div class="battle-history">The opposing Dragonite is paralyzed! It can't move!<br></div><div class="spacer battle-history"><br></div><div class="battle-history"><small>(The sandstorm is raging.)</small><br></div><div class="battle-history"><small>The opposing Dragonite is buffeted by the sandstorm!</small><br></div><div class="battle-history"><small>The grass disappeared from the battlefield.</small><br></div><div class="spacer battle-history"><br></div><h2 class="battle-history">Turn 8</h2><div class="spacer battle-history"><br></div><div class="battle-history">The opposing Dragonite used <strong>Roost</strong>!<br></div><div class="battle-history"><small>The opposing Dragonite had its HP restored.</small><br></div><div class="battle-history"><small>(The opposing Dragonite loses Flying type this turn.)</small><br></div><div class="spacer battle-history"><br></div><div class="battle-history">Corviknight used <strong>U-turn</strong>!<br></div><div class="battle-history"><small>(The opposing Dragonite lost 12% of its health!)</small><br></div><div class="chat"><small> pokisokis joined</small></div><div class="spacer battle-history"><br></div><div class="battle-history">Corviknight went back to aausma!<br></div><div class="battle-history">Go! flygonmega (<strong>Flygon-Mega</strong>)!<br></div><div class="battle-history"><small>Pointed stones dug into flygonmega!</small><br></div><div class="battle-history">[flygonmega's Desert Gales]<br></div><div class="battle-history"><small>Desert gales kicked up!</small><br></div><div class="battle-history"><small>Normal-type moves will become Ground-type.</small><br></div><div class="battle-history"><small>Rock-, Ground- and Steel-type moves will also have their power increased.</small><br></div><div class="battle-history"><small>Other weather-related moves and Abilities will behave as they do in sandstorm.</small><br></div><div class="spacer battle-history"><br></div><div class="battle-history"><small>The desert gales are raging!</small><br></div><div class="spacer battle-history"><br></div><h2 class="battle-history">Turn 9</h2><div class="spacer battle-history"><br></div><div class="battle-history">Mossy Sandwich withdrew Dragonite!<br></div><div class="battle-history">Mossy Sandwich sent out <strong>Blissey</strong>!<br></div><div class="spacer battle-history"><br></div><div class="battle-history">flygonmega used <strong>Draco Meteor</strong>!<br></div><div class="battle-history"><small>(The opposing Blissey lost 19% of its health!)</small><br></div><div class="battle-history"><small>flygonmega's Sp. Atk fell harshly!</small><br></div><div class="spacer battle-history"><br></div><div class="battle-history"><small>The desert gales are raging!</small><br></div><div class="spacer battle-history"><br></div><h2 class="battle-history">Turn 10</h2><div class="spacer battle-history"><br></div><div class="battle-history">flygonmega used <strong>U-turn</strong>!<br></div><div class="battle-history"><small>(The opposing Blissey lost 15% of its health!)</small><br></div><div class="spacer battle-history"><br></div><div class="battle-history">flygonmega went back to aausma!<br></div><div class="battle-history">Go! <strong>Excadrill</strong>!<br></div><div class="battle-history"><small>Pointed stones dug into Excadrill!</small><br></div><div class="battle-history"><small>Soft-Boiled became Ground-type in the desert gales!</small><br></div><div class="spacer battle-history"><br></div><div class="battle-history">The opposing Blissey used <strong>Soft-Boiled</strong>!<br></div><div class="battle-history"><small>The opposing Blissey had its HP restored.</small><br></div><div class="spacer battle-history"><br></div><div class="battle-history"><small>Excadrill restored a little HP using its Leftovers!</small><br></div><div class="battle-history"><small>The desert gales are raging!</small><br></div><div class="spacer battle-history"><br></div><h2 class="battle-history">Turn 11</h2><div class="spacer battle-history"><br></div><div class="battle-history">Mossy Sandwich withdrew Blissey!<br></div><div class="battle-history">Mossy Sandwich sent out <strong>Gliscor</strong>!<br></div><div class="battle-history"><small>Swords Dance became Ground-type in the desert gales!</small><br></div><div class="spacer battle-history"><br></div><div class="battle-history">Excadrill used <strong>Swords Dance</strong>!<br></div><div class="battle-history"><small>Excadrill's Attack rose sharply!</small><br></div><div class="spacer battle-history"><br></div><div class="battle-history"><small>The desert gales are raging!</small><br></div><div class="spacer battle-history"><br></div><h2 class="battle-history">Turn 12</h2><div class="spacer battle-history"><br></div><div class="battle-history">Excadrill used <strong>Iron Head</strong>!<br></div><div class="battle-history"><small>Iron Head was powered up by the desert gales!</small><br></div><div class="battle-history"><small>(The opposing Gliscor lost 90% of its health!)</small><br></div><div class="spacer battle-history"><br></div><div class="battle-history">The opposing Gliscor used <strong>Earthquake</strong>!<br></div><div class="battle-history"><small>Earthquake was powered up by the desert gales!</small><br></div><div class="battle-history"><small>It's super effective!</small><br></div><div class="battle-history"><small>(Excadrill lost 100% of its health!)</small><br></div><div class="spacer battle-history"><br></div><div class="battle-history">Excadrill fainted!<br></div><div class="spacer battle-history"><br></div><div class="battle-history">[The opposing Gliscor's Poison Heal]<br><small>The opposing Gliscor had its HP restored.</small><br></div><div class="battle-history"><small>The desert gales subsided!</small><br></div><div class="chat chatmessage-mossysandwich"><strong style="color:#ba49a2"><small>☆</small><span class="username" data-name="Mossy Sandwich">Mossy Sandwich</span>:</strong> <em>ow</em></div><div class="spacer battle-history"><br></div><div class="battle-history">Go! <strong>Toxtricity</strong>!<br></div><div class="battle-history"><small>Pointed stones dug into Toxtricity!</small><br></div><div class="spacer battle-history"><br></div><h2 class="battle-history">Turn 13</h2><div class="spacer battle-history"><br></div><div class="battle-history">The opposing Gliscor used <strong>Earthquake</strong>!<br></div><div class="battle-history"><small>It's super effective!</small><br></div><div class="battle-history"><small>(Toxtricity lost 88% of its health!)</small><br></div><div class="spacer battle-history"><br></div><div class="battle-history">Toxtricity fainted!<br></div><div class="spacer battle-history"><br></div><div class="battle-history">[The opposing Gliscor's Poison Heal]<br><small>The opposing Gliscor had its HP restored.</small><br></div><div class="chat chatmessage-aausma"><strong style="color:#18a81f"><small>☆</small><span class="username" data-name="aausma">aausma</span>:</strong> <em>wait what</em></div><div class="spacer battle-history"><br></div><div class="battle-history">Go! <strong>Rillaboom</strong>!<br></div><div class="battle-history"><small>Pointed stones dug into Rillaboom!</small><br></div><div class="battle-history">[Rillaboom's Grassy Surge]<br><small>Grass grew to cover the battlefield!</small><br></div><div class="spacer battle-history"><br></div><h2 class="battle-history">Turn 14</h2><div class="spacer battle-history"><br></div><div class="battle-history">Mossy Sandwich withdrew Gliscor!<br></div><div class="battle-history">Mossy Sandwich sent out Dragonite (<strong>Dragonite-Mega</strong>)!<br></div><div class="spacer battle-history"><br></div><div class="battle-history">Rillaboom used <strong>Grassy Glide</strong>!<br></div><div class="battle-history"><small>It's not very effective...</small><br></div><div class="battle-history"><small>(The opposing Dragonite lost 16% of its health!)</small><br></div><div class="spacer battle-history"><br></div><div class="battle-history"><small>Rillaboom's HP was restored.</small><br></div><div class="spacer battle-history"><br></div><h2 class="battle-history">Turn 15</h2><div class="chat"><small> ViZarPKMN joined</small></div><div class="spacer battle-history"><br></div><div class="battle-history">Rillaboom, come back!<br></div><div class="battle-history">Go! <strong>Corviknight</strong>!<br></div><div class="battle-history"><small>Pointed stones dug into Corviknight!</small><br></div><div class="battle-history">[Corviknight's Pressure]<br><small>Corviknight is exerting its pressure!</small><br></div><div class="spacer battle-history"><br></div><div class="battle-history">Mossy Sandwich withdrew Dragonite!<br></div><div class="battle-history">Mossy Sandwich sent out <strong>Gliscor</strong>!<br></div><div class="spacer battle-history"><br></div><div class="battle-history">[The opposing Gliscor's Poison Heal]<br><small>The opposing Gliscor had its HP restored.</small><br></div><div class="spacer battle-history"><br></div><h2 class="battle-history">Turn 16</h2><div class="spacer battle-history"><br></div><div class="battle-history">The opposing Gliscor used <strong>Roost</strong>!<br></div><div class="battle-history"><small>The opposing Gliscor had its HP restored.</small><br></div><div class="battle-history"><small>(The opposing Gliscor loses Flying type this turn.)</small><br></div><div class="spacer battle-history"><br></div><div class="battle-history">Corviknight used <strong>U-turn</strong>!<br></div><div class="battle-history"><small>(The opposing Gliscor lost 12% of its health!)</small><br></div><div class="spacer battle-history"><br></div><div class="battle-history">Corviknight went back to aausma!<br></div><div class="battle-history">Go! <strong>Rillaboom</strong>!<br></div><div class="battle-history"><small>Pointed stones dug into Rillaboom!</small><br></div><div class="spacer battle-history"><br></div><div class="battle-history"><small>The opposing Gliscor's HP was restored.</small><br></div><div class="battle-history"><small>Rillaboom's HP was restored.</small><br></div><div class="battle-history">[The opposing Gliscor's Poison Heal]<br><small>The opposing Gliscor had its HP restored.</small><br></div><div class="spacer battle-history"><br></div><h2 class="battle-history">Turn 17</h2><div class="spacer battle-history"><br></div><div class="battle-history">The opposing Gliscor used <strong>U-turn</strong>!<br></div><div class="battle-history"><small>It's super effective!</small><br></div><div class="battle-history"><small>(Rillaboom lost 35% of its health!)</small><br></div><div class="chat chatmessage-aausma"><strong style="color:#18a81f"><small>☆</small><span class="username" data-name="aausma">aausma</span>:</strong> <em>I </em></div><div class="spacer battle-history"><br></div><div class="battle-history">The opposing Gliscor went back to Mossy Sandwich!<br></div><div class="battle-history">Mossy Sandwich sent out Dragonite (<strong>Dragonite-Mega</strong>)!<br></div><div class="spacer battle-history"><br></div><div class="battle-history">Rillaboom used <strong>Wood Hammer</strong>!<br></div><div class="battle-history"><small>It's not very effective...</small><br></div><div class="battle-history"><small>(The opposing Dragonite lost 29% of its health!)</small><br></div><div class="battle-history"><small>Rillaboom was damaged by the recoil!</small><br></div><div class="spacer battle-history"><br></div><div class="battle-history"><small>Rillaboom's HP was restored.</small><br></div><div class="spacer battle-history"><br></div><h2 class="battle-history">Turn 18</h2><div class="spacer battle-history"><br></div><div class="battle-history">Rillaboom, come back!<br></div><div class="battle-history">Go! <strong>Corviknight</strong>!<br></div><div class="battle-history"><small>Pointed stones dug into Corviknight!</small><br></div><div class="battle-history">[Corviknight's Pressure]<br><small>Corviknight is exerting its pressure!</small><br></div><div class="spacer battle-history"><br></div><div class="battle-history">The opposing Dragonite used <strong>Roost</strong>!<br></div><div class="battle-history"><small>The opposing Dragonite had its HP restored.</small><br></div><div class="battle-history"><small>(The opposing Dragonite loses Flying type this turn.)</small><br></div><div class="spacer battle-history"><br></div><div class="battle-history"><small>The opposing Dragonite's HP was restored.</small><br></div><div class="battle-history"><small>The grass disappeared from the battlefield.</small><br></div><div class="spacer battle-history"><br></div><h2 class="battle-history">Turn 19</h2><div class="spacer battle-history"><br></div><div class="battle-history">Corviknight used <strong>Defog</strong>!<br></div><div class="battle-history"><small>The opposing Dragonite's evasiveness fell!</small><br></div><div class="battle-history"><small>The pointed stones disappeared from around your team!</small><br></div><div class="spacer battle-history"><br></div><div class="battle-history">The opposing Dragonite used <strong>Dragon Dance</strong>!<br></div><div class="battle-history"><small>The opposing Dragonite's Attack rose!</small><br></div><div class="battle-history"><small>The opposing Dragonite's Speed rose!</small><br></div><div class="spacer battle-history"><br></div><h2 class="battle-history">Turn 20</h2><div class="chat chatmessage-aausma"><strong style="color:#18a81f"><small>☆</small><span class="username" data-name="aausma">aausma</span>:</strong> <em>i love when it says [Invalid choice] There's nothing to cnacel</em></div><div class="chat chatmessage-aausma"><strong style="color:#18a81f"><small>☆</small><span class="username" data-name="aausma">aausma</span>:</strong> <em>love it quite a bit</em></div><div class="spacer battle-history"><br></div><div class="battle-history">Corviknight, come back!<br></div><div class="battle-history">Go! flygonmega (<strong>Flygon-Mega</strong>)!<br></div><div class="battle-history">[flygonmega's Desert Gales]<br></div><div class="battle-history"><small>Desert gales kicked up!</small><br></div><div class="battle-history"><small>Normal-type moves will become Ground-type.</small><br></div><div class="battle-history"><small>Rock-, Ground- and Steel-type moves will also have their power increased.</small><br></div><div class="battle-history"><small>Other weather-related moves and Abilities will behave as they do in sandstorm.</small><br></div><div class="spacer battle-history"><br></div><div class="battle-history">The opposing Dragonite is paralyzed! It can't move!<br></div><div class="spacer battle-history"><br></div><div class="battle-history"><small>The desert gales are raging!</small><br></div><div class="spacer battle-history"><br></div><h2 class="battle-history">Turn 21</h2><div class="spacer battle-history"><br></div><div class="battle-history"><small>Boomburst became Ground-type in the desert gales!</small><br></div><div class="spacer battle-history"><br></div><div class="battle-history">flygonmega used <strong>Boomburst</strong>!<br></div><div class="battle-history"><small>It doesn't affect the opposing Dragonite...</small><br></div><div class="spacer battle-history"><br></div><div class="battle-history">The opposing Dragonite is paralyzed! It can't move!<br></div><div class="spacer battle-history"><br></div><div class="battle-history"><small>The desert gales are raging!</small><br></div><div class="spacer battle-history"><br></div><h2 class="battle-history">Turn 22</h2><div class="chat chatmessage-aausma"><strong style="color:#18a81f"><small>☆</small><span class="username" data-name="aausma">aausma</span>:</strong> <em>i</em></div><div class="spacer battle-history"><br></div><div class="battle-history"><small>Boomburst became Ground-type in the desert gales!</small><br></div><div class="spacer battle-history"><br></div><div class="battle-history">flygonmega used <strong>Boomburst</strong>!<br></div><div class="battle-history"><small>It doesn't affect the opposing Dragonite...</small><br></div><div class="spacer battle-history"><br></div><div class="battle-history">The opposing Dragonite is paralyzed! It can't move!<br></div><div class="spacer battle-history"><br></div><div class="battle-history"><small>The desert gales are raging!</small><br></div><div class="spacer battle-history"><br></div><h2 class="battle-history">Turn 23</h2><div class="chat chatmessage-zxgzxg"><strong style="color:#8f19ef"><small> </small><span class="username" data-name="zxgzxg">zxgzxg</span>:</strong> <em>Ausma no D:</em></div><div class="chat chatmessage-aausma"><strong style="color:#18a81f"><small>☆</small><span class="username" data-name="aausma">aausma</span>:</strong> <em>it's</em></div><div class="chat chatmessage-aausma"><strong style="color:#18a81f"><small>☆</small><span class="username" data-name="aausma">aausma</span>:</strong> <em>my</em></div><div class="chat chatmessage-aausma"><strong style="color:#18a81f"><small>☆</small><span class="username" data-name="aausma">aausma</span>:</strong> <em>only</em></div><div class="chat chatmessage-aausma"><strong style="color:#18a81f"><small>☆</small><span class="username" data-name="aausma">aausma</span>:</strong> <em>wincon</em></div><div class="chat chatmessage-vizarpkmn"><strong style="color:#4f78c0"><small> </small><span class="username" data-name="ViZarPKMN">ViZarPKMN</span>:</strong> <em>It's FLying type</em></div><div class="chat chatmessage-aausma"><strong style="color:#18a81f"><small>☆</small><span class="username" data-name="aausma">aausma</span>:</strong> <em>i </em></div><div class="chat chatmessage-aausma"><strong style="color:#18a81f"><small>☆</small><span class="username" data-name="aausma">aausma</span>:</strong> <em>know</em></div><div class="spacer battle-history"><br></div><div class="battle-history">Mossy Sandwich withdrew Dragonite!<br></div><div class="battle-history">Mossy Sandwich sent out <strong>Blissey</strong>!<br></div><div class="spacer battle-history"><br></div><div class="battle-history">flygonmega used <strong>Draco Meteor</strong>!<br></div><div class="battle-history"><small>(The opposing Blissey lost 22% of its health!)</small><br></div><div class="battle-history"><small>flygonmega's Sp. Atk fell harshly!</small><br></div><div class="spacer battle-history"><br></div><div class="battle-history"><small>The desert gales are raging!</small><br></div><div class="spacer battle-history"><br></div><h2 class="battle-history">Turn 24</h2><div class="chat chatmessage-aausma"><strong style="color:#18a81f"><small>☆</small><span class="username" data-name="aausma">aausma</span>:</strong> <em>gg</em></div><div class="spacer battle-history"><br></div><div class="battle-history">flygonmega used <strong>U-turn</strong>!<br></div><div class="battle-history"><small>(The opposing Blissey lost 15% of its health!)</small><br></div><div class="spacer battle-history"><br></div><div class="battle-history">flygonmega went back to aausma!<br></div><div class="battle-history">Go! <strong>Rillaboom</strong>!<br></div><div class="battle-history">[Rillaboom's Grassy Surge]<br><small>Grass grew to cover the battlefield!</small><br></div><div class="battle-history"><small>Soft-Boiled became Ground-type in the desert gales!</small><br></div><div class="spacer battle-history"><br></div><div class="battle-history">The opposing Blissey used <strong>Soft-Boiled</strong>!<br></div><div class="battle-history"><small>The opposing Blissey had its HP restored.</small><br></div><div class="spacer battle-history"><br></div><div class="battle-history"><small>Rillaboom's HP was restored.</small><br></div><div class="battle-history"><small>The opposing Blissey's HP was restored.</small><br></div><div class="battle-history"><small>The desert gales subsided!</small><br></div><div class="spacer battle-history"><br></div><h2 class="battle-history">Turn 25</h2><div class="spacer battle-history"><br></div><div class="battle-history">Mossy Sandwich withdrew Blissey!<br></div><div class="battle-history">Mossy Sandwich sent out Dragonite (<strong>Dragonite-Mega</strong>)!<br></div><div class="spacer battle-history"><br></div><div class="battle-history">Rillaboom used <strong>U-turn</strong>!<br></div><div class="battle-history"><small>It's not very effective...</small><br></div><div class="battle-history"><small>(The opposing Dragonite lost 16% of its health!)</small><br></div><div class="spacer battle-history"><br></div><div class="battle-history">Rillaboom went back to aausma!<br></div><div class="battle-history">Go! flygonmega (<strong>Flygon-Mega</strong>)!<br></div><div class="battle-history">[flygonmega's Desert Gales]<br></div><div class="battle-history"><small>Desert gales kicked up!</small><br></div><div class="battle-history"><small>Normal-type moves will become Ground-type.</small><br></div><div class="battle-history"><small>Rock-, Ground- and Steel-type moves will also have their power increased.</small><br></div><div class="battle-history"><small>Other weather-related moves and Abilities will behave as they do in sandstorm.</small><br></div><div class="spacer battle-history"><br></div><div class="battle-history"><small>flygonmega's HP was restored.</small><br></div><div class="battle-history"><small>The desert gales are raging!</small><br></div><div class="spacer battle-history"><br></div><h2 class="battle-history">Turn 26</h2><div class="spacer battle-history"><br></div><div class="battle-history">Mossy Sandwich withdrew Dragonite!<br></div><div class="battle-history">Mossy Sandwich sent out <strong>Blissey</strong>!<br></div><div class="battle-history"><small>Boomburst became Ground-type in the desert gales!</small><br></div><div class="spacer battle-history"><br></div><div class="battle-history">flygonmega used <strong>Boomburst</strong>!<br></div><div class="battle-history"><small>Boomburst was powered up by the desert gales!</small><br></div><div class="battle-history"><small>(The opposing Blissey lost 30% of its health!)</small><br></div><div class="spacer battle-history"><br></div><div class="battle-history"><small>The opposing Blissey's HP was restored.</small><br></div><div class="battle-history"><small>The desert gales are raging!</small><br></div><div class="spacer battle-history"><br></div><h2 class="battle-history">Turn 27</h2><div class="spacer battle-history"><br></div><div class="battle-history">flygonmega used <strong>U-turn</strong>!<br></div><div class="battle-history"><small>A critical hit!</small><br></div><div class="battle-history"><small>(The opposing Blissey lost 26% of its health!)</small><br></div><div class="spacer battle-history"><br></div><div class="battle-history">flygonmega went back to aausma!<br></div><div class="battle-history">Go! <strong>Rillaboom</strong>!<br></div><div class="spacer battle-history"><br></div><div class="battle-history">The opposing Blissey used <strong>Teleport</strong>!<br></div><div class="spacer battle-history"><br></div><div class="battle-history">Mossy Sandwich withdrew Blissey!<br></div><div class="battle-history">Mossy Sandwich sent out <strong>Tapu Lele</strong>!<br></div><div class="battle-history">[The opposing Tapu Lele's Psychic Surge]<br><small>The battlefield got weird!</small><br></div><div class="spacer battle-history"><br></div><div class="battle-history"><small>The desert gales are raging!</small><br></div><div class="spacer battle-history"><br></div><h2 class="battle-history">Turn 28</h2><div class="spacer battle-history"><br></div><div class="battle-history">Rillaboom, come back!<br></div><div class="battle-history">Go! <strong>Tyranitar</strong>!<br></div><div class="battle-history">[Tyranitar's Sand Stream]<br><small>A sandstorm kicked up!</small><br></div><div class="spacer battle-history"><br></div><div class="battle-history">The opposing Tapu Lele used <strong>Thunderbolt</strong>!<br></div><div class="battle-history"><small>(Tyranitar lost 13% of its health!)</small><br></div><div class="spacer battle-history"><br></div><div class="battle-history"><small>(The sandstorm is raging.)</small><br></div><div class="battle-history"><small>The opposing Tapu Lele is buffeted by the sandstorm!</small><br></div><div class="battle-history"><small>Tyranitar restored a little HP using its Leftovers!</small><br></div><div class="spacer battle-history"><br></div><h2 class="battle-history">Turn 29</h2><div class="spacer battle-history"><br></div><div class="battle-history">Mossy Sandwich withdrew Tapu Lele!<br></div><div class="battle-history">Mossy Sandwich sent out <strong>Gliscor</strong>!<br></div><div class="spacer battle-history"><br></div><div class="battle-history">Tyranitar, come back!<br></div><div class="battle-history">Go! <strong>Rillaboom</strong>!<br></div><div class="battle-history">[Rillaboom's Grassy Surge]<br><small>Grass grew to cover the battlefield!</small><br></div><div class="spacer battle-history"><br></div><div class="battle-history"><small>(The sandstorm is raging.)</small><br></div><div class="battle-history"><small>Rillaboom is buffeted by the sandstorm!</small><br></div><div class="battle-history"><small>Rillaboom's HP was restored.</small><br></div><div class="spacer battle-history"><br></div><h2 class="battle-history">Turn 30</h2><div class="spacer battle-history"><br></div><div class="battle-history">Rillaboom, come back!<br></div><div class="battle-history">Go! <strong>Corviknight</strong>!<br></div><div class="battle-history">[Corviknight's Pressure]<br><small>Corviknight is exerting its pressure!</small><br></div><div class="spacer battle-history"><br></div><div class="battle-history">The opposing Gliscor used <strong>U-turn</strong>!<br></div><div class="battle-history"><small>It's not very effective...</small><br></div><div class="battle-history"><small>(Corviknight lost 3% of its health!)</small><br></div><div class="spacer battle-history"><br></div><div class="battle-history">The opposing Gliscor went back to Mossy Sandwich!<br></div><div class="battle-history">Mossy Sandwich sent out <strong>Blissey</strong>!<br></div><div class="spacer battle-history"><br></div><div class="battle-history"><small>(The sandstorm is raging.)</small><br></div><div class="battle-history"><small>The opposing Blissey is buffeted by the sandstorm!</small><br></div><div class="battle-history"><small>The opposing Blissey's HP was restored.</small><br></div><div class="spacer battle-history"><br></div><h2 class="battle-history">Turn 31</h2><div class="spacer battle-history"><br></div><div class="battle-history">Corviknight used <strong>Brave Bird</strong>!<br></div><div class="battle-history"><small>(The opposing Blissey lost 30% of its health!)</small><br></div><div class="battle-history"><small>Corviknight was damaged by the recoil!</small><br></div><div class="spacer battle-history"><br></div><div class="battle-history">The opposing Blissey used <strong>Soft-Boiled</strong>!<br></div><div class="battle-history"><small>The opposing Blissey had its HP restored.</small><br></div><div class="spacer battle-history"><br></div><div class="battle-history"><small>(The sandstorm is raging.)</small><br></div><div class="battle-history"><small>The opposing Blissey is buffeted by the sandstorm!</small><br></div><div class="battle-history"><small>The opposing Blissey's HP was restored.</small><br></div><div class="spacer battle-history"><br></div><h2 class="battle-history">Turn 32</h2><div class="chat"><small>☆aausma left</small></div><div class="chat"><small>☆aausma joined</small></div><div class="spacer battle-history"><br></div><div class="battle-history">Corviknight used <strong>Roost</strong>!<br></div><div class="battle-history"><small>Corviknight had its HP restored.</small><br></div><div class="battle-history"><small>(Corviknight loses Flying type this turn.)</small><br></div><div class="spacer battle-history"><br></div><div class="battle-history">The opposing Blissey used <strong>Soft-Boiled</strong>!<br></div><div class="battle-history"><small>The opposing Blissey had its HP restored.</small><br></div><div class="spacer battle-history"><br></div><div class="battle-history"><small>The sandstorm subsided.</small><br></div><div class="battle-history"><small>Corviknight's HP was restored.</small><br></div><div class="spacer battle-history"><br></div><h2 class="battle-history">Turn 33</h2><div class="spacer battle-history"><br></div><div class="battle-history">Corviknight used <strong>Brave Bird</strong>!<br></div><div class="battle-history"><small>(The opposing Blissey lost 33% of its health!)</small><br></div><div class="battle-history"><small>Corviknight was damaged by the recoil!</small><br></div><div class="spacer battle-history"><br></div><div class="battle-history">The opposing Blissey used <strong>Teleport</strong>!<br></div><div class="spacer battle-history"><br></div><div class="battle-history">Mossy Sandwich withdrew Blissey!<br></div><div class="battle-history">Mossy Sandwich sent out Dragonite (<strong>Dragonite-Mega</strong>)!<br></div><div class="spacer battle-history"><br></div><div class="battle-history"><small>The grass disappeared from the battlefield.</small><br></div><div class="spacer battle-history"><br></div><h2 class="battle-history">Turn 34</h2><div class="spacer battle-history"><br></div><div class="battle-history">Corviknight used <strong>U-turn</strong>!<br></div><div class="battle-history"><small>It's not very effective...</small><br></div><div class="battle-history"><small>(The opposing Dragonite lost 7% of its health!)</small><br></div><div class="spacer battle-history"><br></div><div class="battle-history">Corviknight went back to aausma!<br></div><div class="battle-history">Go! <strong>Tyranitar</strong>!<br></div><div class="battle-history">[Tyranitar's Sand Stream]<br><small>A sandstorm kicked up!</small><br></div><div class="spacer battle-history"><br></div><div class="battle-history">The opposing Dragonite used <strong>Dual Wingbeat</strong>!<br></div><div class="battle-history"><small>It's not very effective...</small><br></div><div class="battle-history"><small>(Tyranitar lost 11% of its health!)</small><br></div><div class="battle-history"><small>It's not very effective...</small><br></div><div class="battle-history"><small>(Tyranitar lost 13% of its health!)</small><br></div><div class="battle-history"><small>The Pokémon was hit 2 times!</small><br></div><div class="spacer battle-history"><br></div><div class="battle-history"><small>(The sandstorm is raging.)</small><br></div><div class="battle-history"><small>The opposing Dragonite is buffeted by the sandstorm!</small><br></div><div class="battle-history"><small>Tyranitar restored a little HP using its Leftovers!</small><br></div><div class="spacer battle-history"><br></div><h2 class="battle-history">Turn 35</h2><div class="spacer battle-history"><br></div><div class="battle-history">Tyranitar, come back!<br></div><div class="battle-history">Go! <strong>Corviknight</strong>!<br></div><div class="battle-history">[Corviknight's Pressure]<br><small>Corviknight is exerting its pressure!</small><br></div><div class="spacer battle-history"><br></div><div class="battle-history">The opposing Dragonite is paralyzed! It can't move!<br></div><div class="spacer battle-history"><br></div><div class="battle-history"><small>(The sandstorm is raging.)</small><br></div><div class="battle-history"><small>The opposing Dragonite is buffeted by the sandstorm!</small><br></div><div class="spacer battle-history"><br></div><h2 class="battle-history">Turn 36</h2><div class="spacer battle-history"><br></div><div class="battle-history">Corviknight used <strong>Brave Bird</strong>!<br></div><div class="battle-history"><small>(The opposing Dragonite lost 31% of its health!)</small><br></div><div class="battle-history"><small>Corviknight was damaged by the recoil!</small><br></div><div class="spacer battle-history"><br></div><div class="battle-history">The opposing Dragonite is paralyzed! It can't move!<br></div><div class="spacer battle-history"><br></div><div class="battle-history"><small>(The sandstorm is raging.)</small><br></div><div class="battle-history"><small>The opposing Dragonite is buffeted by the sandstorm!</small><br></div><div class="spacer battle-history"><br></div><h2 class="battle-history">Turn 37</h2><div class="spacer battle-history"><br></div><div class="battle-history">Corviknight used <strong>Brave Bird</strong>!<br></div><div class="battle-history"><small>(The opposing Dragonite lost 26% of its health!)</small><br></div><div class="battle-history"><small>Corviknight was damaged by the recoil!</small><br></div><div class="spacer battle-history"><br></div><div class="battle-history">The opposing Dragonite fainted!<br></div><div class="spacer battle-history"><br></div><div class="battle-history"><small>(The sandstorm is raging.)</small><br></div><div class="spacer battle-history"><br></div><div class="battle-history">Mossy Sandwich sent out <strong>Blissey</strong>!<br></div><div class="spacer battle-history"><br></div><h2 class="battle-history">Turn 38</h2><div class="spacer battle-history"><br></div><div class="battle-history">Corviknight used <strong>Brave Bird</strong>!<br></div><div class="battle-history"><small>(The opposing Blissey lost 31% of its health!)</small><br></div><div class="battle-history"><small>Corviknight was damaged by the recoil!</small><br></div><div class="spacer battle-history"><br></div><div class="battle-history">The opposing Blissey used <strong>Soft-Boiled</strong>!<br></div><div class="battle-history"><small>The opposing Blissey had its HP restored.</small><br></div><div class="spacer battle-history"><br></div><div class="battle-history"><small>The sandstorm subsided.</small><br></div><div class="spacer battle-history"><br></div><h2 class="battle-history">Turn 39</h2><div class="spacer battle-history"><br></div><div class="battle-history">Corviknight used <strong>Roost</strong>!<br></div><div class="battle-history"><small>Corviknight had its HP restored.</small><br></div><div class="battle-history"><small>(Corviknight loses Flying type this turn.)</small><br></div><div class="spacer battle-history"><br></div><div class="battle-history">The opposing Blissey used <strong>Teleport</strong>!<br></div><div class="spacer battle-history"><br></div><div class="battle-history">Mossy Sandwich withdrew Blissey!<br></div><div class="battle-history">Mossy Sandwich sent out <strong>Spectrier</strong>!<br></div><div class="spacer battle-history"><br></div><h2 class="battle-history">Turn 40</h2><div class="spacer battle-history"><br></div><div class="battle-history">Mossy Sandwich withdrew Spectrier!<br></div><div class="battle-history">Mossy Sandwich sent out <strong>Gliscor</strong>!<br></div><div class="spacer battle-history"><br></div><div class="battle-history">Corviknight used <strong>Brave Bird</strong>!<br></div><div class="battle-history"><small>(The opposing Gliscor lost 28% of its health!)</small><br></div><div class="battle-history"><small>Corviknight was damaged by the recoil!</small><br></div><div class="spacer battle-history"><br></div><div class="battle-history">[The opposing Gliscor's Poison Heal]<br><small>The opposing Gliscor had its HP restored.</small><br></div><div class="spacer battle-history"><br></div><h2 class="battle-history">Turn 41</h2><div class="spacer battle-history"><br></div><div class="battle-history">The opposing Gliscor used <strong>Stealth Rock</strong>!<br></div><div class="battle-history"><small>Pointed stones float in the air around your team!</small><br></div><div class="spacer battle-history"><br></div><div class="battle-history">Corviknight used <strong>U-turn</strong>!<br></div><div class="battle-history"><small>It's not very effective...</small><br></div><div class="battle-history"><small>(The opposing Gliscor lost 6% of its health!)</small><br></div><div class="spacer battle-history"><br></div><div class="battle-history">Corviknight went back to aausma!<br></div><div class="battle-history">Go! <strong>Rillaboom</strong>!<br></div><div class="battle-history"><small>Pointed stones dug into Rillaboom!</small><br></div><div class="battle-history">[Rillaboom's Grassy Surge]<br><small>Grass grew to cover the battlefield!</small><br></div><div class="spacer battle-history"><br></div><div class="battle-history"><small>Rillaboom's HP was restored.</small><br></div><div class="battle-history">[The opposing Gliscor's Poison Heal]<br><small>The opposing Gliscor had its HP restored.</small><br></div><div class="spacer battle-history"><br></div><h2 class="battle-history">Turn 42</h2><div class="spacer battle-history"><br></div><div class="battle-history">The opposing Gliscor used <strong>U-turn</strong>!<br></div><div class="battle-history"><small>It's super effective!</small><br></div><div class="battle-history"><small>(Rillaboom lost 9% of its health!)</small><br></div><div class="spacer battle-history"><br></div><div class="battle-history">Rillaboom fainted!<br></div><div class="chat chatmessage-aausma"><strong style="color:#18a81f"><small>☆</small><span class="username" data-name="aausma">aausma</span>:</strong> <em>what even</em></div><div class="chat chatmessage-aausma"><strong style="color:#18a81f"><small>☆</small><span class="username" data-name="aausma">aausma</span>:</strong> <em>is your speed</em></div><div class="chat chatmessage-aausma"><strong style="color:#18a81f"><small>☆</small><span class="username" data-name="aausma">aausma</span>:</strong> <em>on this thing</em></div><div class="spacer battle-history"><br></div><div class="battle-history">The opposing Gliscor went back to Mossy Sandwich!<br></div><div class="battle-history">Mossy Sandwich sent out <strong>Tapu Fini</strong>!<br></div><div class="battle-history">[The opposing Tapu Fini's Misty Surge]<br><small>Mist swirled around the battlefield!</small><br></div><div class="chat chatmessage-mossysandwich"><strong style="color:#ba49a2"><small>☆</small><span class="username" data-name="Mossy Sandwich">Mossy Sandwich</span>:</strong> <em>fast</em></div><div class="chat chatmessage-aausma"><strong style="color:#18a81f"><small>☆</small><span class="username" data-name="aausma">aausma</span>:</strong> <em>yeah </em></div><div class="chat chatmessage-aausma"><strong style="color:#18a81f"><small>☆</small><span class="username" data-name="aausma">aausma</span>:</strong> <em>i know that much</em></div><div class="spacer battle-history"><br></div><div class="battle-history">Go! <strong>Tyranitar</strong>!<br></div><div class="battle-history"><small>Pointed stones dug into Tyranitar!</small><br></div><div class="battle-history">[Tyranitar's Sand Stream]<br><small>A sandstorm kicked up!</small><br></div><div class="spacer battle-history"><br></div><h2 class="battle-history">Turn 43</h2><div class="chat chatmessage-mossysandwich"><strong style="color:#ba49a2"><small>☆</small><span class="username" data-name="Mossy Sandwich">Mossy Sandwich</span>:</strong> <em>I've trained a gliscor that has gone beyond the speed limit of 317</em></div><div class="spacer battle-history"><br></div><div class="battle-history">Tyranitar, come back!<br></div><div class="battle-history">Go! <strong>Corviknight</strong>!<br></div><div class="battle-history"><small>Pointed stones dug into Corviknight!</small><br></div><div class="battle-history">[Corviknight's Pressure]<br><small>Corviknight is exerting its pressure!</small><br></div><div class="spacer battle-history"><br></div><div class="battle-history">The opposing Tapu Fini used <strong>Moonblast</strong>!<br></div><div class="battle-history"><small>It's not very effective...</small><br></div><div class="battle-history"><small>(Corviknight lost 15% of its health!)</small><br></div><div class="spacer battle-history"><br></div><div class="battle-history"><small>(The sandstorm is raging.)</small><br></div><div class="battle-history"><small>The opposing Tapu Fini is buffeted by the sandstorm!</small><br></div><div class="battle-history"><small>The opposing Tapu Fini restored a little HP using its Leftovers!</small><br></div><div class="spacer battle-history"><br></div><h2 class="battle-history">Turn 44</h2><div class="spacer battle-history"><br></div><div class="battle-history">The opposing Tapu Fini used <strong>Taunt</strong>!<br></div><div class="battle-history"><small>Corviknight fell for the taunt!</small><br></div><div class="spacer battle-history"><br></div><div class="battle-history">Corviknight can't use Defog after the taunt!<br></div><div class="spacer battle-history"><br></div><div class="battle-history"><small>(The sandstorm is raging.)</small><br></div><div class="battle-history"><small>The opposing Tapu Fini is buffeted by the sandstorm!</small><br></div><div class="battle-history"><small>The opposing Tapu Fini restored a little HP using its Leftovers!</small><br></div><div class="spacer battle-history"><br></div><h2 class="battle-history">Turn 45</h2><div class="spacer battle-history"><br></div><div class="battle-history">The opposing Tapu Fini used <strong>Scald</strong>!<br></div><div class="battle-history"><small>(Corviknight lost 25% of its health!)</small><br></div><div class="spacer battle-history"><br></div><div class="battle-history">Corviknight used <strong>Brave Bird</strong>!<br></div><div class="battle-history"><small>(The opposing Tapu Fini lost 24% of its health!)</small><br></div><div class="battle-history"><small>Corviknight was damaged by the recoil!</small><br></div><div class="spacer battle-history"><br></div><div class="battle-history"><small>(The sandstorm is raging.)</small><br></div><div class="battle-history"><small>The opposing Tapu Fini is buffeted by the sandstorm!</small><br></div><div class="battle-history"><small>The opposing Tapu Fini restored a little HP using its Leftovers!</small><br></div><div class="spacer battle-history"><br></div><h2 class="battle-history">Turn 46</h2><div class="spacer battle-history"><br></div><div class="battle-history">The opposing Tapu Fini used <strong>Scald</strong>!<br></div><div class="battle-history"><small>(Corviknight lost 24% of its health!)</small><br></div><div class="spacer battle-history"><br></div><div class="battle-history">Corviknight used <strong>Brave Bird</strong>!<br></div><div class="battle-history"><small>(The opposing Tapu Fini lost 25% of its health!)</small><br></div><div class="battle-history"><small>Corviknight was damaged by the recoil!</small><br></div><div class="spacer battle-history"><br></div><div class="battle-history">Corviknight fainted!<br></div><div class="spacer battle-history"><br></div><div class="battle-history"><small>(The sandstorm is raging.)</small><br></div><div class="battle-history"><small>The opposing Tapu Fini is buffeted by the sandstorm!</small><br></div><div class="battle-history"><small>The opposing Tapu Fini restored a little HP using its Leftovers!</small><br></div><div class="battle-history"><small>The mist disappeared from the battlefield.</small><br></div><div class="spacer battle-history"><br></div><div class="battle-history">Go! flygonmega (<strong>Flygon-Mega</strong>)!<br></div><div class="battle-history"><small>Pointed stones dug into flygonmega!</small><br></div><div class="battle-history">[flygonmega's Desert Gales]<br></div><div class="battle-history"><small>Desert gales kicked up!</small><br></div><div class="battle-history"><small>Normal-type moves will become Ground-type.</small><br></div><div class="battle-history"><small>Rock-, Ground- and Steel-type moves will also have their power increased.</small><br></div><div class="battle-history"><small>Other weather-related moves and Abilities will behave as they do in sandstorm.</small><br></div><div class="spacer battle-history"><br></div><h2 class="battle-history">Turn 47</h2><div class="spacer battle-history"><br></div><div class="battle-history"><small>Boomburst became Ground-type in the desert gales!</small><br></div><div class="spacer battle-history"><br></div><div class="battle-history">flygonmega used <strong>Boomburst</strong>!<br></div><div class="battle-history"><small>Boomburst was powered up by the desert gales!</small><br></div><div class="battle-history"><small>(The opposing Tapu Fini lost 51% of its health!)</small><br></div><div class="spacer battle-history"><br></div><div class="battle-history">The opposing Tapu Fini fainted!<br></div><div class="spacer battle-history"><br></div><div class="battle-history"><small>The desert gales are raging!</small><br></div><div class="spacer battle-history"><br></div><div class="battle-history">Mossy Sandwich sent out <strong>Blissey</strong>!<br></div><div class="spacer battle-history"><br></div><h2 class="battle-history">Turn 48</h2><div class="chat"><small>&amp;scoopapa left</small></div><div class="spacer battle-history"><br></div><div class="battle-history"><small>Boomburst became Ground-type in the desert gales!</small><br></div><div class="spacer battle-history"><br></div><div class="battle-history">flygonmega used <strong>Boomburst</strong>!<br></div><div class="battle-history"><small>Boomburst was powered up by the desert gales!</small><br></div><div class="battle-history"><small>(The opposing Blissey lost 26% of its health!)</small><br></div><div class="spacer battle-history"><br></div><div class="battle-history">The opposing Blissey used <strong>Seismic Toss</strong>!<br></div><div class="battle-history"><small>(flygonmega lost 34% of its health!)</small><br></div><div class="spacer battle-history"><br></div><div class="battle-history"><small>The desert gales are raging!</small><br></div><div class="spacer battle-history"><br></div><h2 class="battle-history">Turn 49</h2><div class="spacer battle-history"><br></div><div class="battle-history">flygonmega, come back!<br></div><div class="battle-history">Go! <strong>Tyranitar</strong>!<br></div><div class="battle-history"><small>Pointed stones dug into Tyranitar!</small><br></div><div class="battle-history">[Tyranitar's Sand Stream]<br><small>A sandstorm kicked up!</small><br></div><div class="spacer battle-history"><br></div><div class="battle-history">The opposing Blissey used <strong>Soft-Boiled</strong>!<br></div><div class="battle-history"><small>The opposing Blissey had its HP restored.</small><br></div><div class="spacer battle-history"><br></div><div class="battle-history"><small>(The sandstorm is raging.)</small><br></div><div class="battle-history"><small>The opposing Blissey is buffeted by the sandstorm!</small><br></div><div class="battle-history"><small>Tyranitar restored a little HP using its Leftovers!</small><br></div><div class="spacer battle-history"><br></div><h2 class="battle-history">Turn 50</h2><div class="spacer battle-history"><br></div><div class="battle-history">Mossy Sandwich withdrew Blissey!<br></div><div class="battle-history">Mossy Sandwich sent out <strong>Gliscor</strong>!<br></div><div class="spacer battle-history"><br></div><div class="battle-history">Tyranitar used <strong>Stone Edge</strong>!<br></div><div class="battle-history"><small>(The opposing Gliscor lost 33% of its health!)</small><br></div><div class="spacer battle-history"><br></div><div class="battle-history"><small>(The sandstorm is raging.)</small><br></div><div class="battle-history"><small>Tyranitar restored a little HP using its Leftovers!</small><br></div><div class="battle-history">[The opposing Gliscor's Poison Heal]<br><small>The opposing Gliscor had its HP restored.</small><br></div><div class="spacer battle-history"><br></div><h2 class="battle-history">Turn 51</h2><div class="spacer battle-history"><br></div><div class="battle-history">The opposing Gliscor used <strong>U-turn</strong>!<br></div><div class="battle-history"><small>It's super effective!</small><br></div><div class="battle-history"><small>(Tyranitar lost 23% of its health!)</small><br></div><div class="spacer battle-history"><br></div><div class="battle-history">The opposing Gliscor went back to Mossy Sandwich!<br></div><div class="battle-history">Mossy Sandwich sent out <strong>Blissey</strong>!<br></div><div class="spacer battle-history"><br></div><div class="battle-history">Tyranitar used <strong>Stealth Rock</strong>!<br></div><div class="battle-history"><small>Pointed stones float in the air around the opposing team!</small><br></div><div class="spacer battle-history"><br></div><div class="battle-history"><small>(The sandstorm is raging.)</small><br></div><div class="battle-history"><small>The opposing Blissey is buffeted by the sandstorm!</small><br></div><div class="battle-history"><small>Tyranitar restored a little HP using its Leftovers!</small><br></div><div class="spacer battle-history"><br></div><h2 class="battle-history">Turn 52</h2><div class="spacer battle-history"><br></div><div class="battle-history">Tyranitar used <strong>Pursuit</strong>!<br></div><div class="battle-history"><small>(The opposing Blissey lost 16% of its health!)</small><br></div><div class="spacer battle-history"><br></div><div class="battle-history">The opposing Blissey used <strong>Seismic Toss</strong>!<br></div><div class="battle-history"><small>(Tyranitar lost 14% of its health!)</small><br></div><div class="spacer battle-history"><br></div><div class="battle-history">Tyranitar fainted!<br></div><div class="spacer battle-history"><br></div><div class="battle-history"><small>(The sandstorm is raging.)</small><br></div><div class="battle-history"><small>The opposing Blissey is buffeted by the sandstorm!</small><br></div><div class="spacer battle-history"><br></div><div class="battle-history">Go! flygonmega (<strong>Flygon-Mega</strong>)!<br></div><div class="battle-history"><small>Pointed stones dug into flygonmega!</small><br></div><div class="battle-history">[flygonmega's Desert Gales]<br></div><div class="battle-history"><small>Desert gales kicked up!</small><br></div><div class="battle-history"><small>Normal-type moves will become Ground-type.</small><br></div><div class="battle-history"><small>Rock-, Ground- and Steel-type moves will also have their power increased.</small><br></div><div class="battle-history"><small>Other weather-related moves and Abilities will behave as they do in sandstorm.</small><br></div><div class="spacer battle-history"><br></div><h2 class="battle-history">Turn 53</h2><div class="spacer battle-history"><br></div><div class="battle-history"><small>Boomburst became Ground-type in the desert gales!</small><br></div><div class="spacer battle-history"><br></div><div class="battle-history">flygonmega used <strong>Boomburst</strong>!<br></div><div class="battle-history"><small>Boomburst was powered up by the desert gales!</small><br></div><div class="battle-history"><small>(The opposing Blissey lost 28% of its health!)</small><br></div><div class="spacer battle-history"><br></div><div class="battle-history">The opposing Blissey used <strong>Seismic Toss</strong>!<br></div><div class="battle-history"><small>(flygonmega lost 33% of its health!)</small><br></div><div class="spacer battle-history"><br></div><div class="battle-history"><small>The desert gales are raging!</small><br></div><div class="spacer battle-history"><br></div><h2 class="battle-history">Turn 54</h2><div class="spacer battle-history"><br></div><div class="battle-history"><small>Boomburst became Ground-type in the desert gales!</small><br></div><div class="spacer battle-history"><br></div><div class="battle-history">flygonmega used <strong>Boomburst</strong>!<br></div><div class="battle-history"><small>Boomburst was powered up by the desert gales!</small><br></div><div class="battle-history"><small>(The opposing Blissey lost 30% of its health!)</small><br></div><div class="spacer battle-history"><br></div><div class="battle-history">The opposing Blissey used <strong>Seismic Toss</strong>!<br></div><div class="battle-history"><small>(flygonmega lost 22% of its health!)</small><br></div><div class="spacer battle-history"><br></div><div class="battle-history">flygonmega fainted!<br></div><div class="spacer battle-history"><br></div><div class="battle-history"><strong>Mossy Sandwich</strong> won the battle!<br></div><div class="chat chatmessage-mossysandwich"><strong style="color:#ba49a2"><small>☆</small><span class="username" data-name="Mossy Sandwich">Mossy Sandwich</span>:</strong> <em>gg</em></div><div class="chat chatmessage-aausma"><strong style="color:#18a81f"><small>☆</small><span class="username" data-name="aausma">aausma</span>:</strong> <em>gg</em></div><div class="chat"><small> abismal joined; ☆aausma and ☆Mossy Sandwich left</small></div></div><div class="inner-preempt message-log"></div></div></div>
</div>
<script>
let daily = Math.floor(Date.now()/1000/60/60/24);document.write('<script src="https://dragonheaven.herokuapp.com/js/replay-embed.js?version'+daily+'"></'+'script>');
</script>
