<!DOCTYPE html>
<meta charset="utf-8" />
<!-- version 1 -->
<title>[Gen 8] Megas for All replay: NeonNitroGlycerin vs. harmony6</title>
<style>
html,body {font-family:Verdana, sans-serif;font-size:10pt;margin:0;padding:0;}body{padding:12px 0;} .battle-log {font-family:Verdana, sans-serif;font-size:10pt;} .battle-log-inline {border:1px solid #AAAAAA;background:#EEF2F5;color:black;max-width:640px;margin:0 auto 80px;padding-bottom:5px;} .battle-log .inner {padding:4px 8px 0px 8px;} .battle-log .inner-preempt {padding:0 8px 4px 8px;} .battle-log .inner-after {margin-top:0.5em;} .battle-log h2 {margin:0.5em -8px;padding:4px 8px;border:1px solid #AAAAAA;background:#E0E7EA;border-left:0;border-right:0;font-family:Verdana, sans-serif;font-size:13pt;} .battle-log .chat {vertical-align:middle;padding:3px 0 3px 0;font-size:8pt;} .battle-log .chat strong {color:#40576A;} .battle-log .chat em {padding:1px 4px 1px 3px;color:#000000;font-style:normal;} .chat.mine {background:rgba(0,0,0,0.05);margin-left:-8px;margin-right:-8px;padding-left:8px;padding-right:8px;} .spoiler {color:#BBBBBB;background:#BBBBBB;padding:0px 3px;} .spoiler:hover, .spoiler:active, .spoiler-shown {color:#000000;background:#E2E2E2;padding:0px 3px;} .spoiler a {color:#BBBBBB;} .spoiler:hover a, .spoiler:active a, .spoiler-shown a {color:#2288CC;} .chat code, .chat .spoiler:hover code, .chat .spoiler:active code, .chat .spoiler-shown code {border:1px solid #C0C0C0;background:#EEEEEE;color:black;padding:0 2px;} .chat .spoiler code {border:1px solid #CCCCCC;background:#CCCCCC;color:#CCCCCC;} .battle-log .rated {padding:3px 4px;} .battle-log .rated strong {color:white;background:#89A;padding:1px 4px;border-radius:4px;} .spacer {margin-top:0.5em;} .message-announce {background:#6688AA;color:white;padding:1px 4px 2px;} .message-announce a, .broadcast-green a, .broadcast-blue a, .broadcast-red a {color:#DDEEFF;} .broadcast-green {background-color:#559955;color:white;padding:2px 4px;} .broadcast-blue {background-color:#6688AA;color:white;padding:2px 4px;} .infobox {border:1px solid #6688AA;padding:2px 4px;} .infobox-limited {max-height:200px;overflow:auto;overflow-x:hidden;} .broadcast-red {background-color:#AA5544;color:white;padding:2px 4px;} .message-learn-canlearn {font-weight:bold;color:#228822;text-decoration:underline;} .message-learn-cannotlearn {font-weight:bold;color:#CC2222;text-decoration:underline;} .message-effect-weak {font-weight:bold;color:#CC2222;} .message-effect-resist {font-weight:bold;color:#6688AA;} .message-effect-immune {font-weight:bold;color:#666666;} .message-learn-list {margin-top:0;margin-bottom:0;} .message-throttle-notice, .message-error {color:#992222;} .message-overflow, .chat small.message-overflow {font-size:0pt;} .message-overflow::before {font-size:9pt;content:'...';} .subtle {color:#3A4A66;}
</style>
<div class="wrapper replay-wrapper" style="max-width:1180px;margin:0 auto">
<input type="hidden" name="replayid" value="dragonheaven-gen8megasforall-278" />
<div class="battle"></div><div class="battle-log"></div><div class="replay-controls"></div><div class="replay-controls-2"></div>
<h1 style="font-weight:normal;text-align:center"><strong>[Gen 8] Megas for All</strong><br /><a href="http://pokemonshowdown.com/users/neonnitroglycerin" class="subtle" target="_blank">NeonNitroGlycerin</a> vs. <a href="http://pokemonshowdown.com/users/harmony6" class="subtle" target="_blank">harmony6</a></h1>
<script type="text/plain" class="battle-log-data">|j|☆NeonNitroGlycerin
|j|☆harmony6
|t:|1615834347
|player|p1|NeonNitroGlycerin|265|
|player|p2|harmony6|102|
|teamsize|p1|6
|teamsize|p2|6
|gametype|singles
|gen|8
|tier|[Gen 8] Megas for All
|clearpoke
|poke|p1|Magcargo, M|
|poke|p1|Shuckle, M|
|poke|p1|Zapdos-Galar|
|poke|p1|Gliscor, M|
|poke|p1|Kartana|
|poke|p1|Gengar, F|
|poke|p2|Sawk, M|
|poke|p2|Sharpedo, F|
|poke|p2|Volcarona, F|
|poke|p2|Flareon, F|
|poke|p2|Xatu, F|
|poke|p2|Rampardos, F|
|rule|HP Percentage Mod: HP is shown in percentages
|rule|Endless Battle Clause: Forcing endless battles is banned
|rule|OHKO Clause: OHKO moves are banned
|rule|Evasion Moves Clause: Evasion moves are banned
|rule|Species Clause: Limit one of each Pokémon
|rule|Dynamax Clause: You cannot dynamax
|rule|Sleep Clause Mod: Limit one foe put to sleep
|rule|Freeze Clause Mod: Limit one foe frozen
|raw|<img src="https:\/\/www.smogon.com\/forums\/attachments\/banner_2-png.302358\/" height="65" width="381">
|-message|Welcome to Megas for All!
|-message|This is a National Dex-based format where we aim to give a new Mega Evolution to every Pokémon.
|-message|Just like any official format, you can still only Mega Evolve one Pokémon per team!
|-message|You can find our thread and metagame resources here:
|-message|https:\/\/www.smogon.com\/forums\/threads\/3671140\/
|teampreview
|j|+inkbug1

|
|t:|1615834354
|start
|switch|p1a: Smartest Fridge|Shuckle, M, shiny|100\/100
|switch|p2a: Sharpedo|Sharpedo, F|100\/100
|turn|1
|
|t:|1615834368
|move|p2a: Sharpedo|Waterfall|p1a: Smartest Fridge
|-supereffective|p1a: Smartest Fridge
|-damage|p1a: Smartest Fridge|50\/100
|move|p1a: Smartest Fridge|Sticky Web|p2a: Sharpedo
|-sidestart|p2: harmony6|move: Sticky Web
|
|-ability|p2a: Sharpedo|Speed Boost|boost
|-boost|p2a: Sharpedo|spe|1
|upkeep
|turn|2
|
|t:|1615834385
|move|p2a: Sharpedo|Waterfall|p1a: Smartest Fridge
|-supereffective|p1a: Smartest Fridge
|-damage|p1a: Smartest Fridge|3\/100
|move|p1a: Smartest Fridge|Stealth Rock|p2a: Sharpedo
|-sidestart|p2: harmony6|move: Stealth Rock
|
|-ability|p2a: Sharpedo|Speed Boost|boost
|-boost|p2a: Sharpedo|spe|1
|upkeep
|turn|3
|c|☆NeonNitroGlycerin|how did he survive
|
|t:|1615834402
|move|p2a: Sharpedo|Waterfall|p1a: Smartest Fridge
|-supereffective|p1a: Smartest Fridge
|-damage|p1a: Smartest Fridge|0 fnt
|faint|p1a: Smartest Fridge
|
|-ability|p2a: Sharpedo|Speed Boost|boost
|-boost|p2a: Sharpedo|spe|1
|upkeep
|
|t:|1615834414
|switch|p1a: Yasuo|Kartana, shiny|100\/100
|turn|4
|c|☆harmony6|damage roll
|
|t:|1615834421
|move|p2a: Sharpedo|Close Combat|p1a: Yasuo
|-supereffective|p1a: Yasuo
|-damage|p1a: Yasuo|7\/100
|-unboost|p2a: Sharpedo|def|1
|-unboost|p2a: Sharpedo|spd|1
|move|p1a: Yasuo|Leaf Blade|p2a: Sharpedo
|-supereffective|p2a: Sharpedo
|-enditem|p2a: Sharpedo|Focus Sash
|-damage|p2a: Sharpedo|1\/100
|-damage|p1a: Yasuo|0 fnt|[from] item: Life Orb
|faint|p1a: Yasuo
|
|-ability|p2a: Sharpedo|Speed Boost|boost
|-boost|p2a: Sharpedo|spe|1
|upkeep
|c|☆NeonNitroGlycerin|SASH NO
|c|+inkbug1|asdkasd
|
|t:|1615834438
|switch|p1a: Legs|Zapdos-Galar|100\/100
|turn|5
|
|t:|1615834444
|move|p2a: Sharpedo|Destiny Bond|p2a: Sharpedo
|-singlemove|p2a: Sharpedo|Destiny Bond
|move|p1a: Legs|Drill Peck|p2a: Sharpedo
|-damage|p2a: Sharpedo|0 fnt
|-damage|p1a: Legs|91\/100|[from] item: Life Orb
|faint|p2a: Sharpedo
|-activate|p2a: Sharpedo|move: Destiny Bond
|faint|p1a: Legs
|
|upkeep
|c|☆harmony6|time 2 be dirty
|c|☆NeonNitroGlycerin|understandable
|
|t:|1615834456
|switch|p1a: Gary|Magcargo, M, shiny|100\/100
|switch|p2a: Volcarona|Volcarona, F|100\/100
|turn|6
|c|☆NeonNitroGlycerin|ah hdb
|
|t:|1615834465
|detailschange|p1a: Gary|Magcargo-Mega, M, shiny
|-mega|p1a: Gary|Magcargo|Magcargonite
|-start|p1a: Gary|typechange|Fire|[silent]
|raw|<ul class="utilichart"><li class="result"><span class="col pokemonnamecol" style="white-space: nowrap">Magcargo-Mega<\/span> <span class="col typecol"><img src="https:\/\/play.pokemonshowdown.com\/sprites\/types\/Fire.png" alt="Fire" height="14" width="32"><\/span> <span style="float: left ; min-height: 26px"><span class="col abilitycol">Volcanic Singe<\/span><span class="col abilitycol"><\/span><\/span><span style="float: left ; min-height: 26px"><span class="col statcol"><em>HP<\/em><br>60<\/span> <span class="col statcol"><em>Atk<\/em><br>135<\/span> <span class="col statcol"><em>Def<\/em><br>80<\/span> <span class="col statcol"><em>SpA<\/em><br>135<\/span> <span class="col statcol"><em>SpD<\/em><br>80<\/span> <span class="col statcol"><em>Spe<\/em><br>40<\/span> <\/span><\/li><li style="clear: both"><\/li><\/ul>
|move|p2a: Volcarona|Defog|p1a: Gary
|-ability|p1a: Gary|Volcanic Singe
|-message|The air around Gary's team was superheated!
|-hint|During Volcanic Singe, making contact with a Pokémon on Gary's team will result in a burn!
|-hint|The effect is extended each time Gary's stats are lowered!
|-unboost|p1a: Gary|evasion|1
|-sideend|p2: harmony6|Stealth Rock|[from] move: Defog|[of] p2a: Volcarona
|-sideend|p2: harmony6|Sticky Web|[from] move: Defog|[of] p2a: Volcarona
|move|p1a: Gary|Shell Smash|p1a: Gary
|-unboost|p1a: Gary|def|1
|-unboost|p1a: Gary|spd|1
|-boost|p1a: Gary|atk|2
|-boost|p1a: Gary|spa|2
|-boost|p1a: Gary|spe|2
|
|-message|There are 3 turns left of Volcanic Singe!
|upkeep
|turn|7
|c|+inkbug1|asdasdka i didnt realize that 
|c|+inkbug1|thats so cool
|c|☆NeonNitroGlycerin|YOUVE TRIGGERED MY TRAP CARD
|
|t:|1615834488
|move|p1a: Gary|Flamethrower|p2a: Volcarona
|-damage|p2a: Volcarona|33\/100
|move|p2a: Volcarona|U-turn|p1a: Gary
|-resisted|p1a: Gary
|-damage|p1a: Gary|84\/100
|c|☆NeonNitroGlycerin|oh rats
|
|t:|1615834495
|switch|p2a: Sawk|Sawk, M|100\/100|[from]move: U-turn
|
|-message|There are 2 turns left of Volcanic Singe!
|upkeep
|turn|8
|
|t:|1615834507
|move|p1a: Gary|Flamethrower|p2a: Sawk
|-ability|p2a: Sawk|Sturdy
|-damage|p2a: Sawk|1\/100
|move|p2a: Sawk|Reversal|p1a: Gary
|-damage|p1a: Gary|0 fnt
|-status|p2a: Sawk|brn
|faint|p1a: Gary
|
|-damage|p2a: Sawk|0 fnt|[from] brn
|faint|p2a: Sawk
|-message|There is one turn left of Volcanic Singe!
|upkeep
|c|☆NeonNitroGlycerin|hehe
|c|+inkbug1|asdasdasdadasd
|
|t:|1615834524
|switch|p2a: Rampardos|Rampardos, F|100\/100
|switch|p1a: hee hoo shadow lad|Gengar, F|100\/100
|turn|9
|
|t:|1615834533
|move|p1a: hee hoo shadow lad|Substitute|p1a: hee hoo shadow lad
|-start|p1a: hee hoo shadow lad|Substitute
|-damage|p1a: hee hoo shadow lad|76\/100
|move|p2a: Rampardos|Rock Polish|p2a: Rampardos
|-boost|p2a: Rampardos|spe|2
|
|-heal|p1a: hee hoo shadow lad|82\/100|[from] item: Black Sludge
|-message|The air around Gary's team cooled down!
|upkeep
|turn|10
|
|t:|1615834540
|move|p2a: Rampardos|Fire Punch|p1a: hee hoo shadow lad
|-end|p1a: hee hoo shadow lad|Substitute
|move|p1a: hee hoo shadow lad|Nasty Plot|p1a: hee hoo shadow lad
|-boost|p1a: hee hoo shadow lad|spa|2
|
|-heal|p1a: hee hoo shadow lad|88\/100|[from] item: Black Sludge
|upkeep
|turn|11
|
|t:|1615834554
|move|p2a: Rampardos|Fire Punch|p1a: hee hoo shadow lad
|-damage|p1a: hee hoo shadow lad|1\/100
|move|p1a: hee hoo shadow lad|Shadow Ball|p2a: Rampardos
|-enditem|p2a: Rampardos|Focus Sash
|-damage|p2a: Rampardos|1\/100
|
|-heal|p1a: hee hoo shadow lad|7\/100|[from] item: Black Sludge
|upkeep
|turn|12
|c|☆NeonNitroGlycerin|NO THE SASH
|
|t:|1615834570
|move|p2a: Rampardos|Fire Punch|p1a: hee hoo shadow lad
|-damage|p1a: hee hoo shadow lad|0 fnt
|faint|p1a: hee hoo shadow lad
|
|upkeep
|
|t:|1615834575
|switch|p1a: Cool Guy|Gliscor, M|100\/100
|turn|13
|c|☆harmony6|HOW DID YOU LIVE?
|
|t:|1615834581
|move|p2a: Rampardos|Stone Edge|p1a: Cool Guy
|-damage|p1a: Cool Guy|47\/100
|move|p1a: Cool Guy|Earthquake|p2a: Rampardos
|-supereffective|p2a: Rampardos
|-damage|p2a: Rampardos|0 fnt
|faint|p2a: Rampardos
|
|-status|p1a: Cool Guy|tox|[from] item: Toxic Orb
|upkeep
|
|t:|1615834590
|switch|p2a: Flareon|Flareon, F|100\/100
|turn|14
|
|t:|1615834594
|detailschange|p2a: Flareon|Flareon-Mega, F
|-mega|p2a: Flareon|Flareon|Flareonite
|-start|p2a: Flareon|typechange|Fire|[silent]
|raw|<ul class="utilichart"><li class="result"><span class="col pokemonnamecol" style="white-space: nowrap">Flareon-Mega<\/span> <span class="col typecol"><img src="https:\/\/play.pokemonshowdown.com\/sprites\/types\/Fire.png" alt="Fire" height="14" width="32"><\/span> <span style="float: left ; min-height: 26px"><span class="col abilitycol">Soot Guard<\/span><span class="col abilitycol"><\/span><\/span><span style="float: left ; min-height: 26px"><span class="col statcol"><em>HP<\/em><br>65<\/span> <span class="col statcol"><em>Atk<\/em><br>130<\/span> <span class="col statcol"><em>Def<\/em><br>80<\/span> <span class="col statcol"><em>SpA<\/em><br>115<\/span> <span class="col statcol"><em>SpD<\/em><br>150<\/span> <span class="col statcol"><em>Spe<\/em><br>85<\/span> <\/span><\/li><li style="clear: both"><\/li><\/ul>
|move|p1a: Cool Guy|Earthquake|p2a: Flareon
|-supereffective|p2a: Flareon
|-damage|p2a: Flareon|14\/100
|move|p2a: Flareon|Heat Wave|p1a: Cool Guy
|-damage|p1a: Cool Guy|0 fnt
|faint|p1a: Cool Guy
|
|win|harmony6
|c|☆harmony6|gg
|c|☆NeonNitroGlycerin|gg
|l|☆NeonNitroGlycerin
|c|☆harmony6|1 more battle
|l|☆harmony6</script>
</div>
<div class="battle-log battle-log-inline"><div class="inner"><div class="battle-options"><div style="padding-top: 3px; padding-right: 3px; text-align: right"><button class="icon button" name="openBattleOptions" title="Options">Battle Options</button></div></div><div class="inner message-log"><div class="chat"><small>☆NeonNitroGlycerin and ☆harmony6 joined</small></div><div class=""><small>Format:</small> <br><strong>[Gen 8] Megas for All</strong></div><div class=""><small><em>HP Percentage Mod:</em> HP is shown in percentages</small></div><div class=""><small><em>Endless Battle Clause:</em> Forcing endless battles is banned</small></div><div class=""><small><em>OHKO Clause:</em> OHKO moves are banned</small></div><div class=""><small><em>Evasion Moves Clause:</em> Evasion moves are banned</small></div><div class=""><small><em>Species Clause:</em> Limit one of each Pokémon</small></div><div class=""><small><em>Dynamax Clause:</em> You cannot dynamax</small></div><div class=""><small><em>Sleep Clause Mod:</em> Limit one foe put to sleep</small></div><div class=""><small><em>Freeze Clause Mod:</em> Limit one foe frozen</small></div><div class="chat"><img src="https://www.smogon.com/forums/attachments/banner_2-png.302358/" height="65" width="381"></div><div class="spacer battle-history"><br></div><div class="battle-history"><small>Welcome to Megas for All!</small><br></div><div class="battle-history"><small>This is a National Dex-based format where we aim to give a new Mega Evolution to every Pokémon.</small><br></div><div class="battle-history"><small>Just like any official format, you can still only Mega Evolve one Pokémon per team!</small><br></div><div class="battle-history"><small>You can find our thread and metagame resources here:</small><br></div><div class="battle-history"><small>https://www.smogon.com/forums/threads/3671140/</small><br></div><div class="chat battle-history"><strong>NeonNitroGlycerin's team:</strong> <em style="color:#445566;display:block;">Magcargo / Shuckle / Zapdos-Galar / Gliscor / Kartana / Gengar</em></div><div class="chat battle-history"><strong>harmony6's team:</strong> <em style="color:#445566;display:block;">Sawk / Sharpedo / Volcarona / Flareon / Xatu / Rampardos</em></div><div class="chat"><small>+inkbug1 joined</small></div><div class="spacer battle-history"><br></div><div class="battle-history">Battle started between NeonNitroGlycerin and harmony6!<br></div><div class="spacer battle-history"><br></div><div class="battle-history">Go! Smartest Fridge (<strong>Shuckle</strong>)!<br></div><div class="spacer battle-history"><br></div><div class="battle-history">harmony6 sent out <strong>Sharpedo</strong>!<br></div><div class="spacer battle-history"><br></div><h2 class="battle-history">Turn 1</h2><div class="spacer battle-history"><br></div><div class="battle-history">The opposing Sharpedo used <strong>Waterfall</strong>!<br></div><div class="battle-history"><small>It's super effective!</small><br></div><div class="battle-history"><small>(Smartest Fridge lost 50% of its health!)</small><br></div><div class="spacer battle-history"><br></div><div class="battle-history">Smartest Fridge used <strong>Sticky Web</strong>!<br></div><div class="battle-history"><small>A sticky web has been laid out on the ground around the opposing team!</small><br></div><div class="spacer battle-history"><br></div><div class="battle-history">[The opposing Sharpedo's Speed Boost]<br></div><div class="battle-history"><small>The opposing Sharpedo's Speed rose!</small><br></div><div class="spacer battle-history"><br></div><h2 class="battle-history">Turn 2</h2><div class="spacer battle-history"><br></div><div class="battle-history">The opposing Sharpedo used <strong>Waterfall</strong>!<br></div><div class="battle-history"><small>It's super effective!</small><br></div><div class="battle-history"><small>(Smartest Fridge lost 47% of its health!)</small><br></div><div class="spacer battle-history"><br></div><div class="battle-history">Smartest Fridge used <strong>Stealth Rock</strong>!<br></div><div class="battle-history"><small>Pointed stones float in the air around the opposing team!</small><br></div><div class="spacer battle-history"><br></div><div class="battle-history">[The opposing Sharpedo's Speed Boost]<br></div><div class="battle-history"><small>The opposing Sharpedo's Speed rose!</small><br></div><div class="spacer battle-history"><br></div><h2 class="battle-history">Turn 3</h2><div class="chat chatmessage-neonnitroglycerin"><strong style="color:#23a944"><small>☆</small><span class="username" data-name="NeonNitroGlycerin">NeonNitroGlycerin</span>:</strong> <em>how did he survive</em></div><div class="spacer battle-history"><br></div><div class="battle-history">The opposing Sharpedo used <strong>Waterfall</strong>!<br></div><div class="battle-history"><small>It's super effective!</small><br></div><div class="battle-history"><small>(Smartest Fridge lost 3% of its health!)</small><br></div><div class="spacer battle-history"><br></div><div class="battle-history">Smartest Fridge fainted!<br></div><div class="spacer battle-history"><br></div><div class="battle-history">[The opposing Sharpedo's Speed Boost]<br></div><div class="battle-history"><small>The opposing Sharpedo's Speed rose!</small><br></div><div class="spacer battle-history"><br></div><div class="battle-history">Go! Yasuo (<strong>Kartana</strong>)!<br></div><div class="spacer battle-history"><br></div><h2 class="battle-history">Turn 4</h2><div class="chat chatmessage-harmony6"><strong style="color:#6e7bc2"><small>☆</small><span class="username" data-name="harmony6">harmony6</span>:</strong> <em>damage roll</em></div><div class="spacer battle-history"><br></div><div class="battle-history">The opposing Sharpedo used <strong>Close Combat</strong>!<br></div><div class="battle-history"><small>It's super effective!</small><br></div><div class="battle-history"><small>(Yasuo lost 93% of its health!)</small><br></div><div class="battle-history"><small>The opposing Sharpedo's Defense fell!</small><br></div><div class="battle-history"><small>The opposing Sharpedo's Sp. Def fell!</small><br></div><div class="spacer battle-history"><br></div><div class="battle-history">Yasuo used <strong>Leaf Blade</strong>!<br></div><div class="battle-history"><small>It's super effective!</small><br></div><div class="battle-history"><small>The opposing Sharpedo hung on using its Focus Sash!</small><br></div><div class="battle-history"><small>(The opposing Sharpedo lost 99% of its health!)</small><br></div><div class="battle-history"><small>Yasuo lost some of its HP!</small><br></div><div class="spacer battle-history"><br></div><div class="battle-history">Yasuo fainted!<br></div><div class="spacer battle-history"><br></div><div class="battle-history">[The opposing Sharpedo's Speed Boost]<br></div><div class="battle-history"><small>The opposing Sharpedo's Speed rose!</small><br></div><div class="chat chatmessage-neonnitroglycerin"><strong style="color:#23a944"><small>☆</small><span class="username" data-name="NeonNitroGlycerin">NeonNitroGlycerin</span>:</strong> <em>SASH NO</em></div><div class="chat chatmessage-inkbug1 mine"><strong style="color:#e46e0f"><small>+</small><span class="username" data-name="inkbug1">inkbug1</span>:</strong> <em>asdkasd</em></div><div class="spacer battle-history"><br></div><div class="battle-history">Go! Legs (<strong>Zapdos-Galar</strong>)!<br></div><div class="spacer battle-history"><br></div><h2 class="battle-history">Turn 5</h2><div class="spacer battle-history"><br></div><div class="battle-history">The opposing Sharpedo used <strong>Destiny Bond</strong>!<br></div><div class="battle-history"><small>The opposing Sharpedo is hoping to take its attacker down with it!</small><br></div><div class="spacer battle-history"><br></div><div class="battle-history">Legs used <strong>Drill Peck</strong>!<br></div><div class="battle-history"><small>(The opposing Sharpedo lost 1% of its health!)</small><br></div><div class="battle-history"><small>Legs lost some of its HP!</small><br></div><div class="spacer battle-history"><br></div><div class="battle-history">The opposing Sharpedo fainted!<br></div><div class="battle-history">The opposing Sharpedo took its attacker down with it!<br></div><div class="spacer battle-history"><br></div><div class="battle-history">Legs fainted!<br></div><div class="chat chatmessage-harmony6"><strong style="color:#6e7bc2"><small>☆</small><span class="username" data-name="harmony6">harmony6</span>:</strong> <em>time 2 be dirty</em></div><div class="chat chatmessage-neonnitroglycerin"><strong style="color:#23a944"><small>☆</small><span class="username" data-name="NeonNitroGlycerin">NeonNitroGlycerin</span>:</strong> <em>understandable</em></div><div class="spacer battle-history"><br></div><div class="battle-history">Go! Gary (<strong>Magcargo</strong>)!<br></div><div class="spacer battle-history"><br></div><div class="battle-history">harmony6 sent out <strong>Volcarona</strong>!<br></div><div class="spacer battle-history"><br></div><h2 class="battle-history">Turn 6</h2><div class="chat chatmessage-neonnitroglycerin"><strong style="color:#23a944"><small>☆</small><span class="username" data-name="NeonNitroGlycerin">NeonNitroGlycerin</span>:</strong> <em>ah hdb</em></div><div class="spacer battle-history"><br></div><div class="battle-history"><small>Gary's Magcargonite is reacting to the Key Stone!</small><br>Gary has Mega Evolved into Mega Magcargo!<br></div><div class="chat"><ul class="utilichart"><li class="result"><span class="col pokemonnamecol" style="white-space: nowrap">Magcargo-Mega</span> <span class="col typecol"><img src="https://play.pokemonshowdown.com/sprites/types/Fire.png" alt="Fire" height="14" width="32"></span> <span style="float: left ; min-height: 26px"><span class="col abilitycol">Volcanic Singe</span><span class="col abilitycol"></span></span><span style="float: left ; min-height: 26px"><span class="col statcol"><em>HP</em><br>60</span> <span class="col statcol"><em>Atk</em><br>135</span> <span class="col statcol"><em>Def</em><br>80</span> <span class="col statcol"><em>SpA</em><br>135</span> <span class="col statcol"><em>SpD</em><br>80</span> <span class="col statcol"><em>Spe</em><br>40</span> </span></li><li style="clear: both"></li></ul></div><div class="spacer battle-history"><br></div><div class="battle-history">The opposing Volcarona used <strong>Defog</strong>!<br></div><div class="battle-history">[Gary's Volcanic Singe]<br></div><div class="battle-history"><small>The air around Gary's team was superheated!</small><br></div><div class="battle-history"><small>(During Volcanic Singe, making contact with a Pokémon on Gary's team will result in a burn!)</small><br></div><div class="battle-history"><small>(The effect is extended each time Gary's stats are lowered!)</small><br></div><div class="battle-history"><small>Gary's evasiveness fell!</small><br></div><div class="battle-history"><small>The pointed stones disappeared from around the opposing team!</small><br></div><div class="battle-history"><small>The sticky web has disappeared from the ground around the opposing team!</small><br></div><div class="spacer battle-history"><br></div><div class="battle-history">Gary used <strong>Shell Smash</strong>!<br></div><div class="battle-history"><small>Gary's Defense fell!</small><br></div><div class="battle-history"><small>Gary's Sp. Def fell!</small><br></div><div class="battle-history"><small>Gary's Attack rose sharply!</small><br></div><div class="battle-history"><small>Gary's Sp. Atk rose sharply!</small><br></div><div class="battle-history"><small>Gary's Speed rose sharply!</small><br></div><div class="spacer battle-history"><br></div><div class="battle-history"><small>There are 3 turns left of Volcanic Singe!</small><br></div><div class="spacer battle-history"><br></div><h2 class="battle-history">Turn 7</h2><div class="chat chatmessage-inkbug1 mine"><strong style="color:#e46e0f"><small>+</small><span class="username" data-name="inkbug1">inkbug1</span>:</strong> <em>asdasdka i didnt realize that </em></div><div class="chat chatmessage-inkbug1 mine"><strong style="color:#e46e0f"><small>+</small><span class="username" data-name="inkbug1">inkbug1</span>:</strong> <em>thats so cool</em></div><div class="chat chatmessage-neonnitroglycerin"><strong style="color:#23a944"><small>☆</small><span class="username" data-name="NeonNitroGlycerin">NeonNitroGlycerin</span>:</strong> <em>YOUVE TRIGGERED MY TRAP CARD</em></div><div class="spacer battle-history"><br></div><div class="battle-history">Gary used <strong>Flamethrower</strong>!<br></div><div class="battle-history"><small>(The opposing Volcarona lost 67% of its health!)</small><br></div><div class="spacer battle-history"><br></div><div class="battle-history">The opposing Volcarona used <strong>U-turn</strong>!<br></div><div class="battle-history"><small>It's not very effective...</small><br></div><div class="battle-history"><small>(Gary lost 16% of its health!)</small><br></div><div class="chat chatmessage-neonnitroglycerin"><strong style="color:#23a944"><small>☆</small><span class="username" data-name="NeonNitroGlycerin">NeonNitroGlycerin</span>:</strong> <em>oh rats</em></div><div class="spacer battle-history"><br></div><div class="battle-history">The opposing Volcarona went back to harmony6!<br></div><div class="battle-history">harmony6 sent out <strong>Sawk</strong>!<br></div><div class="spacer battle-history"><br></div><div class="battle-history"><small>There are 2 turns left of Volcanic Singe!</small><br></div><div class="spacer battle-history"><br></div><h2 class="battle-history">Turn 8</h2><div class="spacer battle-history"><br></div><div class="battle-history">Gary used <strong>Flamethrower</strong>!<br></div><div class="battle-history">[The opposing Sawk's Sturdy]<br><small>The opposing Sawk endured the hit!</small><br></div><div class="battle-history"><small>(The opposing Sawk lost 99% of its health!)</small><br></div><div class="spacer battle-history"><br></div><div class="battle-history">The opposing Sawk used <strong>Reversal</strong>!<br></div><div class="battle-history"><small>(Gary lost 84% of its health!)</small><br></div><div class="battle-history"><small>The opposing Sawk was burned!</small><br></div><div class="spacer battle-history"><br></div><div class="battle-history">Gary fainted!<br></div><div class="spacer battle-history"><br></div><div class="battle-history"><small>The opposing Sawk was hurt by its burn!</small><br></div><div class="spacer battle-history"><br></div><div class="battle-history">The opposing Sawk fainted!<br></div><div class="battle-history"><small>There is one turn left of Volcanic Singe!</small><br></div><div class="chat chatmessage-neonnitroglycerin"><strong style="color:#23a944"><small>☆</small><span class="username" data-name="NeonNitroGlycerin">NeonNitroGlycerin</span>:</strong> <em>hehe</em></div><div class="chat chatmessage-inkbug1 mine"><strong style="color:#e46e0f"><small>+</small><span class="username" data-name="inkbug1">inkbug1</span>:</strong> <em>asdasdasdadasd</em></div><div class="spacer battle-history"><br></div><div class="battle-history">harmony6 sent out <strong>Rampardos</strong>!<br></div><div class="spacer battle-history"><br></div><div class="battle-history">Go! hee hoo shadow lad (<strong>Gengar</strong>)!<br></div><div class="spacer battle-history"><br></div><h2 class="battle-history">Turn 9</h2><div class="spacer battle-history"><br></div><div class="battle-history">hee hoo shadow lad used <strong>Substitute</strong>!<br></div><div class="battle-history"><small>hee hoo shadow lad put in a substitute!</small><br></div><div class="battle-history"><small>(hee hoo shadow lad lost 24% of its health!)</small><br></div><div class="spacer battle-history"><br></div><div class="battle-history">The opposing Rampardos used <strong>Rock Polish</strong>!<br></div><div class="battle-history"><small>The opposing Rampardos's Speed rose sharply!</small><br></div><div class="spacer battle-history"><br></div><div class="battle-history"><small>hee hoo shadow lad restored a little HP using its Black Sludge!</small><br></div><div class="battle-history"><small>The air around Gary's team cooled down!</small><br></div><div class="spacer battle-history"><br></div><h2 class="battle-history">Turn 10</h2><div class="spacer battle-history"><br></div><div class="battle-history">The opposing Rampardos used <strong>Fire Punch</strong>!<br></div><div class="battle-history"><small>hee hoo shadow lad's substitute faded!</small><br></div><div class="spacer battle-history"><br></div><div class="battle-history">hee hoo shadow lad used <strong>Nasty Plot</strong>!<br></div><div class="battle-history"><small>hee hoo shadow lad's Sp. Atk rose sharply!</small><br></div><div class="spacer battle-history"><br></div><div class="battle-history"><small>hee hoo shadow lad restored a little HP using its Black Sludge!</small><br></div><div class="spacer battle-history"><br></div><h2 class="battle-history">Turn 11</h2><div class="spacer battle-history"><br></div><div class="battle-history">The opposing Rampardos used <strong>Fire Punch</strong>!<br></div><div class="battle-history"><small>(hee hoo shadow lad lost 87% of its health!)</small><br></div><div class="spacer battle-history"><br></div><div class="battle-history">hee hoo shadow lad used <strong>Shadow Ball</strong>!<br></div><div class="battle-history"><small>The opposing Rampardos hung on using its Focus Sash!</small><br></div><div class="battle-history"><small>(The opposing Rampardos lost 99% of its health!)</small><br></div><div class="spacer battle-history"><br></div><div class="battle-history"><small>hee hoo shadow lad restored a little HP using its Black Sludge!</small><br></div><div class="spacer battle-history"><br></div><h2 class="battle-history">Turn 12</h2><div class="chat chatmessage-neonnitroglycerin"><strong style="color:#23a944"><small>☆</small><span class="username" data-name="NeonNitroGlycerin">NeonNitroGlycerin</span>:</strong> <em>NO THE SASH</em></div><div class="spacer battle-history"><br></div><div class="battle-history">The opposing Rampardos used <strong>Fire Punch</strong>!<br></div><div class="battle-history"><small>(hee hoo shadow lad lost 7% of its health!)</small><br></div><div class="spacer battle-history"><br></div><div class="battle-history">hee hoo shadow lad fainted!<br></div><div class="spacer battle-history"><br></div><div class="battle-history">Go! Cool Guy (<strong>Gliscor</strong>)!<br></div><div class="spacer battle-history"><br></div><h2 class="battle-history">Turn 13</h2><div class="chat chatmessage-harmony6"><strong style="color:#6e7bc2"><small>☆</small><span class="username" data-name="harmony6">harmony6</span>:</strong> <em>HOW DID YOU LIVE?</em></div><div class="spacer battle-history"><br></div><div class="battle-history">The opposing Rampardos used <strong>Stone Edge</strong>!<br></div><div class="battle-history"><small>(Cool Guy lost 53% of its health!)</small><br></div><div class="spacer battle-history"><br></div><div class="battle-history">Cool Guy used <strong>Earthquake</strong>!<br></div><div class="battle-history"><small>It's super effective!</small><br></div><div class="battle-history"><small>(The opposing Rampardos lost 1% of its health!)</small><br></div><div class="spacer battle-history"><br></div><div class="battle-history">The opposing Rampardos fainted!<br></div><div class="spacer battle-history"><br></div><div class="battle-history"><small>Cool Guy was badly poisoned!</small><br></div><div class="spacer battle-history"><br></div><div class="battle-history">harmony6 sent out <strong>Flareon</strong>!<br></div><div class="spacer battle-history"><br></div><h2 class="battle-history">Turn 14</h2><div class="spacer battle-history"><br></div><div class="battle-history"><small>The opposing Flareon's Flareonite is reacting to the Key Stone!</small><br>The opposing Flareon has Mega Evolved into Mega Flareon!<br></div><div class="chat"><ul class="utilichart"><li class="result"><span class="col pokemonnamecol" style="white-space: nowrap">Flareon-Mega</span> <span class="col typecol"><img src="https://play.pokemonshowdown.com/sprites/types/Fire.png" alt="Fire" height="14" width="32"></span> <span style="float: left ; min-height: 26px"><span class="col abilitycol">Soot Guard</span><span class="col abilitycol"></span></span><span style="float: left ; min-height: 26px"><span class="col statcol"><em>HP</em><br>65</span> <span class="col statcol"><em>Atk</em><br>130</span> <span class="col statcol"><em>Def</em><br>80</span> <span class="col statcol"><em>SpA</em><br>115</span> <span class="col statcol"><em>SpD</em><br>150</span> <span class="col statcol"><em>Spe</em><br>85</span> </span></li><li style="clear: both"></li></ul></div><div class="spacer battle-history"><br></div><div class="battle-history">Cool Guy used <strong>Earthquake</strong>!<br></div><div class="battle-history"><small>It's super effective!</small><br></div><div class="battle-history"><small>(The opposing Flareon lost 86% of its health!)</small><br></div><div class="spacer battle-history"><br></div><div class="battle-history">The opposing Flareon used <strong>Heat Wave</strong>!<br></div><div class="battle-history"><small>(Cool Guy lost 47% of its health!)</small><br></div><div class="spacer battle-history"><br></div><div class="battle-history">Cool Guy fainted!<br></div><div class="spacer battle-history"><br></div><div class="battle-history"><strong>harmony6</strong> won the battle!<br></div><div class="chat chatmessage-harmony6"><strong style="color:#6e7bc2"><small>☆</small><span class="username" data-name="harmony6">harmony6</span>:</strong> <em>gg</em></div><div class="chat chatmessage-neonnitroglycerin"><strong style="color:#23a944"><small>☆</small><span class="username" data-name="NeonNitroGlycerin">NeonNitroGlycerin</span>:</strong> <em>gg</em></div><div class="chat"><small>☆NeonNitroGlycerin left</small></div><div class="chat chatmessage-harmony6"><strong style="color:#6e7bc2"><small>☆</small><span class="username" data-name="harmony6">harmony6</span>:</strong> <em>1 more battle</em></div><div class="chat"><small>☆harmony6 left</small></div></div><div class="inner-preempt message-log"></div></div></div>
</div>
<script>
let daily = Math.floor(Date.now()/1000/60/60/24);document.write('<script src="https://dragonheaven.herokuapp.com/js/replay-embed.js?version'+daily+'"></'+'script>');
</script>
