<!DOCTYPE html>
<meta charset="utf-8" />
<!-- version 1 -->
<title>[Gen 8] M4A Random Battle replay: TheUltraFinder vs. inkbug1</title>
<style>
html,body {font-family:Verdana, sans-serif;font-size:10pt;margin:0;padding:0;}body{padding:12px 0;} .battle-log {font-family:Verdana, sans-serif;font-size:10pt;} .battle-log-inline {border:1px solid #AAAAAA;background:#EEF2F5;color:black;max-width:640px;margin:0 auto 80px;padding-bottom:5px;} .battle-log .inner {padding:4px 8px 0px 8px;} .battle-log .inner-preempt {padding:0 8px 4px 8px;} .battle-log .inner-after {margin-top:0.5em;} .battle-log h2 {margin:0.5em -8px;padding:4px 8px;border:1px solid #AAAAAA;background:#E0E7EA;border-left:0;border-right:0;font-family:Verdana, sans-serif;font-size:13pt;} .battle-log .chat {vertical-align:middle;padding:3px 0 3px 0;font-size:8pt;} .battle-log .chat strong {color:#40576A;} .battle-log .chat em {padding:1px 4px 1px 3px;color:#000000;font-style:normal;} .chat.mine {background:rgba(0,0,0,0.05);margin-left:-8px;margin-right:-8px;padding-left:8px;padding-right:8px;} .spoiler {color:#BBBBBB;background:#BBBBBB;padding:0px 3px;} .spoiler:hover, .spoiler:active, .spoiler-shown {color:#000000;background:#E2E2E2;padding:0px 3px;} .spoiler a {color:#BBBBBB;} .spoiler:hover a, .spoiler:active a, .spoiler-shown a {color:#2288CC;} .chat code, .chat .spoiler:hover code, .chat .spoiler:active code, .chat .spoiler-shown code {border:1px solid #C0C0C0;background:#EEEEEE;color:black;padding:0 2px;} .chat .spoiler code {border:1px solid #CCCCCC;background:#CCCCCC;color:#CCCCCC;} .battle-log .rated {padding:3px 4px;} .battle-log .rated strong {color:white;background:#89A;padding:1px 4px;border-radius:4px;} .spacer {margin-top:0.5em;} .message-announce {background:#6688AA;color:white;padding:1px 4px 2px;} .message-announce a, .broadcast-green a, .broadcast-blue a, .broadcast-red a {color:#DDEEFF;} .broadcast-green {background-color:#559955;color:white;padding:2px 4px;} .broadcast-blue {background-color:#6688AA;color:white;padding:2px 4px;} .infobox {border:1px solid #6688AA;padding:2px 4px;} .infobox-limited {max-height:200px;overflow:auto;overflow-x:hidden;} .broadcast-red {background-color:#AA5544;color:white;padding:2px 4px;} .message-learn-canlearn {font-weight:bold;color:#228822;text-decoration:underline;} .message-learn-cannotlearn {font-weight:bold;color:#CC2222;text-decoration:underline;} .message-effect-weak {font-weight:bold;color:#CC2222;} .message-effect-resist {font-weight:bold;color:#6688AA;} .message-effect-immune {font-weight:bold;color:#666666;} .message-learn-list {margin-top:0;margin-bottom:0;} .message-throttle-notice, .message-error {color:#992222;} .message-overflow, .chat small.message-overflow {font-size:0pt;} .message-overflow::before {font-size:9pt;content:'...';} .subtle {color:#3A4A66;}
</style>
<div class="wrapper replay-wrapper" style="max-width:1180px;margin:0 auto">
<input type="hidden" name="replayid" value="dragonheaven-gen8m4arandombattle-763" />
<div class="battle"></div><div class="battle-log"></div><div class="replay-controls"></div><div class="replay-controls-2"></div>
<h1 style="font-weight:normal;text-align:center"><strong>[Gen 8] M4A Random Battle</strong><br /><a href="http://pokemonshowdown.com/users/theultrafinder" class="subtle" target="_blank">TheUltraFinder</a> vs. <a href="http://pokemonshowdown.com/users/inkbug1" class="subtle" target="_blank">inkbug1</a></h1>
<script type="text/plain" class="battle-log-data">|j|☆TheUltraFinder
|j|☆inkbug1

|t:|1610735965
|player|p1|TheUltraFinder|hilbert|
|player|p2|inkbug1|burgh|
|teamsize|p1|6
|teamsize|p2|6
|gametype|singles
|gen|8
|tier|[Gen 8] M4A Random Battle
|rule|Dynamax Clause: You cannot dynamax
|rule|Species Clause: Limit one of each Pokémon
|rule|HP Percentage Mod: HP is shown in percentages
|rule|Sleep Clause Mod: Limit one foe put to sleep
|rule|Freeze Clause Mod: Limit one foe frozen
|raw|<img src="https:\/\/www.smogon.com\/forums\/attachments\/banner_2-png.302358\/" height="65" width="381">
|-message|Welcome to Megas for All!
|-message|This is a National Dex-based format where we aim to give a new Mega Evolution to every Pokémon.
|-message|Just like any official format, you can still only Mega Evolve one Pokémon per team!
|-message|You can find our thread and metagame resources here:
|-message|https:\/\/www.smogon.com\/forums\/threads\/3671140\/
|-message|Your Mega Evolution this match is:
|-hint|Kangaskhan-Mega (Normal); Ability: Parental Bond (This Pokemon's damaging moves hit twice. The second hit has its damage quartered.); Stats: 105 HP \/ 125 Atk \/ 100 Def \/ 60 SpA \/ 100 SpD \/ 100 Spe;
|-message|Use the command \/dt for more information!
|
|t:|1610735966
|start
|switch|p1a: Beheeyem|Beheeyem, L88, F|100\/100
|switch|p2a: Kangaskhan|Kangaskhan, L78, F|292\/292
|turn|1
|c|☆TheUltraFinder|Glhf 
|c|☆inkbug1|awe canon mega ok
|c|☆TheUltraFinder|Same
|
|t:|1610735987
|detailschange|p2a: Kangaskhan|Kangaskhan-Mega, L78, F
|-mega|p2a: Kangaskhan|Kangaskhan|Kangaskhanite
|-start|p2a: Kangaskhan|typechange|Normal|[silent]
|raw|<ul class="utilichart"><li class="result"><span class="col pokemonnamecol" style="white-space: nowrap">Kangaskhan-Mega<\/span> <span class="col typecol"><img src="https:\/\/play.pokemonshowdown.com\/sprites\/types\/Normal.png" alt="Normal" height="14" width="32"><\/span> <span style="float: left ; min-height: 26px"><span class="col abilitycol">Parental Bond<\/span><span class="col abilitycol"><\/span><\/span><span style="float: left ; min-height: 26px"><span class="col statcol"><em>HP<\/em><br>105<\/span> <span class="col statcol"><em>Atk<\/em><br>125<\/span> <span class="col statcol"><em>Def<\/em><br>100<\/span> <span class="col statcol"><em>SpA<\/em><br>60<\/span> <span class="col statcol"><em>SpD<\/em><br>100<\/span> <span class="col statcol"><em>Spe<\/em><br>100<\/span> <\/span><\/li><li style="clear: both"><\/li><\/ul>
|move|p2a: Kangaskhan|Crunch|p1a: Beheeyem
|-supereffective|p1a: Beheeyem
|-damage|p1a: Beheeyem|55\/100
|-supereffective|p1a: Beheeyem
|-damage|p1a: Beheeyem|42\/100
|-unboost|p1a: Beheeyem|def|1
|-hitcount|p1a: Beheeyem|2
|move|p1a: Beheeyem|Nasty Plot|p1a: Beheeyem
|-boost|p1a: Beheeyem|spa|2
|
|upkeep
|turn|2
|
|t:|1610735999
|move|p2a: Kangaskhan|Crunch|p1a: Beheeyem
|-supereffective|p1a: Beheeyem
|-damage|p1a: Beheeyem|0 fnt
|-hitcount|p1a: Beheeyem|1
|faint|p1a: Beheeyem
|
|upkeep
|
|t:|1610736014
|switch|p1a: Gardevoir|Gardevoir, L82, F|100\/100
|-ability|p1a: Gardevoir|Parental Bond|[from] ability: Trace|[of] p2a: Kangaskhan
|turn|3
|c|☆inkbug1|is
|c|☆inkbug1|is that allowed 
|c|☆TheUltraFinder|Oh god
|c|☆inkbug1|adasdsdasd
|c|☆TheUltraFinder|Let’s try it
|
|t:|1610736048
|move|p2a: Kangaskhan|Crunch|p1a: Gardevoir
|-damage|p1a: Gardevoir|70\/100
|-damage|p1a: Gardevoir|62\/100
|-hitcount|p1a: Gardevoir|2
|move|p1a: Gardevoir|Hyper Voice|p2a: Kangaskhan
|-damage|p2a: Kangaskhan|224\/292
|-damage|p2a: Kangaskhan|206\/292
|-hitcount|p2a: Kangaskhan|2
|
|upkeep
|turn|4
|c|☆TheUltraFinder|Oh god
|c|☆inkbug1|yyyep
|c|☆TheUltraFinder|The more you know
|c|☆inkbug1|prob want to mega though
|
|t:|1610736078
|detailschange|p1a: Gardevoir|Gardevoir-Mega, L82, F
|-mega|p1a: Gardevoir|Gardevoir|Gardevoirite
|-start|p1a: Gardevoir|typechange|Psychic\/Fairy|[silent]
|raw|<ul class="utilichart"><li class="result"><span class="col pokemonnamecol" style="white-space: nowrap">Gardevoir-Mega<\/span> <span class="col typecol"><img src="https:\/\/play.pokemonshowdown.com\/sprites\/types\/Psychic.png" alt="Psychic" height="14" width="32"><img src="https:\/\/play.pokemonshowdown.com\/sprites\/types\/Fairy.png" alt="Fairy" height="14" width="32"><\/span> <span style="float: left ; min-height: 26px"><span class="col abilitycol">Pixilate<\/span><span class="col abilitycol"><\/span><\/span><span style="float: left ; min-height: 26px"><span class="col statcol"><em>HP<\/em><br>68<\/span> <span class="col statcol"><em>Atk<\/em><br>85<\/span> <span class="col statcol"><em>Def<\/em><br>65<\/span> <span class="col statcol"><em>SpA<\/em><br>165<\/span> <span class="col statcol"><em>SpD<\/em><br>135<\/span> <span class="col statcol"><em>Spe<\/em><br>100<\/span> <\/span><\/li><li style="clear: both"><\/li><\/ul>
|move|p1a: Gardevoir|Hyper Voice|p2a: Kangaskhan
|-damage|p2a: Kangaskhan|55\/292
|move|p2a: Kangaskhan|Body Slam|p1a: Gardevoir
|-damage|p1a: Gardevoir|9\/100
|-damage|p1a: Gardevoir|0 fnt
|-hitcount|p1a: Gardevoir|2
|faint|p1a: Gardevoir
|
|upkeep
|c|☆TheUltraFinder|Yeah just wanted to test
|
|t:|1610736089
|switch|p1a: Arceus|Arceus-Electric, L78|100\/100
|turn|5
|
|t:|1610736099
|move|p1a: Arceus|Judgment|p2a: Kangaskhan
|-damage|p2a: Kangaskhan|0 fnt
|faint|p2a: Kangaskhan
|
|upkeep
|
|t:|1610736106
|switch|p2a: Thundurus|Thundurus-Therian, L82, M|263\/263
|turn|6
|c|☆TheUltraFinder|Also, uh, there’s a glitch on this arceus
|c|☆inkbug1|oh its probably z-crsytal
|c|☆TheUltraFinder|Yep
|c|☆inkbug1|which it shouldnt be 
|c|☆inkbug1|havent gotten around to deleting that yet
|c|☆TheUltraFinder|and judgement isn’t electric type yet
|
|t:|1610736145
|move|p1a: Arceus|Judgment|p2a: Thundurus
|-damage|p2a: Thundurus|182\/263
|move|p2a: Thundurus|Focus Blast|p1a: Arceus
|-damage|p1a: Arceus|56\/100
|
|upkeep
|turn|7
|
|t:|1610736167
|move|p1a: Arceus|Judgment|p2a: Thundurus
|-damage|p2a: Thundurus|108\/263
|move|p2a: Thundurus|Focus Blast|p1a: Arceus
|-damage|p1a: Arceus|10\/100
|
|upkeep
|turn|8
|
|t:|1610736173
|move|p1a: Arceus|Recover|p1a: Arceus
|-heal|p1a: Arceus|60\/100
|move|p2a: Thundurus|Focus Blast|p1a: Arceus
|-damage|p1a: Arceus|15\/100
|
|upkeep
|turn|9
|
|t:|1610736183
|switch|p2a: Gengar|Gengar, L82, M|233\/233
|move|p1a: Arceus|Recover|p1a: Arceus
|-heal|p1a: Arceus|65\/100
|
|upkeep
|turn|10
|
|t:|1610736189
|move|p1a: Arceus|Calm Mind|p1a: Arceus
|-boost|p1a: Arceus|spa|1
|-boost|p1a: Arceus|spd|1
|move|p2a: Gengar|Disable|p1a: Arceus
|-start|p1a: Arceus|Disable|Calm Mind
|
|upkeep
|turn|11
|
|t:|1610736198
|move|p1a: Arceus|Earth Power|p2a: Gengar
|-supereffective|p2a: Gengar
|-crit|p2a: Gengar
|-damage|p2a: Gengar|0 fnt
|faint|p2a: Gengar
|
|upkeep
|
|t:|1610736207
|switch|p2a: Indeedee|Indeedee, L84, M|238\/238
|-fieldstart|move: Psychic Terrain|[from] ability: Psychic Surge|[of] p2a: Indeedee
|turn|12
|
|t:|1610736217
|move|p2a: Indeedee|Expanding Force|p1a: Arceus
|-damage|p1a: Arceus|33\/100
|move|p1a: Arceus|Judgment|p2a: Indeedee
|-damage|p2a: Indeedee|133\/238
|
|upkeep
|turn|13
|
|t:|1610736225
|move|p2a: Indeedee|Expanding Force|p1a: Arceus
|-damage|p1a: Arceus|4\/100
|move|p1a: Arceus|Recover|p1a: Arceus
|-heal|p1a: Arceus|54\/100
|
|upkeep
|turn|14
|
|t:|1610736235
|move|p2a: Indeedee|Expanding Force|p1a: Arceus
|-damage|p1a: Arceus|20\/100
|move|p1a: Arceus|Recover|p1a: Arceus
|-heal|p1a: Arceus|70\/100
|
|-end|p1a: Arceus|Disable
|upkeep
|turn|15
|
|t:|1610736251
|switch|p2a: Thundurus|Thundurus-Therian, L82, M|108\/263
|move|p1a: Arceus|Calm Mind|p1a: Arceus
|-boost|p1a: Arceus|spa|1
|-boost|p1a: Arceus|spd|1
|
|upkeep
|turn|16
|c|☆TheUltraFinder|So add z-arceus to delete list 
|
|t:|1610736266
|move|p1a: Arceus|Judgment|p2a: Thundurus
|-damage|p2a: Thundurus|0 fnt
|faint|p2a: Thundurus
|
|-fieldend|move: Psychic Terrain
|upkeep
|c|☆inkbug1|it been on the list for awhile now
|
|t:|1610736276
|switch|p2a: Indeedee|Indeedee, L84, M|133\/238
|-fieldstart|move: Psychic Terrain|[from] ability: Psychic Surge|[of] p2a: Indeedee
|turn|17
|
|t:|1610736281
|move|p2a: Indeedee|Mystical Fire|p1a: Arceus
|-damage|p1a: Arceus|63\/100
|-unboost|p1a: Arceus|spa|1
|move|p1a: Arceus|Calm Mind|p1a: Arceus
|-boost|p1a: Arceus|spa|1
|-boost|p1a: Arceus|spd|1
|
|upkeep
|turn|18
|
|t:|1610736289
|move|p2a: Indeedee|Mystical Fire|p1a: Arceus
|-damage|p1a: Arceus|57\/100
|-unboost|p1a: Arceus|spa|1
|move|p1a: Arceus|Calm Mind|p1a: Arceus
|-boost|p1a: Arceus|spa|1
|-boost|p1a: Arceus|spd|1
|
|upkeep
|turn|19
|
|t:|1610736296
|move|p2a: Indeedee|Mystical Fire|p1a: Arceus
|-damage|p1a: Arceus|52\/100
|-unboost|p1a: Arceus|spa|1
|move|p1a: Arceus|Judgment|p2a: Indeedee
|-damage|p2a: Indeedee|23\/238
|
|upkeep
|turn|20
|
|t:|1610736303
|move|p2a: Indeedee|Mystical Fire|p1a: Arceus
|-damage|p1a: Arceus|47\/100
|-unboost|p1a: Arceus|spa|1
|move|p1a: Arceus|Calm Mind|p1a: Arceus
|-boost|p1a: Arceus|spa|1
|-boost|p1a: Arceus|spd|1
|
|upkeep
|turn|21
|
|t:|1610736310
|move|p2a: Indeedee|Mystical Fire|p1a: Arceus
|-damage|p1a: Arceus|42\/100
|-unboost|p1a: Arceus|spa|1
|move|p1a: Arceus|Judgment|p2a: Indeedee
|-damage|p2a: Indeedee|0 fnt
|faint|p2a: Indeedee
|
|-fieldend|move: Psychic Terrain
|upkeep
|
|t:|1610736330
|switch|p2a: Volbeat|Volbeat, L88, M|258\/258
|turn|22
|
|t:|1610736336
|move|p2a: Volbeat|Tailwind|p2a: Volbeat
|-sidestart|p2: inkbug1|move: Tailwind
|move|p1a: Arceus|Recover|p1a: Arceus
|-heal|p1a: Arceus|92\/100
|
|upkeep
|turn|23
|
|t:|1610736340
|move|p2a: Volbeat|U-turn|p1a: Arceus
|-damage|p1a: Arceus|75\/100
|
|t:|1610736343
|switch|p2a: Rotom|Rotom, L86|226\/226
|move|p1a: Arceus|Calm Mind|p1a: Arceus
|-boost|p1a: Arceus|spa|1
|-boost|p1a: Arceus|spd|1
|
|upkeep
|turn|24
|c|☆TheUltraFinder|Volbeta knows tailwind?
|
|t:|1610736357
|move|p2a: Rotom|Will-O-Wisp|p1a: Arceus
|-status|p1a: Arceus|brn
|move|p1a: Arceus|Calm Mind|p1a: Arceus
|-boost|p1a: Arceus|spa|1
|-boost|p1a: Arceus|spd|0
|
|-damage|p1a: Arceus|69\/100 brn|[from] brn
|upkeep
|turn|25
|
|t:|1610736369
|move|p2a: Rotom|Shadow Ball|p1a: Arceus
|-damage|p1a: Arceus|60\/100 brn
|-unboost|p1a: Arceus|spd|1
|-damage|p2a: Rotom|204\/226|[from] item: Life Orb
|move|p1a: Arceus|Judgment|p2a: Rotom
|-immune|p2a: Rotom
|
|-damage|p1a: Arceus|54\/100 brn|[from] brn
|-sideend|p2: inkbug1|move: Tailwind
|upkeep
|turn|26
|c|☆TheUltraFinder|Uh
|c|☆TheUltraFinder|Oh
|c|☆TheUltraFinder|zcrystal thing
|
|t:|1610736409
|switch|p1a: Obstagoon|Obstagoon, L84, F|100\/100
|move|p2a: Rotom|Shadow Ball|p1a: Obstagoon
|-immune|p1a: Obstagoon
|
|-status|p1a: Obstagoon|brn|[from] item: Flame Orb
|upkeep
|turn|27
|
|t:|1610736421
|move|p1a: Obstagoon|Knock Off|p2a: Rotom
|-supereffective|p2a: Rotom
|-damage|p2a: Rotom|0 fnt
|-enditem|p2a: Rotom|Life Orb|[from] move: Knock Off|[of] p1a: Obstagoon
|faint|p2a: Rotom
|
|-damage|p1a: Obstagoon|94\/100 brn|[from] brn
|upkeep
|c|☆TheUltraFinder|Gg
|
|t:|1610736428
|switch|p2a: Volbeat|Volbeat, L88, M|258\/258
|turn|28
|c|☆inkbug1|my team was all special attackers i could do nothing :') 
|
|t:|1610736442
|move|p1a: Obstagoon|Facade|p2a: Volbeat
|-damage|p2a: Volbeat|23\/258
|move|p2a: Volbeat|U-turn|p1a: Obstagoon
|-supereffective|p1a: Obstagoon
|-damage|p1a: Obstagoon|51\/100 brn
|
|-damage|p1a: Obstagoon|45\/100 brn|[from] brn
|upkeep
|turn|29
|
|t:|1610736451
|move|p2a: Volbeat|Roost|p2a: Volbeat
|-heal|p2a: Volbeat|152\/258
|-singleturn|p2a: Volbeat|move: Roost
|move|p1a: Obstagoon|Facade|p2a: Volbeat
|-damage|p2a: Volbeat|0 fnt
|faint|p2a: Volbeat
|
|win|TheUltraFinder
|c|☆TheUltraFinder|Besides kang</script>
</div>
<div class="battle-log battle-log-inline"><div class="inner"><div class="battle-options"><div style="padding-top: 3px; padding-right: 3px; text-align: right"><button class="icon button" name="openBattleOptions" title="Options">Battle Options</button></div></div><div class="inner message-log"><div class="chat"><small>☆TheUltraFinder and ☆inkbug1 joined</small></div><div class=""><small>Format:</small> <br><strong>[Gen 8] M4A Random Battle</strong></div><div class=""><small><em>Dynamax Clause:</em> You cannot dynamax</small></div><div class=""><small><em>Species Clause:</em> Limit one of each Pokémon</small></div><div class=""><small><em>HP Percentage Mod:</em> HP is shown in percentages</small></div><div class=""><small><em>Sleep Clause Mod:</em> Limit one foe put to sleep</small></div><div class=""><small><em>Freeze Clause Mod:</em> Limit one foe frozen</small></div><div class="chat"><img src="https://www.smogon.com/forums/attachments/banner_2-png.302358/" height="65" width="381"></div><div class="spacer battle-history"><br></div><div class="battle-history"><small>Welcome to Megas for All!</small><br></div><div class="battle-history"><small>This is a National Dex-based format where we aim to give a new Mega Evolution to every Pokémon.</small><br></div><div class="battle-history"><small>Just like any official format, you can still only Mega Evolve one Pokémon per team!</small><br></div><div class="battle-history"><small>You can find our thread and metagame resources here:</small><br></div><div class="battle-history"><small>https://www.smogon.com/forums/threads/3671140/</small><br></div><div class="battle-history"><small>Your Mega Evolution this match is:</small><br></div><div class="battle-history"><small>(Kangaskhan-Mega (Normal); Ability: Parental Bond (This Pokemon's damaging moves hit twice. The second hit has its damage quartered.); Stats: 105 HP / 125 Atk / 100 Def / 60 SpA / 100 SpD / 100 Spe;)</small><br></div><div class="battle-history"><small>Use the command /dt for more information!</small><br></div><div class="spacer battle-history"><br></div><div class="battle-history">Battle started between TheUltraFinder and inkbug1!<br></div><div class="spacer battle-history"><br></div><div class="battle-history">TheUltraFinder sent out <strong>Beheeyem</strong>!<br></div><div class="spacer battle-history"><br></div><div class="battle-history">Go! <strong>Kangaskhan</strong>!<br></div><div class="spacer battle-history"><br></div><h2 class="battle-history">Turn 1</h2><div class="chat chatmessage-theultrafinder"><strong style="color:#946524"><small>☆</small><span class="username" data-name="TheUltraFinder">TheUltraFinder</span>:</strong> <em>Glhf </em></div><div class="chat chatmessage-inkbug1 mine"><strong style="color:#e46e0f"><small>☆</small><span class="username" data-name="inkbug1">inkbug1</span>:</strong> <em>awe canon mega ok</em></div><div class="chat chatmessage-theultrafinder"><strong style="color:#946524"><small>☆</small><span class="username" data-name="TheUltraFinder">TheUltraFinder</span>:</strong> <em>Same</em></div><div class="spacer battle-history"><br></div><div class="battle-history"><small>Kangaskhan's Kangaskhanite is reacting to the Key Stone!</small><br>Kangaskhan has Mega Evolved into Mega Kangaskhan!<br></div><div class="chat"><ul class="utilichart"><li class="result"><span class="col pokemonnamecol" style="white-space: nowrap">Kangaskhan-Mega</span> <span class="col typecol"><img src="https://play.pokemonshowdown.com/sprites/types/Normal.png" alt="Normal" height="14" width="32"></span> <span style="float: left ; min-height: 26px"><span class="col abilitycol">Parental Bond</span><span class="col abilitycol"></span></span><span style="float: left ; min-height: 26px"><span class="col statcol"><em>HP</em><br>105</span> <span class="col statcol"><em>Atk</em><br>125</span> <span class="col statcol"><em>Def</em><br>100</span> <span class="col statcol"><em>SpA</em><br>60</span> <span class="col statcol"><em>SpD</em><br>100</span> <span class="col statcol"><em>Spe</em><br>100</span> </span></li><li style="clear: both"></li></ul></div><div class="spacer battle-history"><br></div><div class="battle-history">Kangaskhan used <strong>Crunch</strong>!<br></div><div class="battle-history"><small>It's super effective!</small><br></div><div class="battle-history"><small>(The opposing Beheeyem lost 45% of its health!)</small><br></div><div class="battle-history"><small>It's super effective!</small><br></div><div class="battle-history"><small>(The opposing Beheeyem lost 13% of its health!)</small><br></div><div class="battle-history"><small>The opposing Beheeyem's Defense fell!</small><br></div><div class="battle-history"><small>The Pokémon was hit 2 times!</small><br></div><div class="spacer battle-history"><br></div><div class="battle-history">The opposing Beheeyem used <strong>Nasty Plot</strong>!<br></div><div class="battle-history"><small>The opposing Beheeyem's Sp. Atk rose sharply!</small><br></div><div class="spacer battle-history"><br></div><h2 class="battle-history">Turn 2</h2><div class="spacer battle-history"><br></div><div class="battle-history">Kangaskhan used <strong>Crunch</strong>!<br></div><div class="battle-history"><small>It's super effective!</small><br></div><div class="battle-history"><small>(The opposing Beheeyem lost 42% of its health!)</small><br></div><div class="battle-history"><small>The Pokémon was hit 1 time!</small><br></div><div class="spacer battle-history"><br></div><div class="battle-history">The opposing Beheeyem fainted!<br></div><div class="spacer battle-history"><br></div><div class="battle-history">TheUltraFinder sent out <strong>Gardevoir</strong>!<br></div><div class="battle-history">[The opposing Gardevoir's Trace]<br>[The opposing Gardevoir's Parental Bond]<br><small>The opposing Gardevoir traced Kangaskhan's Parental Bond!</small><br></div><div class="spacer battle-history"><br></div><h2 class="battle-history">Turn 3</h2><div class="chat chatmessage-inkbug1 mine"><strong style="color:#e46e0f"><small>☆</small><span class="username" data-name="inkbug1">inkbug1</span>:</strong> <em>is</em></div><div class="chat chatmessage-inkbug1 mine"><strong style="color:#e46e0f"><small>☆</small><span class="username" data-name="inkbug1">inkbug1</span>:</strong> <em>is that allowed </em></div><div class="chat chatmessage-theultrafinder"><strong style="color:#946524"><small>☆</small><span class="username" data-name="TheUltraFinder">TheUltraFinder</span>:</strong> <em>Oh god</em></div><div class="chat chatmessage-inkbug1 mine"><strong style="color:#e46e0f"><small>☆</small><span class="username" data-name="inkbug1">inkbug1</span>:</strong> <em>adasdsdasd</em></div><div class="chat chatmessage-theultrafinder"><strong style="color:#946524"><small>☆</small><span class="username" data-name="TheUltraFinder">TheUltraFinder</span>:</strong> <em>Let’s try it</em></div><div class="spacer battle-history"><br></div><div class="battle-history">Kangaskhan used <strong>Crunch</strong>!<br></div><div class="battle-history"><small>(The opposing Gardevoir lost 30% of its health!)</small><br></div><div class="battle-history"><small>(The opposing Gardevoir lost 8% of its health!)</small><br></div><div class="battle-history"><small>The Pokémon was hit 2 times!</small><br></div><div class="spacer battle-history"><br></div><div class="battle-history">The opposing Gardevoir used <strong>Hyper Voice</strong>!<br></div><div class="battle-history"><small>(Kangaskhan lost <abbr title="−68/292">23.3%</abbr> of its health!)</small><br></div><div class="battle-history"><small>(Kangaskhan lost <abbr title="−18/292">6.2%</abbr> of its health!)</small><br></div><div class="battle-history"><small>The Pokémon was hit 2 times!</small><br></div><div class="spacer battle-history"><br></div><h2 class="battle-history">Turn 4</h2><div class="chat chatmessage-theultrafinder"><strong style="color:#946524"><small>☆</small><span class="username" data-name="TheUltraFinder">TheUltraFinder</span>:</strong> <em>Oh god</em></div><div class="chat chatmessage-inkbug1 mine"><strong style="color:#e46e0f"><small>☆</small><span class="username" data-name="inkbug1">inkbug1</span>:</strong> <em>yyyep</em></div><div class="chat chatmessage-theultrafinder"><strong style="color:#946524"><small>☆</small><span class="username" data-name="TheUltraFinder">TheUltraFinder</span>:</strong> <em>The more you know</em></div><div class="chat chatmessage-inkbug1 mine"><strong style="color:#e46e0f"><small>☆</small><span class="username" data-name="inkbug1">inkbug1</span>:</strong> <em>prob want to mega though</em></div><div class="spacer battle-history"><br></div><div class="battle-history"><small>The opposing Gardevoir's Gardevoirite is reacting to the Key Stone!</small><br>The opposing Gardevoir has Mega Evolved into Mega Gardevoir!<br></div><div class="chat"><ul class="utilichart"><li class="result"><span class="col pokemonnamecol" style="white-space: nowrap">Gardevoir-Mega</span> <span class="col typecol"><img src="https://play.pokemonshowdown.com/sprites/types/Psychic.png" alt="Psychic" height="14" width="32"><img src="https://play.pokemonshowdown.com/sprites/types/Fairy.png" alt="Fairy" height="14" width="32"></span> <span style="float: left ; min-height: 26px"><span class="col abilitycol">Pixilate</span><span class="col abilitycol"></span></span><span style="float: left ; min-height: 26px"><span class="col statcol"><em>HP</em><br>68</span> <span class="col statcol"><em>Atk</em><br>85</span> <span class="col statcol"><em>Def</em><br>65</span> <span class="col statcol"><em>SpA</em><br>165</span> <span class="col statcol"><em>SpD</em><br>135</span> <span class="col statcol"><em>Spe</em><br>100</span> </span></li><li style="clear: both"></li></ul></div><div class="spacer battle-history"><br></div><div class="battle-history">The opposing Gardevoir used <strong>Hyper Voice</strong>!<br></div><div class="battle-history"><small>(Kangaskhan lost <abbr title="−151/292">51.7%</abbr> of its health!)</small><br></div><div class="spacer battle-history"><br></div><div class="battle-history">Kangaskhan used <strong>Body Slam</strong>!<br></div><div class="battle-history"><small>(The opposing Gardevoir lost 53% of its health!)</small><br></div><div class="battle-history"><small>(The opposing Gardevoir lost 9% of its health!)</small><br></div><div class="battle-history"><small>The Pokémon was hit 2 times!</small><br></div><div class="spacer battle-history"><br></div><div class="battle-history">The opposing Gardevoir fainted!<br></div><div class="chat chatmessage-theultrafinder"><strong style="color:#946524"><small>☆</small><span class="username" data-name="TheUltraFinder">TheUltraFinder</span>:</strong> <em>Yeah just wanted to test</em></div><div class="spacer battle-history"><br></div><div class="battle-history">TheUltraFinder sent out Arceus (<strong>Arceus-Electric</strong>)!<br></div><div class="spacer battle-history"><br></div><h2 class="battle-history">Turn 5</h2><div class="spacer battle-history"><br></div><div class="battle-history">The opposing Arceus used <strong>Judgment</strong>!<br></div><div class="battle-history"><small>(Kangaskhan lost <abbr title="−55/292">18.8%</abbr> of its health!)</small><br></div><div class="spacer battle-history"><br></div><div class="battle-history">Kangaskhan fainted!<br></div><div class="spacer battle-history"><br></div><div class="battle-history">Go! Thundurus (<strong>Thundurus-Therian</strong>)!<br></div><div class="spacer battle-history"><br></div><h2 class="battle-history">Turn 6</h2><div class="chat chatmessage-theultrafinder"><strong style="color:#946524"><small>☆</small><span class="username" data-name="TheUltraFinder">TheUltraFinder</span>:</strong> <em>Also, uh, there’s a glitch on this arceus</em></div><div class="chat chatmessage-inkbug1 mine"><strong style="color:#e46e0f"><small>☆</small><span class="username" data-name="inkbug1">inkbug1</span>:</strong> <em>oh its probably z-crsytal</em></div><div class="chat chatmessage-theultrafinder"><strong style="color:#946524"><small>☆</small><span class="username" data-name="TheUltraFinder">TheUltraFinder</span>:</strong> <em>Yep</em></div><div class="chat chatmessage-inkbug1 mine"><strong style="color:#e46e0f"><small>☆</small><span class="username" data-name="inkbug1">inkbug1</span>:</strong> <em>which it shouldnt be </em></div><div class="chat chatmessage-inkbug1 mine"><strong style="color:#e46e0f"><small>☆</small><span class="username" data-name="inkbug1">inkbug1</span>:</strong> <em>havent gotten around to deleting that yet</em></div><div class="chat chatmessage-theultrafinder"><strong style="color:#946524"><small>☆</small><span class="username" data-name="TheUltraFinder">TheUltraFinder</span>:</strong> <em>and judgement isn’t electric type yet</em></div><div class="spacer battle-history"><br></div><div class="battle-history">The opposing Arceus used <strong>Judgment</strong>!<br></div><div class="battle-history"><small>(Thundurus lost <abbr title="−81/263">30.8%</abbr> of its health!)</small><br></div><div class="spacer battle-history"><br></div><div class="battle-history">Thundurus used <strong>Focus Blast</strong>!<br></div><div class="battle-history"><small>(The opposing Arceus lost 44% of its health!)</small><br></div><div class="spacer battle-history"><br></div><h2 class="battle-history">Turn 7</h2><div class="spacer battle-history"><br></div><div class="battle-history">The opposing Arceus used <strong>Judgment</strong>!<br></div><div class="battle-history"><small>(Thundurus lost <abbr title="−74/263">28.1%</abbr> of its health!)</small><br></div><div class="spacer battle-history"><br></div><div class="battle-history">Thundurus used <strong>Focus Blast</strong>!<br></div><div class="battle-history"><small>(The opposing Arceus lost 46% of its health!)</small><br></div><div class="spacer battle-history"><br></div><h2 class="battle-history">Turn 8</h2><div class="spacer battle-history"><br></div><div class="battle-history">The opposing Arceus used <strong>Recover</strong>!<br></div><div class="battle-history"><small>The opposing Arceus had its HP restored.</small><br></div><div class="spacer battle-history"><br></div><div class="battle-history">Thundurus used <strong>Focus Blast</strong>!<br></div><div class="battle-history"><small>(The opposing Arceus lost 45% of its health!)</small><br></div><div class="spacer battle-history"><br></div><h2 class="battle-history">Turn 9</h2><div class="spacer battle-history"><br></div><div class="battle-history">Thundurus, come back!<br></div><div class="battle-history">Go! <strong>Gengar</strong>!<br></div><div class="spacer battle-history"><br></div><div class="battle-history">The opposing Arceus used <strong>Recover</strong>!<br></div><div class="battle-history"><small>The opposing Arceus had its HP restored.</small><br></div><div class="spacer battle-history"><br></div><h2 class="battle-history">Turn 10</h2><div class="spacer battle-history"><br></div><div class="battle-history">The opposing Arceus used <strong>Calm Mind</strong>!<br></div><div class="battle-history"><small>The opposing Arceus's Sp. Atk rose!</small><br></div><div class="battle-history"><small>The opposing Arceus's Sp. Def rose!</small><br></div><div class="spacer battle-history"><br></div><div class="battle-history">Gengar used <strong>Disable</strong>!<br></div><div class="battle-history"><small>The opposing Arceus's Calm Mind was disabled!</small><br></div><div class="spacer battle-history"><br></div><h2 class="battle-history">Turn 11</h2><div class="spacer battle-history"><br></div><div class="battle-history">The opposing Arceus used <strong>Earth Power</strong>!<br></div><div class="battle-history"><small>It's super effective!</small><br></div><div class="battle-history"><small>A critical hit!</small><br></div><div class="battle-history"><small>(Gengar lost <abbr title="−233/233">100%</abbr> of its health!)</small><br></div><div class="spacer battle-history"><br></div><div class="battle-history">Gengar fainted!<br></div><div class="spacer battle-history"><br></div><div class="battle-history">Go! <strong>Indeedee</strong>!<br></div><div class="battle-history">[Indeedee's Psychic Surge]<br><small>The battlefield got weird!</small><br></div><div class="spacer battle-history"><br></div><h2 class="battle-history">Turn 12</h2><div class="spacer battle-history"><br></div><div class="battle-history">Indeedee used <strong>Expanding Force</strong>!<br></div><div class="battle-history"><small>(The opposing Arceus lost 32% of its health!)</small><br></div><div class="spacer battle-history"><br></div><div class="battle-history">The opposing Arceus used <strong>Judgment</strong>!<br></div><div class="battle-history"><small>(Indeedee lost <abbr title="−105/238">44.1%</abbr> of its health!)</small><br></div><div class="spacer battle-history"><br></div><h2 class="battle-history">Turn 13</h2><div class="spacer battle-history"><br></div><div class="battle-history">Indeedee used <strong>Expanding Force</strong>!<br></div><div class="battle-history"><small>(The opposing Arceus lost 29% of its health!)</small><br></div><div class="spacer battle-history"><br></div><div class="battle-history">The opposing Arceus used <strong>Recover</strong>!<br></div><div class="battle-history"><small>The opposing Arceus had its HP restored.</small><br></div><div class="spacer battle-history"><br></div><h2 class="battle-history">Turn 14</h2><div class="spacer battle-history"><br></div><div class="battle-history">Indeedee used <strong>Expanding Force</strong>!<br></div><div class="battle-history"><small>(The opposing Arceus lost 34% of its health!)</small><br></div><div class="spacer battle-history"><br></div><div class="battle-history">The opposing Arceus used <strong>Recover</strong>!<br></div><div class="battle-history"><small>The opposing Arceus had its HP restored.</small><br></div><div class="spacer battle-history"><br></div><div class="battle-history"><small>The opposing Arceus's move is no longer disabled!</small><br></div><div class="spacer battle-history"><br></div><h2 class="battle-history">Turn 15</h2><div class="spacer battle-history"><br></div><div class="battle-history">Indeedee, come back!<br></div><div class="battle-history">Go! Thundurus (<strong>Thundurus-Therian</strong>)!<br></div><div class="spacer battle-history"><br></div><div class="battle-history">The opposing Arceus used <strong>Calm Mind</strong>!<br></div><div class="battle-history"><small>The opposing Arceus's Sp. Atk rose!</small><br></div><div class="battle-history"><small>The opposing Arceus's Sp. Def rose!</small><br></div><div class="spacer battle-history"><br></div><h2 class="battle-history">Turn 16</h2><div class="chat chatmessage-theultrafinder"><strong style="color:#946524"><small>☆</small><span class="username" data-name="TheUltraFinder">TheUltraFinder</span>:</strong> <em>So add z-arceus to delete list </em></div><div class="spacer battle-history"><br></div><div class="battle-history">The opposing Arceus used <strong>Judgment</strong>!<br></div><div class="battle-history"><small>(Thundurus lost <abbr title="−108/263">41.1%</abbr> of its health!)</small><br></div><div class="spacer battle-history"><br></div><div class="battle-history">Thundurus fainted!<br></div><div class="spacer battle-history"><br></div><div class="battle-history"><small>The weirdness disappeared from the battlefield!</small><br></div><div class="chat chatmessage-inkbug1 mine"><strong style="color:#e46e0f"><small>☆</small><span class="username" data-name="inkbug1">inkbug1</span>:</strong> <em>it been on the list for awhile now</em></div><div class="spacer battle-history"><br></div><div class="battle-history">Go! <strong>Indeedee</strong>!<br></div><div class="battle-history">[Indeedee's Psychic Surge]<br><small>The battlefield got weird!</small><br></div><div class="spacer battle-history"><br></div><h2 class="battle-history">Turn 17</h2><div class="spacer battle-history"><br></div><div class="battle-history">Indeedee used <strong>Mystical Fire</strong>!<br></div><div class="battle-history"><small>(The opposing Arceus lost 7% of its health!)</small><br></div><div class="battle-history"><small>The opposing Arceus's Sp. Atk fell!</small><br></div><div class="spacer battle-history"><br></div><div class="battle-history">The opposing Arceus used <strong>Calm Mind</strong>!<br></div><div class="battle-history"><small>The opposing Arceus's Sp. Atk rose!</small><br></div><div class="battle-history"><small>The opposing Arceus's Sp. Def rose!</small><br></div><div class="spacer battle-history"><br></div><h2 class="battle-history">Turn 18</h2><div class="spacer battle-history"><br></div><div class="battle-history">Indeedee used <strong>Mystical Fire</strong>!<br></div><div class="battle-history"><small>(The opposing Arceus lost 6% of its health!)</small><br></div><div class="battle-history"><small>The opposing Arceus's Sp. Atk fell!</small><br></div><div class="spacer battle-history"><br></div><div class="battle-history">The opposing Arceus used <strong>Calm Mind</strong>!<br></div><div class="battle-history"><small>The opposing Arceus's Sp. Atk rose!</small><br></div><div class="battle-history"><small>The opposing Arceus's Sp. Def rose!</small><br></div><div class="spacer battle-history"><br></div><h2 class="battle-history">Turn 19</h2><div class="spacer battle-history"><br></div><div class="battle-history">Indeedee used <strong>Mystical Fire</strong>!<br></div><div class="battle-history"><small>(The opposing Arceus lost 5% of its health!)</small><br></div><div class="battle-history"><small>The opposing Arceus's Sp. Atk fell!</small><br></div><div class="spacer battle-history"><br></div><div class="battle-history">The opposing Arceus used <strong>Judgment</strong>!<br></div><div class="battle-history"><small>(Indeedee lost <abbr title="−110/238">46.2%</abbr> of its health!)</small><br></div><div class="spacer battle-history"><br></div><h2 class="battle-history">Turn 20</h2><div class="spacer battle-history"><br></div><div class="battle-history">Indeedee used <strong>Mystical Fire</strong>!<br></div><div class="battle-history"><small>(The opposing Arceus lost 5% of its health!)</small><br></div><div class="battle-history"><small>The opposing Arceus's Sp. Atk fell!</small><br></div><div class="spacer battle-history"><br></div><div class="battle-history">The opposing Arceus used <strong>Calm Mind</strong>!<br></div><div class="battle-history"><small>The opposing Arceus's Sp. Atk rose!</small><br></div><div class="battle-history"><small>The opposing Arceus's Sp. Def rose!</small><br></div><div class="spacer battle-history"><br></div><h2 class="battle-history">Turn 21</h2><div class="spacer battle-history"><br></div><div class="battle-history">Indeedee used <strong>Mystical Fire</strong>!<br></div><div class="battle-history"><small>(The opposing Arceus lost 5% of its health!)</small><br></div><div class="battle-history"><small>The opposing Arceus's Sp. Atk fell!</small><br></div><div class="spacer battle-history"><br></div><div class="battle-history">The opposing Arceus used <strong>Judgment</strong>!<br></div><div class="battle-history"><small>(Indeedee lost <abbr title="−23/238">9.7%</abbr> of its health!)</small><br></div><div class="spacer battle-history"><br></div><div class="battle-history">Indeedee fainted!<br></div><div class="spacer battle-history"><br></div><div class="battle-history"><small>The weirdness disappeared from the battlefield!</small><br></div><div class="spacer battle-history"><br></div><div class="battle-history">Go! <strong>Volbeat</strong>!<br></div><div class="spacer battle-history"><br></div><h2 class="battle-history">Turn 22</h2><div class="spacer battle-history"><br></div><div class="battle-history">Volbeat used <strong>Tailwind</strong>!<br></div><div class="battle-history"><small>The Tailwind blew from behind your team!</small><br></div><div class="spacer battle-history"><br></div><div class="battle-history">The opposing Arceus used <strong>Recover</strong>!<br></div><div class="battle-history"><small>The opposing Arceus had its HP restored.</small><br></div><div class="spacer battle-history"><br></div><h2 class="battle-history">Turn 23</h2><div class="spacer battle-history"><br></div><div class="battle-history">Volbeat used <strong>U-turn</strong>!<br></div><div class="battle-history"><small>(The opposing Arceus lost 17% of its health!)</small><br></div><div class="spacer battle-history"><br></div><div class="battle-history">Volbeat went back to inkbug1!<br></div><div class="battle-history">Go! <strong>Rotom</strong>!<br></div><div class="spacer battle-history"><br></div><div class="battle-history">The opposing Arceus used <strong>Calm Mind</strong>!<br></div><div class="battle-history"><small>The opposing Arceus's Sp. Atk rose!</small><br></div><div class="battle-history"><small>The opposing Arceus's Sp. Def rose!</small><br></div><div class="spacer battle-history"><br></div><h2 class="battle-history">Turn 24</h2><div class="chat chatmessage-theultrafinder"><strong style="color:#946524"><small>☆</small><span class="username" data-name="TheUltraFinder">TheUltraFinder</span>:</strong> <em>Volbeta knows tailwind?</em></div><div class="spacer battle-history"><br></div><div class="battle-history">Rotom used <strong>Will-O-Wisp</strong>!<br></div><div class="battle-history"><small>The opposing Arceus was burned!</small><br></div><div class="spacer battle-history"><br></div><div class="battle-history">The opposing Arceus used <strong>Calm Mind</strong>!<br></div><div class="battle-history"><small>The opposing Arceus's Sp. Atk rose!</small><br></div><div class="battle-history"><small>The opposing Arceus's Sp. Def won't go any higher!</small><br></div><div class="spacer battle-history"><br></div><div class="battle-history"><small>The opposing Arceus was hurt by its burn!</small><br></div><div class="spacer battle-history"><br></div><h2 class="battle-history">Turn 25</h2><div class="spacer battle-history"><br></div><div class="battle-history">Rotom used <strong>Shadow Ball</strong>!<br></div><div class="battle-history"><small>(The opposing Arceus lost 9% of its health!)</small><br></div><div class="battle-history"><small>The opposing Arceus's Sp. Def fell!</small><br></div><div class="battle-history"><small>Rotom lost some of its HP!</small><br></div><div class="spacer battle-history"><br></div><div class="battle-history">The opposing Arceus used <strong>Judgment</strong>!<br></div><div class="battle-history"><small>It doesn't affect Rotom...</small><br></div><div class="spacer battle-history"><br></div><div class="battle-history"><small>The opposing Arceus was hurt by its burn!</small><br></div><div class="battle-history"><small>Your team's Tailwind petered out!</small><br></div><div class="spacer battle-history"><br></div><h2 class="battle-history">Turn 26</h2><div class="chat chatmessage-theultrafinder"><strong style="color:#946524"><small>☆</small><span class="username" data-name="TheUltraFinder">TheUltraFinder</span>:</strong> <em>Uh</em></div><div class="chat chatmessage-theultrafinder"><strong style="color:#946524"><small>☆</small><span class="username" data-name="TheUltraFinder">TheUltraFinder</span>:</strong> <em>Oh</em></div><div class="chat chatmessage-theultrafinder"><strong style="color:#946524"><small>☆</small><span class="username" data-name="TheUltraFinder">TheUltraFinder</span>:</strong> <em>zcrystal thing</em></div><div class="spacer battle-history"><br></div><div class="battle-history">TheUltraFinder withdrew Arceus!<br></div><div class="battle-history">TheUltraFinder sent out <strong>Obstagoon</strong>!<br></div><div class="spacer battle-history"><br></div><div class="battle-history">Rotom used <strong>Shadow Ball</strong>!<br></div><div class="battle-history"><small>It doesn't affect the opposing Obstagoon...</small><br></div><div class="spacer battle-history"><br></div><div class="battle-history"><small>The opposing Obstagoon was burned!</small><br></div><div class="spacer battle-history"><br></div><h2 class="battle-history">Turn 27</h2><div class="spacer battle-history"><br></div><div class="battle-history">The opposing Obstagoon used <strong>Knock Off</strong>!<br></div><div class="battle-history"><small>It's super effective!</small><br></div><div class="battle-history"><small>(Rotom lost <abbr title="−204/226">90.3%</abbr> of its health!)</small><br></div><div class="battle-history"><small>The opposing Obstagoon knocked off Rotom's Life Orb!</small><br></div><div class="spacer battle-history"><br></div><div class="battle-history">Rotom fainted!<br></div><div class="spacer battle-history"><br></div><div class="battle-history"><small>The opposing Obstagoon was hurt by its burn!</small><br></div><div class="chat chatmessage-theultrafinder"><strong style="color:#946524"><small>☆</small><span class="username" data-name="TheUltraFinder">TheUltraFinder</span>:</strong> <em>Gg</em></div><div class="spacer battle-history"><br></div><div class="battle-history">Go! <strong>Volbeat</strong>!<br></div><div class="spacer battle-history"><br></div><h2 class="battle-history">Turn 28</h2><div class="chat chatmessage-inkbug1 mine"><strong style="color:#e46e0f"><small>☆</small><span class="username" data-name="inkbug1">inkbug1</span>:</strong> <em>my team was all special attackers i could do nothing :') </em></div><div class="spacer battle-history"><br></div><div class="battle-history">The opposing Obstagoon used <strong>Facade</strong>!<br></div><div class="battle-history"><small>(Volbeat lost <abbr title="−235/258">91.1%</abbr> of its health!)</small><br></div><div class="spacer battle-history"><br></div><div class="battle-history">Volbeat used <strong>U-turn</strong>!<br></div><div class="battle-history"><small>It's super effective!</small><br></div><div class="battle-history"><small>(The opposing Obstagoon lost 43% of its health!)</small><br></div><div class="spacer battle-history"><br></div><div class="battle-history"><small>The opposing Obstagoon was hurt by its burn!</small><br></div><div class="spacer battle-history"><br></div><h2 class="battle-history">Turn 29</h2><div class="spacer battle-history"><br></div><div class="battle-history">Volbeat used <strong>Roost</strong>!<br></div><div class="battle-history"><small>Volbeat had its HP restored.</small><br></div><div class="spacer battle-history"><br></div><div class="battle-history">The opposing Obstagoon used <strong>Facade</strong>!<br></div><div class="battle-history"><small>(Volbeat lost <abbr title="−152/258">58.9%</abbr> of its health!)</small><br></div><div class="spacer battle-history"><br></div><div class="battle-history">Volbeat fainted!<br></div><div class="spacer battle-history"><br></div><div class="battle-history"><strong>TheUltraFinder</strong> won the battle!<br></div><div class="chat chatmessage-theultrafinder"><strong style="color:#946524"><small>☆</small><span class="username" data-name="TheUltraFinder">TheUltraFinder</span>:</strong> <em>Besides kang</em></div></div><div class="inner-preempt message-log"></div></div></div>
</div>
<script>
let daily = Math.floor(Date.now()/1000/60/60/24);document.write('<script src="https://dragonheaven.herokuapp.com/js/replay-embed.js?version'+daily+'"></'+'script>');
</script>
