<!DOCTYPE html>
<meta charset="utf-8" />
<!-- version 1 -->
<title>[Gen 8] Megas for All replay: TEST_BlueRay vs. Gravity Monkey</title>
<style>
html,body {font-family:Verdana, sans-serif;font-size:10pt;margin:0;padding:0;}body{padding:12px 0;} .battle-log {font-family:Verdana, sans-serif;font-size:10pt;} .battle-log-inline {border:1px solid #AAAAAA;background:#EEF2F5;color:black;max-width:640px;margin:0 auto 80px;padding-bottom:5px;} .battle-log .inner {padding:4px 8px 0px 8px;} .battle-log .inner-preempt {padding:0 8px 4px 8px;} .battle-log .inner-after {margin-top:0.5em;} .battle-log h2 {margin:0.5em -8px;padding:4px 8px;border:1px solid #AAAAAA;background:#E0E7EA;border-left:0;border-right:0;font-family:Verdana, sans-serif;font-size:13pt;} .battle-log .chat {vertical-align:middle;padding:3px 0 3px 0;font-size:8pt;} .battle-log .chat strong {color:#40576A;} .battle-log .chat em {padding:1px 4px 1px 3px;color:#000000;font-style:normal;} .chat.mine {background:rgba(0,0,0,0.05);margin-left:-8px;margin-right:-8px;padding-left:8px;padding-right:8px;} .spoiler {color:#BBBBBB;background:#BBBBBB;padding:0px 3px;} .spoiler:hover, .spoiler:active, .spoiler-shown {color:#000000;background:#E2E2E2;padding:0px 3px;} .spoiler a {color:#BBBBBB;} .spoiler:hover a, .spoiler:active a, .spoiler-shown a {color:#2288CC;} .chat code, .chat .spoiler:hover code, .chat .spoiler:active code, .chat .spoiler-shown code {border:1px solid #C0C0C0;background:#EEEEEE;color:black;padding:0 2px;} .chat .spoiler code {border:1px solid #CCCCCC;background:#CCCCCC;color:#CCCCCC;} .battle-log .rated {padding:3px 4px;} .battle-log .rated strong {color:white;background:#89A;padding:1px 4px;border-radius:4px;} .spacer {margin-top:0.5em;} .message-announce {background:#6688AA;color:white;padding:1px 4px 2px;} .message-announce a, .broadcast-green a, .broadcast-blue a, .broadcast-red a {color:#DDEEFF;} .broadcast-green {background-color:#559955;color:white;padding:2px 4px;} .broadcast-blue {background-color:#6688AA;color:white;padding:2px 4px;} .infobox {border:1px solid #6688AA;padding:2px 4px;} .infobox-limited {max-height:200px;overflow:auto;overflow-x:hidden;} .broadcast-red {background-color:#AA5544;color:white;padding:2px 4px;} .message-learn-canlearn {font-weight:bold;color:#228822;text-decoration:underline;} .message-learn-cannotlearn {font-weight:bold;color:#CC2222;text-decoration:underline;} .message-effect-weak {font-weight:bold;color:#CC2222;} .message-effect-resist {font-weight:bold;color:#6688AA;} .message-effect-immune {font-weight:bold;color:#666666;} .message-learn-list {margin-top:0;margin-bottom:0;} .message-throttle-notice, .message-error {color:#992222;} .message-overflow, .chat small.message-overflow {font-size:0pt;} .message-overflow::before {font-size:9pt;content:'...';} .subtle {color:#3A4A66;}
</style>
<div class="wrapper replay-wrapper" style="max-width:1180px;margin:0 auto">
<input type="hidden" name="replayid" value="dragonheaven-gen8megasforall-287" />
<div class="battle"></div><div class="battle-log"></div><div class="replay-controls"></div><div class="replay-controls-2"></div>
<h1 style="font-weight:normal;text-align:center"><strong>[Gen 8] Megas for All</strong><br /><a href="http://pokemonshowdown.com/users/testblueray" class="subtle" target="_blank">TEST_BlueRay</a> vs. <a href="http://pokemonshowdown.com/users/gravitymonkey" class="subtle" target="_blank">Gravity Monkey</a></h1>
<script type="text/plain" class="battle-log-data">|j|☆TEST_BlueRay

|j|☆Gravity Monkey
|t:|1620497119
|player|p1|TEST_BlueRay|cyclist-gen4|
|player|p2|Gravity Monkey|nita|
|teamsize|p1|6
|teamsize|p2|6
|gametype|singles
|gen|8
|tier|[Gen 8] Megas for All
|clearpoke
|poke|p1|Toxtricity-Low-Key, F|
|poke|p1|Corviknight, M|
|poke|p1|Inteleon, M|
|poke|p1|Rillaboom, F|
|poke|p1|Zapdos-Galar|
|poke|p1|Sandaconda, F|
|poke|p2|Keldeo-Resolute|
|poke|p2|Ferrothorn, F|
|poke|p2|Landorus-Therian, M|
|poke|p2|Zebstrika, F|
|poke|p2|Mandibuzz, F|
|poke|p2|Victini|
|rule|HP Percentage Mod: HP is shown in percentages
|rule|Endless Battle Clause: Forcing endless battles is banned
|rule|OHKO Clause: OHKO moves are banned
|rule|Evasion Moves Clause: Evasion moves are banned
|rule|Species Clause: Limit one of each Pokémon
|rule|Dynamax Clause: You cannot dynamax
|rule|Sleep Clause Mod: Limit one foe put to sleep
|rule|Freeze Clause Mod: Limit one foe frozen
|raw|<img src="https:\/\/www.smogon.com\/forums\/attachments\/banner_2-png.302358\/" height="65" width="381">
|-message|Welcome to Megas for All!
|-message|This is a National Dex-based format where we aim to give a new Mega Evolution to every Pokémon.
|-message|Just like any official format, you can still only Mega Evolve one Pokémon per team!
|-message|You can find our thread and metagame resources here:
|-message|https:\/\/www.smogon.com\/forums\/threads\/3671140\/
|teampreview
|j| Pickinandchoosin
|c|☆Gravity Monkey|gl hf
|c|☆TEST_BlueRay|Glhf
|c| Pickinandchoosin|glhf to both
|j| JosJet
|c| Pickinandchoosin|Unova vs Galar
|c| JosJet|glhf!!
|j| Not mossy
|j| TEST Sticky Fingaa
|
|t:|1620497149
|start
|switch|p1a: Toxtricroak|Toxtricity-Low-Key, F|353\/353
|switch|p2a: Victini|Victini|100\/100
|turn|1
|c| Not mossy|LET'S GO GRAVITY
|c| TEST Sticky Fingaa|glhf
|
|t:|1620497185
|detailschange|p1a: Toxtricroak|Toxtricity-Low-Key-Mega, F
|-mega|p1a: Toxtricroak|Toxtricity|Toxtricitite
|-status|p2a: Victini|psn|[from] ability: Acid Rock|[of] p1a: Toxtricroak
|-hint|Poison inflicted through Acid Rock is only half as damaging as normal poison.
|-start|p1a: Toxtricroak|typechange|Electric\/Poison|[silent]
|raw|<ul class="utilichart"><li class="result"><span class="col pokemonnamecol" style="white-space: nowrap">Toxtricity-Low-Key-Mega<\/span> <span class="col typecol"><img src="https:\/\/play.pokemonshowdown.com\/sprites\/types\/Electric.png" alt="Electric" height="14" width="32"><img src="https:\/\/play.pokemonshowdown.com\/sprites\/types\/Poison.png" alt="Poison" height="14" width="32"><\/span> <span style="float: left ; min-height: 26px"><span class="col abilitycol">Acid Rock<\/span><span class="col abilitycol"><\/span><\/span><span style="float: left ; min-height: 26px"><span class="col statcol"><em>HP<\/em><br>75<\/span> <span class="col statcol"><em>Atk<\/em><br>98<\/span> <span class="col statcol"><em>Def<\/em><br>100<\/span> <span class="col statcol"><em>SpA<\/em><br>114<\/span> <span class="col statcol"><em>SpD<\/em><br>140<\/span> <span class="col statcol"><em>Spe<\/em><br>75<\/span> <\/span><\/li><li style="clear: both"><\/li><\/ul>
|move|p1a: Toxtricroak|Protect|p1a: Toxtricroak
|-singleturn|p1a: Toxtricroak|Protect
|move|p2a: Victini|U-turn|p1a: Toxtricroak
|-activate|p1a: Toxtricroak|move: Protect
|
|-damage|p2a: Victini|94\/100 psn|[from] psn
|upkeep
|turn|2
|j| Ninjacid
|j| Heroshard
|
|t:|1620497202
|switch|p2a: Landorus|Landorus-Therian, M|100\/100
|-ability|p2a: Landorus|Intimidate|boost
|-unboost|p1a: Toxtricroak|atk|1
|move|p1a: Toxtricroak|Sludge Wave|p2a: Landorus
|-resisted|p2a: Landorus
|-damage|p2a: Landorus|80\/100
|-status|p2a: Landorus|psn
|
|-heal|p2a: Landorus|86\/100 psn|[from] item: Leftovers
|-damage|p2a: Landorus|74\/100 psn|[from] psn
|upkeep
|turn|3
|c| Ninjacid|Good luck blue!!
|
|t:|1620497214
|switch|p1a: Fidelis|Corviknight, M|400\/400
|-ability|p1a: Fidelis|Pressure
|move|p2a: Landorus|Stealth Rock|p1a: Fidelis
|-sidestart|p1: TEST_BlueRay|move: Stealth Rock
|
|-heal|p2a: Landorus|80\/100 psn|[from] item: Leftovers
|-damage|p2a: Landorus|68\/100 psn|[from] psn
|upkeep
|turn|4
|l| Heroshard
|
|t:|1620497234
|switch|p2a: Zebstrika|Zebstrika, F|100\/100
|move|p1a: Fidelis|U-turn|p2a: Zebstrika
|-damage|p2a: Zebstrika|76\/100
|
|t:|1620497239
|switch|p1a: Toxtricroak|Toxtricity-Low-Key-Mega, F|353\/353
|-damage|p1a: Toxtricroak|309\/353|[from] Stealth Rock
|-start|p1a: Toxtricroak|typechange|Electric\/Poison|[silent]
|-status|p2a: Zebstrika|psn|[from] ability: Acid Rock|[of] p1a: Toxtricroak
|-hint|Poison inflicted through Acid Rock is only half as damaging as normal poison.
|
|-damage|p2a: Zebstrika|70\/100 psn|[from] psn
|upkeep
|turn|5
|
|t:|1620497252
|detailschange|p2a: Zebstrika|Zebstrika-Mega, F
|-mega|p2a: Zebstrika|Zebstrika|Zebstrikanite
|-start|p2a: Zebstrika|typechange|Electric|[silent]
|raw|<ul class="utilichart"><li class="result"><span class="col pokemonnamecol" style="white-space: nowrap">Zebstrika-Mega<\/span> <span class="col typecol"><img src="https:\/\/play.pokemonshowdown.com\/sprites\/types\/Electric.png" alt="Electric" height="14" width="32"><\/span> <span style="float: left ; min-height: 26px"><span class="col abilitycol">Vajra<\/span><span class="col abilitycol"><\/span><\/span><span style="float: left ; min-height: 26px"><span class="col statcol"><em>HP<\/em><br>75<\/span> <span class="col statcol"><em>Atk<\/em><br>120<\/span> <span class="col statcol"><em>Def<\/em><br>78<\/span> <span class="col statcol"><em>SpA<\/em><br>80<\/span> <span class="col statcol"><em>SpD<\/em><br>108<\/span> <span class="col statcol"><em>Spe<\/em><br>136<\/span> <\/span><\/li><li style="clear: both"><\/li><\/ul>
|move|p2a: Zebstrika|Volt Switch|p1a: Toxtricroak
|-resisted|p1a: Toxtricroak
|-damage|p1a: Toxtricroak|293\/353
|
|t:|1620497256
|switch|p2a: Ferrothorn|Ferrothorn, F|100\/100|[from]move: Volt Switch
|move|p1a: Toxtricroak|Volt Switch|p2a: Ferrothorn
|-resisted|p2a: Ferrothorn
|-damage|p2a: Ferrothorn|92\/100
|
|t:|1620497263
|switch|p1a: Zapdos|Zapdos-Galar|321\/321
|-damage|p1a: Zapdos|281\/321|[from] Stealth Rock
|
|-heal|p2a: Ferrothorn|98\/100|[from] item: Leftovers
|upkeep
|turn|6
|
|t:|1620497281
|move|p1a: Zapdos|Close Combat|p2a: Ferrothorn
|-supereffective|p2a: Ferrothorn
|-damage|p2a: Ferrothorn|0 fnt
|-unboost|p1a: Zapdos|def|1
|-unboost|p1a: Zapdos|spd|1
|-damage|p1a: Zapdos|241\/321|[from] ability: Iron Barbs|[of] p2a: Ferrothorn
|faint|p2a: Ferrothorn
|
|upkeep
|
|t:|1620497290
|switch|p2a: Victini|Victini|94\/100 psn
|turn|7
|
|t:|1620497303
|switch|p1a: Sandaconda|Sandaconda, F|348\/348
|-damage|p1a: Sandaconda|327\/348|[from] Stealth Rock
|move|p2a: Victini|U-turn|p1a: Sandaconda
|-damage|p1a: Sandaconda|265\/348
|
|t:|1620497309
|switch|p2a: Keldeo|Keldeo-Resolute|100\/100|[from]move: U-turn
|
|-heal|p1a: Sandaconda|286\/348|[from] item: Leftovers
|upkeep
|turn|8
|
|t:|1620497316
|move|p2a: Keldeo|Secret Sword|p1a: Sandaconda
|-damage|p1a: Sandaconda|166\/348
|move|p1a: Sandaconda|Glare|p2a: Keldeo
|-status|p2a: Keldeo|par
|
|-heal|p1a: Sandaconda|187\/348|[from] item: Leftovers
|upkeep
|turn|9
|
|t:|1620497327
|move|p1a: Sandaconda|Stealth Rock|p2a: Keldeo
|-sidestart|p2: Gravity Monkey|move: Stealth Rock
|move|p2a: Keldeo|Taunt|p1a: Sandaconda
|-start|p1a: Sandaconda|move: Taunt
|
|-heal|p1a: Sandaconda|208\/348|[from] item: Leftovers
|upkeep
|turn|10
|c| TEST Sticky Fingaa|nice
|
|t:|1620497335
|switch|p2a: Mandibuzz|Mandibuzz, F|100\/100
|move|p1a: Sandaconda|High Horsepower|p2a: Mandibuzz
|-immune|p2a: Mandibuzz
|
|-heal|p1a: Sandaconda|229\/348|[from] item: Leftovers
|upkeep
|turn|11
|
|t:|1620497344
|switch|p1a: Toxtricroak|Toxtricity-Low-Key-Mega, F|293\/353
|-damage|p1a: Toxtricroak|249\/353|[from] Stealth Rock
|-start|p1a: Toxtricroak|typechange|Electric\/Poison|[silent]
|-status|p2a: Mandibuzz|psn|[from] ability: Acid Rock|[of] p1a: Toxtricroak
|-hint|Poison inflicted through Acid Rock is only half as damaging as normal poison.
|move|p2a: Mandibuzz|Defog|p1a: Toxtricroak
|-unboost|p1a: Toxtricroak|evasion|1
|-sideend|p1: TEST_BlueRay|Stealth Rock|[from] move: Defog|[of] p2a: Mandibuzz
|-sideend|p2: Gravity Monkey|Stealth Rock|[from] move: Defog|[of] p2a: Mandibuzz
|
|-damage|p2a: Mandibuzz|94\/100 psn|[from] psn
|upkeep
|turn|12
|
|t:|1620497356
|switch|p2a: Victini|Victini|94\/100 psn
|move|p1a: Toxtricroak|Slack Off|p1a: Toxtricroak
|-heal|p1a: Toxtricroak|353\/353
|
|-damage|p2a: Victini|88\/100 psn|[from] psn
|upkeep
|turn|13
|
|t:|1620497365
|move|p1a: Toxtricroak|Protect|p1a: Toxtricroak
|-singleturn|p1a: Toxtricroak|Protect
|move|p2a: Victini|V-create|p1a: Toxtricroak
|-activate|p1a: Toxtricroak|move: Protect
|
|-damage|p2a: Victini|82\/100 psn|[from] psn
|upkeep
|turn|14
|
|t:|1620497374
|switch|p1a: Sandaconda|Sandaconda, F|229\/348
|move|p2a: Victini|V-create|p1a: Sandaconda
|-damage|p1a: Sandaconda|27\/348
|-unboost|p2a: Victini|spe|1
|-unboost|p2a: Victini|def|1
|-unboost|p2a: Victini|spd|1
|
|-heal|p1a: Sandaconda|48\/348|[from] item: Leftovers
|-damage|p2a: Victini|76\/100 psn|[from] psn
|upkeep
|turn|15
|
|t:|1620497386
|move|p2a: Victini|V-create|p1a: Sandaconda
|-damage|p1a: Sandaconda|0 fnt
|-unboost|p2a: Victini|spe|1
|-unboost|p2a: Victini|def|1
|-unboost|p2a: Victini|spd|1
|faint|p1a: Sandaconda
|
|-damage|p2a: Victini|70\/100 psn|[from] psn
|upkeep
|
|t:|1620497402
|switch|p1a: Inteleon|Inteleon, M|281\/281
|turn|16
|
|t:|1620497407
|switch|p2a: Keldeo|Keldeo-Resolute|100\/100 par
|move|p1a: Inteleon|Scald|p2a: Keldeo
|-resisted|p2a: Keldeo
|-damage|p2a: Keldeo|69\/100 par
|
|upkeep
|turn|17
|
|t:|1620497417
|switch|p1a: Toxtricroak|Toxtricity-Low-Key-Mega, F|353\/353
|-start|p1a: Toxtricroak|typechange|Electric\/Poison|[silent]
|cant|p2a: Keldeo|par
|
|upkeep
|turn|18
|
|t:|1620497424
|move|p1a: Toxtricroak|Sludge Wave|p2a: Keldeo
|-damage|p2a: Keldeo|28\/100 par
|cant|p2a: Keldeo|par
|
|upkeep
|turn|19
|
|t:|1620497430
|move|p1a: Toxtricroak|Sludge Wave|p2a: Keldeo
|-damage|p2a: Keldeo|0 fnt
|faint|p2a: Keldeo
|
|upkeep
|
|t:|1620497431
|switch|p2a: Landorus|Landorus-Therian, M|68\/100 psn
|-ability|p2a: Landorus|Intimidate|boost
|-unboost|p1a: Toxtricroak|atk|1
|turn|20
|
|t:|1620497447
|switch|p1a: Fidelis|Corviknight, M|400\/400
|-ability|p1a: Fidelis|Pressure
|move|p2a: Landorus|Stealth Rock|p1a: Fidelis
|-sidestart|p1: TEST_BlueRay|move: Stealth Rock
|
|-heal|p2a: Landorus|74\/100 psn|[from] item: Leftovers
|-damage|p2a: Landorus|61\/100 psn|[from] psn
|upkeep
|turn|21
|j| ASnomPlaysShowdown
|c| ASnomPlaysShowdown|Yo hi
|
|t:|1620497457
|move|p2a: Landorus|U-turn|p1a: Fidelis
|-resisted|p1a: Fidelis
|-damage|p1a: Fidelis|388\/400
|
|t:|1620497460
|switch|p2a: Zebstrika|Zebstrika-Mega, F|70\/100 psn|[from]move: U-turn
|-start|p2a: Zebstrika|typechange|Electric|[silent]
|move|p1a: Fidelis|U-turn|p2a: Zebstrika
|-damage|p2a: Zebstrika|48\/100 psn
|
|t:|1620497474
|switch|p1a: Primavera|Rillaboom, F, shiny|341\/341
|-damage|p1a: Primavera|299\/341|[from] Stealth Rock
|-fieldstart|move: Grassy Terrain|[from] ability: Grassy Surge|[of] p1a: Primavera
|
|-heal|p2a: Zebstrika|54\/100 psn|[from] Grassy Terrain
|-heal|p1a: Primavera|320\/341|[from] Grassy Terrain
|-damage|p2a: Zebstrika|48\/100 psn|[from] psn
|upkeep
|turn|22
|c| JosJet|hey indigo!
|
|t:|1620497486
|move|p1a: Primavera|Grassy Glide|p2a: Zebstrika
|-damage|p2a: Zebstrika|0 fnt
|faint|p2a: Zebstrika
|
|-heal|p1a: Primavera|341\/341|[from] Grassy Terrain
|upkeep
|c| ASnomPlaysShowdown|Go Blue!
|
|t:|1620497490
|switch|p2a: Victini|Victini|70\/100 psn
|turn|23
|
|t:|1620497498
|switch|p1a: Toxtricroak|Toxtricity-Low-Key-Mega, F|353\/353
|-start|p1a: Toxtricroak|typechange|Electric\/Poison|[silent]
|-damage|p1a: Toxtricroak|309\/353|[from] Stealth Rock
|move|p2a: Victini|V-create|p1a: Toxtricroak
|-damage|p1a: Toxtricroak|45\/353
|-unboost|p2a: Victini|spe|1
|-unboost|p2a: Victini|def|1
|-unboost|p2a: Victini|spd|1
|
|-heal|p2a: Victini|76\/100 psn|[from] Grassy Terrain
|-heal|p1a: Toxtricroak|67\/353|[from] Grassy Terrain
|-damage|p2a: Victini|70\/100 psn|[from] psn
|upkeep
|turn|24
|
|t:|1620497511
|move|p1a: Toxtricroak|Protect|p1a: Toxtricroak
|-singleturn|p1a: Toxtricroak|Protect
|move|p2a: Victini|V-create|p1a: Toxtricroak
|-activate|p1a: Toxtricroak|move: Protect
|
|-heal|p2a: Victini|76\/100 psn|[from] Grassy Terrain
|-heal|p1a: Toxtricroak|89\/353|[from] Grassy Terrain
|-damage|p2a: Victini|70\/100 psn|[from] psn
|upkeep
|turn|25
|
|t:|1620497523
|switch|p1a: Inteleon|Inteleon, M|281\/281
|-damage|p1a: Inteleon|246\/281|[from] Stealth Rock
|move|p2a: Victini|V-create|p1a: Inteleon
|-resisted|p1a: Inteleon
|-damage|p1a: Inteleon|56\/281
|-unboost|p2a: Victini|spe|1
|-unboost|p2a: Victini|def|1
|-unboost|p2a: Victini|spd|1
|
|-heal|p1a: Inteleon|73\/281|[from] Grassy Terrain
|-heal|p2a: Victini|76\/100 psn|[from] Grassy Terrain
|-fieldend|move: Grassy Terrain
|-damage|p2a: Victini|70\/100 psn|[from] psn
|upkeep
|turn|26
|
|t:|1620497538
|switch|p2a: Mandibuzz|Mandibuzz, F|94\/100 psn
|move|p1a: Inteleon|Scald|p2a: Mandibuzz
|-damage|p2a: Mandibuzz|31\/100 psn
|
|-damage|p2a: Mandibuzz|25\/100 psn|[from] psn
|upkeep
|turn|27
|
|t:|1620497552
|move|p1a: Inteleon|Scald|p2a: Mandibuzz
|-damage|p2a: Mandibuzz|0 fnt
|faint|p2a: Mandibuzz
|
|upkeep
|
|t:|1620497554
|switch|p2a: Victini|Victini|70\/100 psn
|turn|28
|c| ASnomPlaysShowdown|How did sandaconda perform?
|
|t:|1620497564
|switch|p1a: Toxtricroak|Toxtricity-Low-Key-Mega, F|89\/353
|-damage|p1a: Toxtricroak|45\/353|[from] Stealth Rock
|-start|p1a: Toxtricroak|typechange|Electric\/Poison|[silent]
|move|p2a: Victini|U-turn|p1a: Toxtricroak
|-resisted|p1a: Toxtricroak
|-damage|p1a: Toxtricroak|8\/353
|
|t:|1620497566
|switch|p2a: Landorus|Landorus-Therian, M|61\/100 psn|[from]move: U-turn
|-ability|p2a: Landorus|Intimidate|boost
|-unboost|p1a: Toxtricroak|atk|1
|
|-heal|p2a: Landorus|67\/100 psn|[from] item: Leftovers
|-damage|p2a: Landorus|55\/100 psn|[from] psn
|upkeep
|turn|29
|c| Pickinandchoosin|It did what it needed to do
|
|t:|1620497579
|move|p1a: Toxtricroak|Protect|p1a: Toxtricroak
|-singleturn|p1a: Toxtricroak|Protect
|move|p2a: Landorus|U-turn|p1a: Toxtricroak
|-activate|p1a: Toxtricroak|move: Protect
|
|-heal|p2a: Landorus|61\/100 psn|[from] item: Leftovers
|-damage|p2a: Landorus|49\/100 psn|[from] psn
|upkeep
|turn|30
|c| JosJet|yea
|
|t:|1620497588
|switch|p1a: Fidelis|Corviknight, M|388\/400
|-damage|p1a: Fidelis|338\/400|[from] Stealth Rock
|-ability|p1a: Fidelis|Pressure
|move|p2a: Landorus|U-turn|p1a: Fidelis
|-resisted|p1a: Fidelis
|-damage|p1a: Fidelis|324\/400
|
|t:|1620497590
|switch|p2a: Victini|Victini|70\/100 psn|[from]move: U-turn
|
|-heal|p1a: Fidelis|349\/400|[from] item: Leftovers
|-damage|p2a: Victini|64\/100 psn|[from] psn
|upkeep
|turn|31
|c| ASnomPlaysShowdown|Noice
|
|t:|1620497616
|switch|p1a: Toxtricroak|Toxtricity-Low-Key-Mega, F|8\/353
|-damage|p1a: Toxtricroak|0 fnt|[from] Stealth Rock
|-start|p1a: Toxtricroak|typechange|Electric\/Poison|[silent]
|faint|p1a: Toxtricroak
|move|p2a: Victini|Bolt Strike|p1: Toxtricroak|[notarget]
|-fail|p2a: Victini
|
|-damage|p2a: Victini|57\/100 psn|[from] psn
|upkeep
|
|t:|1620497628
|switch|p1a: Primavera|Rillaboom, F, shiny|341\/341
|-damage|p1a: Primavera|299\/341|[from] Stealth Rock
|-fieldstart|move: Grassy Terrain|[from] ability: Grassy Surge|[of] p1a: Primavera
|turn|32
|
|t:|1620497635
|switch|p2a: Landorus|Landorus-Therian, M|49\/100 psn
|-ability|p2a: Landorus|Intimidate|boost
|-unboost|p1a: Primavera|atk|1
|move|p1a: Primavera|Grassy Glide|p2a: Landorus
|-damage|p2a: Landorus|10\/100 psn
|
|-heal|p1a: Primavera|320\/341|[from] Grassy Terrain
|-heal|p2a: Landorus|16\/100 psn|[from] item: Leftovers
|-damage|p2a: Landorus|4\/100 psn|[from] psn
|upkeep
|turn|33
|
|t:|1620497647
|switch|p2a: Victini|Victini|57\/100 psn
|move|p1a: Primavera|Grassy Glide|p2a: Victini
|-resisted|p2a: Victini
|-damage|p2a: Victini|34\/100 psn
|
|-heal|p2a: Victini|40\/100 psn|[from] Grassy Terrain
|-heal|p1a: Primavera|341\/341|[from] Grassy Terrain
|-damage|p2a: Victini|34\/100 psn|[from] psn
|upkeep
|turn|34
|
|t:|1620497663
|switch|p1a: Fidelis|Corviknight, M|349\/400
|-damage|p1a: Fidelis|299\/400|[from] Stealth Rock
|-ability|p1a: Fidelis|Pressure
|move|p2a: Victini|U-turn|p1a: Fidelis
|-resisted|p1a: Fidelis
|-damage|p1a: Fidelis|286\/400
|
|t:|1620497664
|switch|p2a: Landorus|Landorus-Therian, M|4\/100 psn|[from]move: U-turn
|-ability|p2a: Landorus|Intimidate|boost
|-unboost|p1a: Fidelis|atk|1
|
|-heal|p2a: Landorus|10\/100 psn|[from] item: Leftovers
|-heal|p1a: Fidelis|311\/400|[from] item: Leftovers
|-damage|p2a: Landorus|0 fnt|[from] psn
|faint|p2a: Landorus
|upkeep
|
|t:|1620497666
|switch|p2a: Victini|Victini|34\/100 psn
|turn|35
|c| ASnomPlaysShowdown|Gg
|c|☆Gravity Monkey|gg
|c|☆TEST_BlueRay|Gg
|c| Pickinandchoosin|Ggs to both
|
|t:|1620497685
|move|p2a: Victini|Bolt Strike|p1a: Fidelis
|-supereffective|p1a: Fidelis
|-damage|p1a: Fidelis|143\/400
|move|p1a: Fidelis|Roost|p1a: Fidelis
|-heal|p1a: Fidelis|343\/400
|-singleturn|p1a: Fidelis|move: Roost
|
|-heal|p2a: Victini|40\/100 psn|[from] Grassy Terrain
|-heal|p1a: Fidelis|368\/400|[from] item: Leftovers
|-heal|p1a: Fidelis|393\/400|[from] Grassy Terrain
|-damage|p2a: Victini|34\/100 psn|[from] psn
|upkeep
|turn|36
|c| TEST Sticky Fingaa|gg
|-message|Gravity Monkey forfeited.
|
|win|TEST_BlueRay
|l| Not mossy
|c| JosJet|ggs both!
|c| Ninjacid|gg
|c| ASnomPlaysShowdown|We’re 2-2 now right?</script>
</div>
<div class="battle-log battle-log-inline"><div class="inner"><div class="battle-options"><div style="padding-top: 3px; padding-right: 3px; text-align: right"><button class="icon button" name="openBattleOptions" title="Options">Battle Options</button></div></div><div class="inner message-log"><div class="chat"><small>☆TEST_BlueRay and ☆Gravity Monkey joined</small></div><div class=""><small>Format:</small> <br><strong>[Gen 8] Megas for All</strong></div><div class=""><small><em>HP Percentage Mod:</em> HP is shown in percentages</small></div><div class=""><small><em>Endless Battle Clause:</em> Forcing endless battles is banned</small></div><div class=""><small><em>OHKO Clause:</em> OHKO moves are banned</small></div><div class=""><small><em>Evasion Moves Clause:</em> Evasion moves are banned</small></div><div class=""><small><em>Species Clause:</em> Limit one of each Pokémon</small></div><div class=""><small><em>Dynamax Clause:</em> You cannot dynamax</small></div><div class=""><small><em>Sleep Clause Mod:</em> Limit one foe put to sleep</small></div><div class=""><small><em>Freeze Clause Mod:</em> Limit one foe frozen</small></div><div class="chat"><img src="https://www.smogon.com/forums/attachments/banner_2-png.302358/" height="65" width="381"></div><div class="spacer battle-history"><br></div><div class="battle-history"><small>Welcome to Megas for All!</small><br></div><div class="battle-history"><small>This is a National Dex-based format where we aim to give a new Mega Evolution to every Pokémon.</small><br></div><div class="battle-history"><small>Just like any official format, you can still only Mega Evolve one Pokémon per team!</small><br></div><div class="battle-history"><small>You can find our thread and metagame resources here:</small><br></div><div class="battle-history"><small>https://www.smogon.com/forums/threads/3671140/</small><br></div><div class="chat battle-history"><strong>TEST_BlueRay's team:</strong> <em style="color:#445566;display:block;">Toxtricity-Low-Key / Corviknight / Inteleon / Rillaboom / Zapdos-Galar / Sandaconda</em></div><div class="chat battle-history"><strong>Gravity Monkey's team:</strong> <em style="color:#445566;display:block;">Keldeo-Resolute / Ferrothorn / Landorus-Therian / Zebstrika / Mandibuzz / Victini</em></div><div class="chat"><small> Pickinandchoosin joined</small></div><div class="chat chatmessage-gravitymonkey"><strong style="color:#a3742e"><small>☆</small><span class="username" data-name="Gravity Monkey">Gravity Monkey</span>:</strong> <em>gl hf</em></div><div class="chat chatmessage-testblueray mine"><strong style="color:#7b63d0"><small>☆</small><span class="username" data-name="TEST_BlueRay">TEST_BlueRay</span>:</strong> <em>Glhf</em></div><div class="chat chatmessage-pickinandchoosin"><strong style="color:#5073cb"><small> </small><span class="username" data-name="Pickinandchoosin">Pickinandchoosin</span>:</strong> <em>glhf to both</em></div><div class="chat"><small> JosJet joined</small></div><div class="chat chatmessage-pickinandchoosin"><strong style="color:#5073cb"><small> </small><span class="username" data-name="Pickinandchoosin">Pickinandchoosin</span>:</strong> <em>Unova vs Galar</em></div><div class="chat chatmessage-josjet"><strong style="color:#41b2b6"><small> </small><span class="username" data-name="JosJet">JosJet</span>:</strong> <em>glhf!!</em></div><div class="chat"><small> Not mossy and  TEST Sticky Fingaa joined</small></div><div class="spacer battle-history"><br></div><div class="battle-history">Battle started between TEST_BlueRay and Gravity Monkey!<br></div><div class="spacer battle-history"><br></div><div class="battle-history">Go! Toxtricroak (<strong>Toxtricity-Low-Key</strong>)!<br></div><div class="spacer battle-history"><br></div><div class="battle-history">Gravity Monkey sent out <strong>Victini</strong>!<br></div><div class="spacer battle-history"><br></div><h2 class="battle-history">Turn 1</h2><div class="chat chatmessage-notmossy"><strong style="color:#3f7abe"><small> </small><span class="username" data-name="Not mossy">Not mossy</span>:</strong> <em>LET'S GO GRAVITY</em></div><div class="chat chatmessage-teststickyfingaa"><strong style="color:#437bad"><small> </small><span class="username" data-name="TEST Sticky Fingaa">TEST Sticky Fingaa</span>:</strong> <em>glhf</em></div><div class="spacer battle-history"><br></div><div class="battle-history"><small>Toxtricroak's Toxtricitite is reacting to the Key Stone!</small><br>Toxtricroak has Mega Evolved into Mega Toxtricity!<br></div><div class="battle-history">[Toxtricroak's Acid Rock]<br><small>The opposing Victini was poisoned!</small><br></div><div class="battle-history"><small>(Poison inflicted through Acid Rock is only half as damaging as normal poison.)</small><br></div><div class="chat"><ul class="utilichart"><li class="result"><span class="col pokemonnamecol" style="white-space: nowrap">Toxtricity-Low-Key-Mega</span> <span class="col typecol"><img src="https://play.pokemonshowdown.com/sprites/types/Electric.png" alt="Electric" height="14" width="32"><img src="https://play.pokemonshowdown.com/sprites/types/Poison.png" alt="Poison" height="14" width="32"></span> <span style="float: left ; min-height: 26px"><span class="col abilitycol">Acid Rock</span><span class="col abilitycol"></span></span><span style="float: left ; min-height: 26px"><span class="col statcol"><em>HP</em><br>75</span> <span class="col statcol"><em>Atk</em><br>98</span> <span class="col statcol"><em>Def</em><br>100</span> <span class="col statcol"><em>SpA</em><br>114</span> <span class="col statcol"><em>SpD</em><br>140</span> <span class="col statcol"><em>Spe</em><br>75</span> </span></li><li style="clear: both"></li></ul></div><div class="spacer battle-history"><br></div><div class="battle-history">Toxtricroak used <strong>Protect</strong>!<br></div><div class="battle-history"><small>Toxtricroak protected itself!</small><br></div><div class="spacer battle-history"><br></div><div class="battle-history">The opposing Victini used <strong>U-turn</strong>!<br></div><div class="battle-history"><small>Toxtricroak protected itself!</small><br></div><div class="spacer battle-history"><br></div><div class="battle-history"><small>The opposing Victini was hurt by poison!</small><br></div><div class="spacer battle-history"><br></div><h2 class="battle-history">Turn 2</h2><div class="chat"><small> Ninjacid and  Heroshard joined</small></div><div class="spacer battle-history"><br></div><div class="battle-history">The opposing Victini went back to Gravity Monkey!<br></div><div class="battle-history">Gravity Monkey sent out Landorus (<strong>Landorus-Therian</strong>)!<br></div><div class="battle-history">[The opposing Landorus's Intimidate]<br></div><div class="battle-history"><small>Toxtricroak's Attack fell!</small><br></div><div class="spacer battle-history"><br></div><div class="battle-history">Toxtricroak used <strong>Sludge Wave</strong>!<br></div><div class="battle-history"><small>It's not very effective...</small><br></div><div class="battle-history"><small>(The opposing Landorus lost 20% of its health!)</small><br></div><div class="battle-history"><small>The opposing Landorus was poisoned!</small><br></div><div class="spacer battle-history"><br></div><div class="battle-history"><small>The opposing Landorus restored a little HP using its Leftovers!</small><br></div><div class="battle-history"><small>The opposing Landorus was hurt by poison!</small><br></div><div class="spacer battle-history"><br></div><h2 class="battle-history">Turn 3</h2><div class="chat chatmessage-ninjacid"><strong style="color:#c62447"><small> </small><span class="username" data-name="Ninjacid">Ninjacid</span>:</strong> <em>Good luck blue!!</em></div><div class="spacer battle-history"><br></div><div class="battle-history">Toxtricroak, come back!<br></div><div class="battle-history">Go! Fidelis (<strong>Corviknight</strong>)!<br></div><div class="battle-history">[Fidelis's Pressure]<br><small>Fidelis is exerting its pressure!</small><br></div><div class="spacer battle-history"><br></div><div class="battle-history">The opposing Landorus used <strong>Stealth Rock</strong>!<br></div><div class="battle-history"><small>Pointed stones float in the air around your team!</small><br></div><div class="spacer battle-history"><br></div><div class="battle-history"><small>The opposing Landorus restored a little HP using its Leftovers!</small><br></div><div class="battle-history"><small>The opposing Landorus was hurt by poison!</small><br></div><div class="spacer battle-history"><br></div><h2 class="battle-history">Turn 4</h2><div class="chat"><small> Heroshard left</small></div><div class="spacer battle-history"><br></div><div class="battle-history">Gravity Monkey withdrew Landorus!<br></div><div class="battle-history">Gravity Monkey sent out <strong>Zebstrika</strong>!<br></div><div class="spacer battle-history"><br></div><div class="battle-history">Fidelis used <strong>U-turn</strong>!<br></div><div class="battle-history"><small>(The opposing Zebstrika lost 24% of its health!)</small><br></div><div class="spacer battle-history"><br></div><div class="battle-history">Fidelis went back to TEST_BlueRay!<br></div><div class="battle-history">Go! Toxtricroak (<strong>Toxtricity-Low-Key-Mega</strong>)!<br></div><div class="battle-history"><small>Pointed stones dug into Toxtricroak!</small><br></div><div class="battle-history">[Toxtricroak's Acid Rock]<br><small>The opposing Zebstrika was poisoned!</small><br></div><div class="battle-history"><small>(Poison inflicted through Acid Rock is only half as damaging as normal poison.)</small><br></div><div class="spacer battle-history"><br></div><div class="battle-history"><small>The opposing Zebstrika was hurt by poison!</small><br></div><div class="spacer battle-history"><br></div><h2 class="battle-history">Turn 5</h2><div class="spacer battle-history"><br></div><div class="battle-history"><small>The opposing Zebstrika's Zebstrikanite is reacting to the Key Stone!</small><br>The opposing Zebstrika has Mega Evolved into Mega Zebstrika!<br></div><div class="chat"><ul class="utilichart"><li class="result"><span class="col pokemonnamecol" style="white-space: nowrap">Zebstrika-Mega</span> <span class="col typecol"><img src="https://play.pokemonshowdown.com/sprites/types/Electric.png" alt="Electric" height="14" width="32"></span> <span style="float: left ; min-height: 26px"><span class="col abilitycol">Vajra</span><span class="col abilitycol"></span></span><span style="float: left ; min-height: 26px"><span class="col statcol"><em>HP</em><br>75</span> <span class="col statcol"><em>Atk</em><br>120</span> <span class="col statcol"><em>Def</em><br>78</span> <span class="col statcol"><em>SpA</em><br>80</span> <span class="col statcol"><em>SpD</em><br>108</span> <span class="col statcol"><em>Spe</em><br>136</span> </span></li><li style="clear: both"></li></ul></div><div class="spacer battle-history"><br></div><div class="battle-history">The opposing Zebstrika used <strong>Volt Switch</strong>!<br></div><div class="battle-history"><small>It's not very effective...</small><br></div><div class="battle-history"><small>(Toxtricroak lost <abbr title="−16/353">4.5%</abbr> of its health!)</small><br></div><div class="spacer battle-history"><br></div><div class="battle-history">The opposing Zebstrika went back to Gravity Monkey!<br></div><div class="battle-history">Gravity Monkey sent out <strong>Ferrothorn</strong>!<br></div><div class="spacer battle-history"><br></div><div class="battle-history">Toxtricroak used <strong>Volt Switch</strong>!<br></div><div class="battle-history"><small>It's not very effective...</small><br></div><div class="battle-history"><small>(The opposing Ferrothorn lost 8% of its health!)</small><br></div><div class="spacer battle-history"><br></div><div class="battle-history">Toxtricroak went back to TEST_BlueRay!<br></div><div class="battle-history">Go! Zapdos (<strong>Zapdos-Galar</strong>)!<br></div><div class="battle-history"><small>Pointed stones dug into Zapdos!</small><br></div><div class="spacer battle-history"><br></div><div class="battle-history"><small>The opposing Ferrothorn restored a little HP using its Leftovers!</small><br></div><div class="spacer battle-history"><br></div><h2 class="battle-history">Turn 6</h2><div class="spacer battle-history"><br></div><div class="battle-history">Zapdos used <strong>Close Combat</strong>!<br></div><div class="battle-history"><small>It's super effective!</small><br></div><div class="battle-history"><small>(The opposing Ferrothorn lost 98% of its health!)</small><br></div><div class="battle-history"><small>Zapdos's Defense fell!</small><br></div><div class="battle-history"><small>Zapdos's Sp. Def fell!</small><br></div><div class="battle-history">[The opposing Ferrothorn's Iron Barbs]<br><small>Zapdos was hurt!</small><br></div><div class="spacer battle-history"><br></div><div class="battle-history">The opposing Ferrothorn fainted!<br></div><div class="spacer battle-history"><br></div><div class="battle-history">Gravity Monkey sent out <strong>Victini</strong>!<br></div><div class="spacer battle-history"><br></div><h2 class="battle-history">Turn 7</h2><div class="spacer battle-history"><br></div><div class="battle-history">Zapdos, come back!<br></div><div class="battle-history">Go! <strong>Sandaconda</strong>!<br></div><div class="battle-history"><small>Pointed stones dug into Sandaconda!</small><br></div><div class="spacer battle-history"><br></div><div class="battle-history">The opposing Victini used <strong>U-turn</strong>!<br></div><div class="battle-history"><small>(Sandaconda lost <abbr title="−62/348">17.8%</abbr> of its health!)</small><br></div><div class="spacer battle-history"><br></div><div class="battle-history">The opposing Victini went back to Gravity Monkey!<br></div><div class="battle-history">Gravity Monkey sent out Keldeo (<strong>Keldeo-Resolute</strong>)!<br></div><div class="spacer battle-history"><br></div><div class="battle-history"><small>Sandaconda restored a little HP using its Leftovers!</small><br></div><div class="spacer battle-history"><br></div><h2 class="battle-history">Turn 8</h2><div class="spacer battle-history"><br></div><div class="battle-history">The opposing Keldeo used <strong>Secret Sword</strong>!<br></div><div class="battle-history"><small>(Sandaconda lost <abbr title="−120/348">34.5%</abbr> of its health!)</small><br></div><div class="spacer battle-history"><br></div><div class="battle-history">Sandaconda used <strong>Glare</strong>!<br></div><div class="battle-history"><small>The opposing Keldeo is paralyzed! It may be unable to move!</small><br></div><div class="spacer battle-history"><br></div><div class="battle-history"><small>Sandaconda restored a little HP using its Leftovers!</small><br></div><div class="spacer battle-history"><br></div><h2 class="battle-history">Turn 9</h2><div class="spacer battle-history"><br></div><div class="battle-history">Sandaconda used <strong>Stealth Rock</strong>!<br></div><div class="battle-history"><small>Pointed stones float in the air around the opposing team!</small><br></div><div class="spacer battle-history"><br></div><div class="battle-history">The opposing Keldeo used <strong>Taunt</strong>!<br></div><div class="battle-history"><small>Sandaconda fell for the taunt!</small><br></div><div class="spacer battle-history"><br></div><div class="battle-history"><small>Sandaconda restored a little HP using its Leftovers!</small><br></div><div class="spacer battle-history"><br></div><h2 class="battle-history">Turn 10</h2><div class="chat chatmessage-teststickyfingaa"><strong style="color:#437bad"><small> </small><span class="username" data-name="TEST Sticky Fingaa">TEST Sticky Fingaa</span>:</strong> <em>nice</em></div><div class="spacer battle-history"><br></div><div class="battle-history">Gravity Monkey withdrew Keldeo!<br></div><div class="battle-history">Gravity Monkey sent out <strong>Mandibuzz</strong>!<br></div><div class="spacer battle-history"><br></div><div class="battle-history">Sandaconda used <strong>High Horsepower</strong>!<br></div><div class="battle-history"><small>It doesn't affect the opposing Mandibuzz...</small><br></div><div class="spacer battle-history"><br></div><div class="battle-history"><small>Sandaconda restored a little HP using its Leftovers!</small><br></div><div class="spacer battle-history"><br></div><h2 class="battle-history">Turn 11</h2><div class="spacer battle-history"><br></div><div class="battle-history">Sandaconda, come back!<br></div><div class="battle-history">Go! Toxtricroak (<strong>Toxtricity-Low-Key-Mega</strong>)!<br></div><div class="battle-history"><small>Pointed stones dug into Toxtricroak!</small><br></div><div class="battle-history">[Toxtricroak's Acid Rock]<br><small>The opposing Mandibuzz was poisoned!</small><br></div><div class="battle-history"><small>(Poison inflicted through Acid Rock is only half as damaging as normal poison.)</small><br></div><div class="spacer battle-history"><br></div><div class="battle-history">The opposing Mandibuzz used <strong>Defog</strong>!<br></div><div class="battle-history"><small>Toxtricroak's evasiveness fell!</small><br></div><div class="battle-history"><small>The pointed stones disappeared from around your team!</small><br></div><div class="battle-history"><small>The pointed stones disappeared from around the opposing team!</small><br></div><div class="spacer battle-history"><br></div><div class="battle-history"><small>The opposing Mandibuzz was hurt by poison!</small><br></div><div class="spacer battle-history"><br></div><h2 class="battle-history">Turn 12</h2><div class="spacer battle-history"><br></div><div class="battle-history">Gravity Monkey withdrew Mandibuzz!<br></div><div class="battle-history">Gravity Monkey sent out <strong>Victini</strong>!<br></div><div class="spacer battle-history"><br></div><div class="battle-history">Toxtricroak used <strong>Slack Off</strong>!<br></div><div class="battle-history"><small>Toxtricroak had its HP restored.</small><br></div><div class="spacer battle-history"><br></div><div class="battle-history"><small>The opposing Victini was hurt by poison!</small><br></div><div class="spacer battle-history"><br></div><h2 class="battle-history">Turn 13</h2><div class="spacer battle-history"><br></div><div class="battle-history">Toxtricroak used <strong>Protect</strong>!<br></div><div class="battle-history"><small>Toxtricroak protected itself!</small><br></div><div class="spacer battle-history"><br></div><div class="battle-history">The opposing Victini used <strong>V-create</strong>!<br></div><div class="battle-history"><small>Toxtricroak protected itself!</small><br></div><div class="spacer battle-history"><br></div><div class="battle-history"><small>The opposing Victini was hurt by poison!</small><br></div><div class="spacer battle-history"><br></div><h2 class="battle-history">Turn 14</h2><div class="spacer battle-history"><br></div><div class="battle-history">Toxtricroak, come back!<br></div><div class="battle-history">Go! <strong>Sandaconda</strong>!<br></div><div class="spacer battle-history"><br></div><div class="battle-history">The opposing Victini used <strong>V-create</strong>!<br></div><div class="battle-history"><small>(Sandaconda lost <abbr title="−202/348">58.0%</abbr> of its health!)</small><br></div><div class="battle-history"><small>The opposing Victini's Speed fell!</small><br></div><div class="battle-history"><small>The opposing Victini's Defense fell!</small><br></div><div class="battle-history"><small>The opposing Victini's Sp. Def fell!</small><br></div><div class="spacer battle-history"><br></div><div class="battle-history"><small>Sandaconda restored a little HP using its Leftovers!</small><br></div><div class="battle-history"><small>The opposing Victini was hurt by poison!</small><br></div><div class="spacer battle-history"><br></div><h2 class="battle-history">Turn 15</h2><div class="spacer battle-history"><br></div><div class="battle-history">The opposing Victini used <strong>V-create</strong>!<br></div><div class="battle-history"><small>(Sandaconda lost <abbr title="−48/348">13.8%</abbr> of its health!)</small><br></div><div class="battle-history"><small>The opposing Victini's Speed fell!</small><br></div><div class="battle-history"><small>The opposing Victini's Defense fell!</small><br></div><div class="battle-history"><small>The opposing Victini's Sp. Def fell!</small><br></div><div class="spacer battle-history"><br></div><div class="battle-history">Sandaconda fainted!<br></div><div class="spacer battle-history"><br></div><div class="battle-history"><small>The opposing Victini was hurt by poison!</small><br></div><div class="spacer battle-history"><br></div><div class="battle-history">Go! <strong>Inteleon</strong>!<br></div><div class="spacer battle-history"><br></div><h2 class="battle-history">Turn 16</h2><div class="spacer battle-history"><br></div><div class="battle-history">Gravity Monkey withdrew Victini!<br></div><div class="battle-history">Gravity Monkey sent out Keldeo (<strong>Keldeo-Resolute</strong>)!<br></div><div class="spacer battle-history"><br></div><div class="battle-history">Inteleon used <strong>Scald</strong>!<br></div><div class="battle-history"><small>It's not very effective...</small><br></div><div class="battle-history"><small>(The opposing Keldeo lost 31% of its health!)</small><br></div><div class="spacer battle-history"><br></div><h2 class="battle-history">Turn 17</h2><div class="spacer battle-history"><br></div><div class="battle-history">Inteleon, come back!<br></div><div class="battle-history">Go! Toxtricroak (<strong>Toxtricity-Low-Key-Mega</strong>)!<br></div><div class="spacer battle-history"><br></div><div class="battle-history">The opposing Keldeo is paralyzed! It can't move!<br></div><div class="spacer battle-history"><br></div><h2 class="battle-history">Turn 18</h2><div class="spacer battle-history"><br></div><div class="battle-history">Toxtricroak used <strong>Sludge Wave</strong>!<br></div><div class="battle-history"><small>(The opposing Keldeo lost 41% of its health!)</small><br></div><div class="spacer battle-history"><br></div><div class="battle-history">The opposing Keldeo is paralyzed! It can't move!<br></div><div class="spacer battle-history"><br></div><h2 class="battle-history">Turn 19</h2><div class="spacer battle-history"><br></div><div class="battle-history">Toxtricroak used <strong>Sludge Wave</strong>!<br></div><div class="battle-history"><small>(The opposing Keldeo lost 28% of its health!)</small><br></div><div class="spacer battle-history"><br></div><div class="battle-history">The opposing Keldeo fainted!<br></div><div class="spacer battle-history"><br></div><div class="battle-history">Gravity Monkey sent out Landorus (<strong>Landorus-Therian</strong>)!<br></div><div class="battle-history">[The opposing Landorus's Intimidate]<br></div><div class="battle-history"><small>Toxtricroak's Attack fell!</small><br></div><div class="spacer battle-history"><br></div><h2 class="battle-history">Turn 20</h2><div class="spacer battle-history"><br></div><div class="battle-history">Toxtricroak, come back!<br></div><div class="battle-history">Go! Fidelis (<strong>Corviknight</strong>)!<br></div><div class="battle-history">[Fidelis's Pressure]<br><small>Fidelis is exerting its pressure!</small><br></div><div class="spacer battle-history"><br></div><div class="battle-history">The opposing Landorus used <strong>Stealth Rock</strong>!<br></div><div class="battle-history"><small>Pointed stones float in the air around your team!</small><br></div><div class="spacer battle-history"><br></div><div class="battle-history"><small>The opposing Landorus restored a little HP using its Leftovers!</small><br></div><div class="battle-history"><small>The opposing Landorus was hurt by poison!</small><br></div><div class="spacer battle-history"><br></div><h2 class="battle-history">Turn 21</h2><div class="chat"><small> ASnomPlaysShowdown joined</small></div><div class="chat chatmessage-asnomplaysshowdown"><strong style="color:#1bb1b6"><small> </small><span class="username" data-name="ASnomPlaysShowdown">ASnomPlaysShowdown</span>:</strong> <em>Yo hi</em></div><div class="spacer battle-history"><br></div><div class="battle-history">The opposing Landorus used <strong>U-turn</strong>!<br></div><div class="battle-history"><small>It's not very effective...</small><br></div><div class="battle-history"><small>(Fidelis lost <abbr title="−12/400">3%</abbr> of its health!)</small><br></div><div class="spacer battle-history"><br></div><div class="battle-history">The opposing Landorus went back to Gravity Monkey!<br></div><div class="battle-history">Gravity Monkey sent out Zebstrika (<strong>Zebstrika-Mega</strong>)!<br></div><div class="spacer battle-history"><br></div><div class="battle-history">Fidelis used <strong>U-turn</strong>!<br></div><div class="battle-history"><small>(The opposing Zebstrika lost 22% of its health!)</small><br></div><div class="spacer battle-history"><br></div><div class="battle-history">Fidelis went back to TEST_BlueRay!<br></div><div class="battle-history">Go! Primavera (<strong>Rillaboom</strong>)!<br></div><div class="battle-history"><small>Pointed stones dug into Primavera!</small><br></div><div class="battle-history">[Primavera's Grassy Surge]<br><small>Grass grew to cover the battlefield!</small><br></div><div class="spacer battle-history"><br></div><div class="battle-history"><small>The opposing Zebstrika's HP was restored.</small><br></div><div class="battle-history"><small>Primavera's HP was restored.</small><br></div><div class="battle-history"><small>The opposing Zebstrika was hurt by poison!</small><br></div><div class="spacer battle-history"><br></div><h2 class="battle-history">Turn 22</h2><div class="chat chatmessage-josjet"><strong style="color:#41b2b6"><small> </small><span class="username" data-name="JosJet">JosJet</span>:</strong> <em>hey indigo!</em></div><div class="spacer battle-history"><br></div><div class="battle-history">Primavera used <strong>Grassy Glide</strong>!<br></div><div class="battle-history"><small>(The opposing Zebstrika lost 48% of its health!)</small><br></div><div class="spacer battle-history"><br></div><div class="battle-history">The opposing Zebstrika fainted!<br></div><div class="spacer battle-history"><br></div><div class="battle-history"><small>Primavera's HP was restored.</small><br></div><div class="chat chatmessage-asnomplaysshowdown"><strong style="color:#1bb1b6"><small> </small><span class="username" data-name="ASnomPlaysShowdown">ASnomPlaysShowdown</span>:</strong> <em>Go Blue!</em></div><div class="spacer battle-history"><br></div><div class="battle-history">Gravity Monkey sent out <strong>Victini</strong>!<br></div><div class="spacer battle-history"><br></div><h2 class="battle-history">Turn 23</h2><div class="spacer battle-history"><br></div><div class="battle-history">Primavera, come back!<br></div><div class="battle-history">Go! Toxtricroak (<strong>Toxtricity-Low-Key-Mega</strong>)!<br></div><div class="battle-history"><small>Pointed stones dug into Toxtricroak!</small><br></div><div class="spacer battle-history"><br></div><div class="battle-history">The opposing Victini used <strong>V-create</strong>!<br></div><div class="battle-history"><small>(Toxtricroak lost <abbr title="−264/353">74.8%</abbr> of its health!)</small><br></div><div class="battle-history"><small>The opposing Victini's Speed fell!</small><br></div><div class="battle-history"><small>The opposing Victini's Defense fell!</small><br></div><div class="battle-history"><small>The opposing Victini's Sp. Def fell!</small><br></div><div class="spacer battle-history"><br></div><div class="battle-history"><small>The opposing Victini's HP was restored.</small><br></div><div class="battle-history"><small>Toxtricroak's HP was restored.</small><br></div><div class="battle-history"><small>The opposing Victini was hurt by poison!</small><br></div><div class="spacer battle-history"><br></div><h2 class="battle-history">Turn 24</h2><div class="spacer battle-history"><br></div><div class="battle-history">Toxtricroak used <strong>Protect</strong>!<br></div><div class="battle-history"><small>Toxtricroak protected itself!</small><br></div><div class="spacer battle-history"><br></div><div class="battle-history">The opposing Victini used <strong>V-create</strong>!<br></div><div class="battle-history"><small>Toxtricroak protected itself!</small><br></div><div class="spacer battle-history"><br></div><div class="battle-history"><small>The opposing Victini's HP was restored.</small><br></div><div class="battle-history"><small>Toxtricroak's HP was restored.</small><br></div><div class="battle-history"><small>The opposing Victini was hurt by poison!</small><br></div><div class="spacer battle-history"><br></div><h2 class="battle-history">Turn 25</h2><div class="spacer battle-history"><br></div><div class="battle-history">Toxtricroak, come back!<br></div><div class="battle-history">Go! <strong>Inteleon</strong>!<br></div><div class="battle-history"><small>Pointed stones dug into Inteleon!</small><br></div><div class="spacer battle-history"><br></div><div class="battle-history">The opposing Victini used <strong>V-create</strong>!<br></div><div class="battle-history"><small>It's not very effective...</small><br></div><div class="battle-history"><small>(Inteleon lost <abbr title="−190/281">67.6%</abbr> of its health!)</small><br></div><div class="battle-history"><small>The opposing Victini's Speed fell!</small><br></div><div class="battle-history"><small>The opposing Victini's Defense fell!</small><br></div><div class="battle-history"><small>The opposing Victini's Sp. Def fell!</small><br></div><div class="spacer battle-history"><br></div><div class="battle-history"><small>Inteleon's HP was restored.</small><br></div><div class="battle-history"><small>The opposing Victini's HP was restored.</small><br></div><div class="battle-history"><small>The grass disappeared from the battlefield.</small><br></div><div class="battle-history"><small>The opposing Victini was hurt by poison!</small><br></div><div class="spacer battle-history"><br></div><h2 class="battle-history">Turn 26</h2><div class="spacer battle-history"><br></div><div class="battle-history">Gravity Monkey withdrew Victini!<br></div><div class="battle-history">Gravity Monkey sent out <strong>Mandibuzz</strong>!<br></div><div class="spacer battle-history"><br></div><div class="battle-history">Inteleon used <strong>Scald</strong>!<br></div><div class="battle-history"><small>(The opposing Mandibuzz lost 63% of its health!)</small><br></div><div class="spacer battle-history"><br></div><div class="battle-history"><small>The opposing Mandibuzz was hurt by poison!</small><br></div><div class="spacer battle-history"><br></div><h2 class="battle-history">Turn 27</h2><div class="spacer battle-history"><br></div><div class="battle-history">Inteleon used <strong>Scald</strong>!<br></div><div class="battle-history"><small>(The opposing Mandibuzz lost 25% of its health!)</small><br></div><div class="spacer battle-history"><br></div><div class="battle-history">The opposing Mandibuzz fainted!<br></div><div class="spacer battle-history"><br></div><div class="battle-history">Gravity Monkey sent out <strong>Victini</strong>!<br></div><div class="spacer battle-history"><br></div><h2 class="battle-history">Turn 28</h2><div class="chat chatmessage-asnomplaysshowdown"><strong style="color:#1bb1b6"><small> </small><span class="username" data-name="ASnomPlaysShowdown">ASnomPlaysShowdown</span>:</strong> <em>How did sandaconda perform?</em></div><div class="spacer battle-history"><br></div><div class="battle-history">Inteleon, come back!<br></div><div class="battle-history">Go! Toxtricroak (<strong>Toxtricity-Low-Key-Mega</strong>)!<br></div><div class="battle-history"><small>Pointed stones dug into Toxtricroak!</small><br></div><div class="spacer battle-history"><br></div><div class="battle-history">The opposing Victini used <strong>U-turn</strong>!<br></div><div class="battle-history"><small>It's not very effective...</small><br></div><div class="battle-history"><small>(Toxtricroak lost <abbr title="−37/353">10.5%</abbr> of its health!)</small><br></div><div class="spacer battle-history"><br></div><div class="battle-history">The opposing Victini went back to Gravity Monkey!<br></div><div class="battle-history">Gravity Monkey sent out Landorus (<strong>Landorus-Therian</strong>)!<br></div><div class="battle-history">[The opposing Landorus's Intimidate]<br></div><div class="battle-history"><small>Toxtricroak's Attack fell!</small><br></div><div class="spacer battle-history"><br></div><div class="battle-history"><small>The opposing Landorus restored a little HP using its Leftovers!</small><br></div><div class="battle-history"><small>The opposing Landorus was hurt by poison!</small><br></div><div class="spacer battle-history"><br></div><h2 class="battle-history">Turn 29</h2><div class="chat chatmessage-pickinandchoosin"><strong style="color:#5073cb"><small> </small><span class="username" data-name="Pickinandchoosin">Pickinandchoosin</span>:</strong> <em>It did what it needed to do</em></div><div class="spacer battle-history"><br></div><div class="battle-history">Toxtricroak used <strong>Protect</strong>!<br></div><div class="battle-history"><small>Toxtricroak protected itself!</small><br></div><div class="spacer battle-history"><br></div><div class="battle-history">The opposing Landorus used <strong>U-turn</strong>!<br></div><div class="battle-history"><small>Toxtricroak protected itself!</small><br></div><div class="spacer battle-history"><br></div><div class="battle-history"><small>The opposing Landorus restored a little HP using its Leftovers!</small><br></div><div class="battle-history"><small>The opposing Landorus was hurt by poison!</small><br></div><div class="spacer battle-history"><br></div><h2 class="battle-history">Turn 30</h2><div class="chat chatmessage-josjet"><strong style="color:#41b2b6"><small> </small><span class="username" data-name="JosJet">JosJet</span>:</strong> <em>yea</em></div><div class="spacer battle-history"><br></div><div class="battle-history">Toxtricroak, come back!<br></div><div class="battle-history">Go! Fidelis (<strong>Corviknight</strong>)!<br></div><div class="battle-history"><small>Pointed stones dug into Fidelis!</small><br></div><div class="battle-history">[Fidelis's Pressure]<br><small>Fidelis is exerting its pressure!</small><br></div><div class="spacer battle-history"><br></div><div class="battle-history">The opposing Landorus used <strong>U-turn</strong>!<br></div><div class="battle-history"><small>It's not very effective...</small><br></div><div class="battle-history"><small>(Fidelis lost <abbr title="−14/400">3.5%</abbr> of its health!)</small><br></div><div class="spacer battle-history"><br></div><div class="battle-history">The opposing Landorus went back to Gravity Monkey!<br></div><div class="battle-history">Gravity Monkey sent out <strong>Victini</strong>!<br></div><div class="spacer battle-history"><br></div><div class="battle-history"><small>Fidelis restored a little HP using its Leftovers!</small><br></div><div class="battle-history"><small>The opposing Victini was hurt by poison!</small><br></div><div class="spacer battle-history"><br></div><h2 class="battle-history">Turn 31</h2><div class="chat chatmessage-asnomplaysshowdown"><strong style="color:#1bb1b6"><small> </small><span class="username" data-name="ASnomPlaysShowdown">ASnomPlaysShowdown</span>:</strong> <em>Noice</em></div><div class="spacer battle-history"><br></div><div class="battle-history">Fidelis, come back!<br></div><div class="battle-history">Go! Toxtricroak (<strong>Toxtricity-Low-Key-Mega</strong>)!<br></div><div class="battle-history"><small>Pointed stones dug into Toxtricroak!</small><br></div><div class="spacer battle-history"><br></div><div class="battle-history">Toxtricroak fainted!<br></div><div class="battle-history">The opposing Victini used <strong>Bolt Strike</strong>!<br></div><div class="battle-history"><small>But it failed!</small><br></div><div class="spacer battle-history"><br></div><div class="battle-history"><small>The opposing Victini was hurt by poison!</small><br></div><div class="spacer battle-history"><br></div><div class="battle-history">Go! Primavera (<strong>Rillaboom</strong>)!<br></div><div class="battle-history"><small>Pointed stones dug into Primavera!</small><br></div><div class="battle-history">[Primavera's Grassy Surge]<br><small>Grass grew to cover the battlefield!</small><br></div><div class="spacer battle-history"><br></div><h2 class="battle-history">Turn 32</h2><div class="spacer battle-history"><br></div><div class="battle-history">Gravity Monkey withdrew Victini!<br></div><div class="battle-history">Gravity Monkey sent out Landorus (<strong>Landorus-Therian</strong>)!<br></div><div class="battle-history">[The opposing Landorus's Intimidate]<br></div><div class="battle-history"><small>Primavera's Attack fell!</small><br></div><div class="spacer battle-history"><br></div><div class="battle-history">Primavera used <strong>Grassy Glide</strong>!<br></div><div class="battle-history"><small>(The opposing Landorus lost 39% of its health!)</small><br></div><div class="spacer battle-history"><br></div><div class="battle-history"><small>Primavera's HP was restored.</small><br></div><div class="battle-history"><small>The opposing Landorus restored a little HP using its Leftovers!</small><br></div><div class="battle-history"><small>The opposing Landorus was hurt by poison!</small><br></div><div class="spacer battle-history"><br></div><h2 class="battle-history">Turn 33</h2><div class="spacer battle-history"><br></div><div class="battle-history">Gravity Monkey withdrew Landorus!<br></div><div class="battle-history">Gravity Monkey sent out <strong>Victini</strong>!<br></div><div class="spacer battle-history"><br></div><div class="battle-history">Primavera used <strong>Grassy Glide</strong>!<br></div><div class="battle-history"><small>It's not very effective...</small><br></div><div class="battle-history"><small>(The opposing Victini lost 23% of its health!)</small><br></div><div class="spacer battle-history"><br></div><div class="battle-history"><small>The opposing Victini's HP was restored.</small><br></div><div class="battle-history"><small>Primavera's HP was restored.</small><br></div><div class="battle-history"><small>The opposing Victini was hurt by poison!</small><br></div><div class="spacer battle-history"><br></div><h2 class="battle-history">Turn 34</h2><div class="spacer battle-history"><br></div><div class="battle-history">Primavera, come back!<br></div><div class="battle-history">Go! Fidelis (<strong>Corviknight</strong>)!<br></div><div class="battle-history"><small>Pointed stones dug into Fidelis!</small><br></div><div class="battle-history">[Fidelis's Pressure]<br><small>Fidelis is exerting its pressure!</small><br></div><div class="spacer battle-history"><br></div><div class="battle-history">The opposing Victini used <strong>U-turn</strong>!<br></div><div class="battle-history"><small>It's not very effective...</small><br></div><div class="battle-history"><small>(Fidelis lost <abbr title="−13/400">3.3%</abbr> of its health!)</small><br></div><div class="spacer battle-history"><br></div><div class="battle-history">The opposing Victini went back to Gravity Monkey!<br></div><div class="battle-history">Gravity Monkey sent out Landorus (<strong>Landorus-Therian</strong>)!<br></div><div class="battle-history">[The opposing Landorus's Intimidate]<br></div><div class="battle-history"><small>Fidelis's Attack fell!</small><br></div><div class="spacer battle-history"><br></div><div class="battle-history"><small>The opposing Landorus restored a little HP using its Leftovers!</small><br></div><div class="battle-history"><small>Fidelis restored a little HP using its Leftovers!</small><br></div><div class="battle-history"><small>The opposing Landorus was hurt by poison!</small><br></div><div class="spacer battle-history"><br></div><div class="battle-history">The opposing Landorus fainted!<br></div><div class="spacer battle-history"><br></div><div class="battle-history">Gravity Monkey sent out <strong>Victini</strong>!<br></div><div class="spacer battle-history"><br></div><h2 class="battle-history">Turn 35</h2><div class="chat chatmessage-asnomplaysshowdown"><strong style="color:#1bb1b6"><small> </small><span class="username" data-name="ASnomPlaysShowdown">ASnomPlaysShowdown</span>:</strong> <em>Gg</em></div><div class="chat chatmessage-gravitymonkey"><strong style="color:#a3742e"><small>☆</small><span class="username" data-name="Gravity Monkey">Gravity Monkey</span>:</strong> <em>gg</em></div><div class="chat chatmessage-testblueray mine"><strong style="color:#7b63d0"><small>☆</small><span class="username" data-name="TEST_BlueRay">TEST_BlueRay</span>:</strong> <em>Gg</em></div><div class="chat chatmessage-pickinandchoosin"><strong style="color:#5073cb"><small> </small><span class="username" data-name="Pickinandchoosin">Pickinandchoosin</span>:</strong> <em>Ggs to both</em></div><div class="spacer battle-history"><br></div><div class="battle-history">The opposing Victini used <strong>Bolt Strike</strong>!<br></div><div class="battle-history"><small>It's super effective!</small><br></div><div class="battle-history"><small>(Fidelis lost <abbr title="−168/400">42%</abbr> of its health!)</small><br></div><div class="spacer battle-history"><br></div><div class="battle-history">Fidelis used <strong>Roost</strong>!<br></div><div class="battle-history"><small>Fidelis had its HP restored.</small><br></div><div class="battle-history"><small>(Fidelis loses Flying type this turn.)</small><br></div><div class="spacer battle-history"><br></div><div class="battle-history"><small>The opposing Victini's HP was restored.</small><br></div><div class="battle-history"><small>Fidelis restored a little HP using its Leftovers!</small><br></div><div class="battle-history"><small>Fidelis's HP was restored.</small><br></div><div class="battle-history"><small>The opposing Victini was hurt by poison!</small><br></div><div class="spacer battle-history"><br></div><h2 class="battle-history">Turn 36</h2><div class="chat chatmessage-teststickyfingaa"><strong style="color:#437bad"><small> </small><span class="username" data-name="TEST Sticky Fingaa">TEST Sticky Fingaa</span>:</strong> <em>gg</em></div><div class="spacer battle-history"><br></div><div class="battle-history"><small>Gravity Monkey forfeited.</small><br></div><div class="spacer battle-history"><br></div><div class="battle-history"><strong>TEST_BlueRay</strong> won the battle!<br></div><div class="chat"><small> Not mossy left</small></div><div class="chat chatmessage-josjet"><strong style="color:#41b2b6"><small> </small><span class="username" data-name="JosJet">JosJet</span>:</strong> <em>ggs both!</em></div><div class="chat chatmessage-ninjacid"><strong style="color:#c62447"><small> </small><span class="username" data-name="Ninjacid">Ninjacid</span>:</strong> <em>gg</em></div><div class="chat chatmessage-asnomplaysshowdown"><strong style="color:#1bb1b6"><small> </small><span class="username" data-name="ASnomPlaysShowdown">ASnomPlaysShowdown</span>:</strong> <em>We’re 2-2 now right?</em></div></div><div class="inner-preempt message-log"></div></div></div>
</div>
<script>
let daily = Math.floor(Date.now()/1000/60/60/24);document.write('<script src="https://dragonheaven.herokuapp.com/js/replay-embed.js?version'+daily+'"></'+'script>');
</script>
