<!DOCTYPE html>
<meta charset="utf-8" />
<!-- version 1 -->
<title>[Gen 8] Megas for All replay: inkbug1 vs. H2OPulse</title>
<style>
html,body {font-family:Verdana, sans-serif;font-size:10pt;margin:0;padding:0;}body{padding:12px 0;} .battle-log {font-family:Verdana, sans-serif;font-size:10pt;} .battle-log-inline {border:1px solid #AAAAAA;background:#EEF2F5;color:black;max-width:640px;margin:0 auto 80px;padding-bottom:5px;} .battle-log .inner {padding:4px 8px 0px 8px;} .battle-log .inner-preempt {padding:0 8px 4px 8px;} .battle-log .inner-after {margin-top:0.5em;} .battle-log h2 {margin:0.5em -8px;padding:4px 8px;border:1px solid #AAAAAA;background:#E0E7EA;border-left:0;border-right:0;font-family:Verdana, sans-serif;font-size:13pt;} .battle-log .chat {vertical-align:middle;padding:3px 0 3px 0;font-size:8pt;} .battle-log .chat strong {color:#40576A;} .battle-log .chat em {padding:1px 4px 1px 3px;color:#000000;font-style:normal;} .chat.mine {background:rgba(0,0,0,0.05);margin-left:-8px;margin-right:-8px;padding-left:8px;padding-right:8px;} .spoiler {color:#BBBBBB;background:#BBBBBB;padding:0px 3px;} .spoiler:hover, .spoiler:active, .spoiler-shown {color:#000000;background:#E2E2E2;padding:0px 3px;} .spoiler a {color:#BBBBBB;} .spoiler:hover a, .spoiler:active a, .spoiler-shown a {color:#2288CC;} .chat code, .chat .spoiler:hover code, .chat .spoiler:active code, .chat .spoiler-shown code {border:1px solid #C0C0C0;background:#EEEEEE;color:black;padding:0 2px;} .chat .spoiler code {border:1px solid #CCCCCC;background:#CCCCCC;color:#CCCCCC;} .battle-log .rated {padding:3px 4px;} .battle-log .rated strong {color:white;background:#89A;padding:1px 4px;border-radius:4px;} .spacer {margin-top:0.5em;} .message-announce {background:#6688AA;color:white;padding:1px 4px 2px;} .message-announce a, .broadcast-green a, .broadcast-blue a, .broadcast-red a {color:#DDEEFF;} .broadcast-green {background-color:#559955;color:white;padding:2px 4px;} .broadcast-blue {background-color:#6688AA;color:white;padding:2px 4px;} .infobox {border:1px solid #6688AA;padding:2px 4px;} .infobox-limited {max-height:200px;overflow:auto;overflow-x:hidden;} .broadcast-red {background-color:#AA5544;color:white;padding:2px 4px;} .message-learn-canlearn {font-weight:bold;color:#228822;text-decoration:underline;} .message-learn-cannotlearn {font-weight:bold;color:#CC2222;text-decoration:underline;} .message-effect-weak {font-weight:bold;color:#CC2222;} .message-effect-resist {font-weight:bold;color:#6688AA;} .message-effect-immune {font-weight:bold;color:#666666;} .message-learn-list {margin-top:0;margin-bottom:0;} .message-throttle-notice, .message-error {color:#992222;} .message-overflow, .chat small.message-overflow {font-size:0pt;} .message-overflow::before {font-size:9pt;content:'...';} .subtle {color:#3A4A66;}
</style>
<div class="wrapper replay-wrapper" style="max-width:1180px;margin:0 auto">
<input type="hidden" name="replayid" value="dragonheaven-gen8megasforall-5015" />
<div class="battle"></div><div class="battle-log"></div><div class="replay-controls"></div><div class="replay-controls-2"></div>
<h1 style="font-weight:normal;text-align:center"><strong>[Gen 8] Megas for All</strong><br /><a href="http://pokemonshowdown.com/users/inkbug1" class="subtle" target="_blank">inkbug1</a> vs. <a href="http://pokemonshowdown.com/users/h2opulse" class="subtle" target="_blank">H2OPulse</a></h1>
<script type="text/plain" class="battle-log-data">|j|☆inkbug1


|j|☆H2OPulse


|player|p1|inkbug1|burgh|


|player|p2|H2OPulse|aetherfoundation|
|teamsize|p1|6
|teamsize|p2|6
|gametype|singles
|gen|8
|tier|[Gen 8] Megas for All
|clearpoke
|poke|p1|Froslass, F|
|poke|p1|Durant, F|
|poke|p1|Goodra, F|
|poke|p1|Scrafty, F|
|poke|p1|Eelektross, M|
|poke|p1|Appletun, M|
|poke|p2|Lycanroc, F|
|poke|p2|Vaporeon, F|
|poke|p2|Araquanid, M|
|poke|p2|Kartana|
|poke|p2|Breloom, M|
|poke|p2|Thundurus-Therian, M|
|rule|HP Percentage Mod: HP is shown in percentages
|rule|Endless Battle Clause: Forcing endless battles is banned
|rule|OHKO Clause: OHKO moves are banned
|rule|Evasion Moves Clause: Evasion moves are banned
|rule|Species Clause: Limit one of each Pokémon
|rule|Dynamax Clause: You cannot dynamax
|rule|Sleep Clause Mod: Limit one foe put to sleep
|teampreview


|j| BotwNerd745


|c|☆H2OPulse|Oh fun!!


|c|☆H2OPulse|I don't


|c|☆H2OPulse|think I have actually faced your Mega Goodra myself


|c|☆H2OPulse|have I?


|c|☆H2OPulse|I've seen you use it


|c|☆inkbug1|i think ive just fought henry with it! 


|c|☆H2OPulse|Right okay!


|c| BotwNerd745|And it beats me up


|
|start
|switch|p1a: Eve|Froslass, F|281\/281
|switch|p2a: Spilly|Araquanid, M|100\/100
|turn|1


|c|☆inkbug1|i enjoy it a lot


|c|☆inkbug1|ik people were saying mega goodra wasnt gonna be much good compared to the others but i REALLY like it


|
|move|p1a: Eve|Switcheroo|p2a: Spilly
|-activate|p1a: Eve|move: Trick|[of] p2a: Spilly
|-item|p2a: Spilly|Choice Scarf|[from] move: Switcheroo
|-item|p1a: Eve|Heavy-Duty Boots|[from] move: Switcheroo
|move|p2a: Spilly|Liquidation|p1a: Eve
|-damage|p1a: Eve|0 fnt
|-start|p2a: Spilly|Disable|Liquidation|[from] ability: Cursed Body|[of] p1a: Eve
|faint|p1a: Eve
|
|upkeep


|c|☆inkbug1|holy shit


|c|☆H2OPulse|WHAT A TURN


|c| BotwNerd745|Oh that’s not good for araquanid 


|c|☆inkbug1|thats never actually happened before omg


|
|switch|p1a: Butterknife|Eelektross, M|374\/374
|turn|2


|c| BotwNerd745|OH ITS CHOICED


|c| BotwNerd745|ok


|c|☆inkbug1|yeah


|c|☆inkbug1|its


|
|switch|p2a: Convolvulus|Thundurus-Therian, M|100\/100
|move|p1a: Butterknife|Zap Cannon|p2a: Convolvulus
|-immune|p2a: Convolvulus|[from] ability: Volt Absorb
|
|upkeep
|turn|3


|c| BotwNerd745|that’s a wild strat


|c|☆inkbug1|wow lucky bastard 


|
|move|p2a: Convolvulus|Taunt|p1a: Butterknife
|-start|p1a: Butterknife|move: Taunt
|move|p1a: Butterknife|Dragon Tail|p2a: Convolvulus
|-damage|p2a: Convolvulus|72\/100
|drag|p2a: Cattail|Vaporeon, F|100\/100
|
|upkeep
|turn|4


|
|switch|p2a: Convolvulus|Thundurus-Therian, M|72\/100
|move|p1a: Butterknife|Zap Cannon|p2a: Convolvulus
|-heal|p2a: Convolvulus|97\/100|[from] ability: Volt Absorb|[of] p1a: Butterknife
|
|upkeep
|turn|5


|c|☆inkbug1|pfff


|
|move|p2a: Convolvulus|Focus Blast|p1a: Butterknife|[miss]
|-miss|p2a: Convolvulus|p1a: Butterknife
|move|p1a: Butterknife|Dragon Tail|p2a: Convolvulus
|-damage|p2a: Convolvulus|68\/100
|drag|p2a: Cattail|Vaporeon, F|100\/100
|
|-end|p1a: Butterknife|move: Taunt
|upkeep
|turn|6


|
|switch|p2a: Convolvulus|Thundurus-Therian, M|68\/100
|move|p1a: Butterknife|Coil|p1a: Butterknife
|-boost|p1a: Butterknife|atk|1
|-boost|p1a: Butterknife|def|1
|-boost|p1a: Butterknife|accuracy|1
|
|upkeep
|turn|7


|
|move|p2a: Convolvulus|Taunt|p1a: Butterknife
|-start|p1a: Butterknife|move: Taunt
|move|p1a: Butterknife|Dragon Tail|p2a: Convolvulus
|-damage|p2a: Convolvulus|21\/100
|drag|p2a: Spilly|Araquanid, M|100\/100
|
|upkeep
|turn|8


|
|move|p2a: Spilly|Toxic|p1a: Butterknife
|-status|p1a: Butterknife|tox
|move|p1a: Butterknife|Zap Cannon|p2a: Spilly
|-supereffective|p2a: Spilly
|-damage|p2a: Spilly|37\/100
|-status|p2a: Spilly|par
|
|-damage|p1a: Butterknife|351\/374 tox|[from] psn
|upkeep
|turn|9


|c|☆inkbug1|for 50% acc i sure havent missed that yet


|
|switch|p2a: Convolvulus|Thundurus-Therian, M|21\/100
|move|p1a: Butterknife|Dragon Tail|p2a: Convolvulus
|-damage|p2a: Convolvulus|0 fnt
|faint|p2a: Convolvulus
|
|-damage|p1a: Butterknife|305\/374 tox|[from] psn
|-end|p1a: Butterknife|move: Taunt
|upkeep


|
|switch|p2a: Champignon|Breloom, M, shiny|100\/100
|turn|10


|
|move|p2a: Champignon|Substitute|p2a: Champignon
|-start|p2a: Champignon|Substitute
|-damage|p2a: Champignon|75\/100
|move|p1a: Butterknife|Zap Cannon|p2a: Champignon|[miss]
|-miss|p1a: Butterknife|p2a: Champignon
|-enditem|p1a: Butterknife|Blunder Policy
|-boost|p1a: Butterknife|spe|2
|
|-damage|p1a: Butterknife|236\/374 tox|[from] psn
|-status|p2a: Champignon|tox|[from] item: Toxic Orb
|upkeep
|turn|11


|
|-singleturn|p2a: Champignon|move: Focus Punch
|move|p1a: Butterknife|Drain Punch|p2a: Champignon
|-end|p2a: Champignon|Substitute
|-heal|p1a: Butterknife|276\/374 tox|[from] drain|[of] p2a: Champignon
|move|p2a: Champignon|Focus Punch|p1a: Butterknife
|-damage|p1a: Butterknife|96\/374 tox
|
|-damage|p1a: Butterknife|4\/374 tox|[from] psn
|-heal|p2a: Champignon|88\/100 tox|[from] ability: Poison Heal
|upkeep
|turn|12


|
|move|p1a: Butterknife|Drain Punch|p2a: Champignon
|-crit|p2a: Champignon
|-damage|p2a: Champignon|12\/100 tox
|-heal|p1a: Butterknife|126\/374 tox|[from] drain|[of] p2a: Champignon
|move|p2a: Champignon|Leech Seed|p1a: Butterknife
|-start|p1a: Butterknife|move: Leech Seed
|
|-damage|p1a: Butterknife|80\/374 tox|[from] Leech Seed|[of] p2a: Champignon
|-heal|p2a: Champignon|26\/100 tox|[silent]
|-damage|p1a: Butterknife|0 fnt|[from] psn
|faint|p1a: Butterknife
|-heal|p2a: Champignon|39\/100 tox|[from] ability: Poison Heal
|upkeep


|c|☆H2OPulse|wow that was


|
|switch|p1a: Torte|Appletun, M|423\/423
|turn|13


|c|☆H2OPulse|extremely effective


|c|☆inkbug1|yeah i


|c|☆inkbug1|i think i love this thing wtf 


|c|☆H2OPulse|Butterknife I mean


|c|☆H2OPulse|I


|c|☆H2OPulse|holy heck


|c|☆inkbug1|definitely the best eelektross build ive ever made 


|c|☆H2OPulse|that was AWESOME


|
|move|p2a: Champignon|Substitute|p2a: Champignon
|-start|p2a: Champignon|Substitute
|-damage|p2a: Champignon|14\/100 tox
|move|p1a: Torte|Body Press|p2a: Champignon
|-activate|p2a: Champignon|move: Substitute|[damage]
|
|-heal|p2a: Champignon|26\/100 tox|[from] ability: Poison Heal
|upkeep
|turn|14


|
|-singleturn|p2a: Champignon|move: Focus Punch
|move|p1a: Torte|Body Press|p2a: Champignon
|-end|p2a: Champignon|Substitute
|move|p2a: Champignon|Focus Punch|p1a: Torte
|-damage|p1a: Torte|176\/423
|-enditem|p1a: Torte|Kee Berry|[eat]
|-boost|p1a: Torte|def|2|[from] item: Kee Berry
|
|-heal|p2a: Champignon|39\/100 tox|[from] ability: Poison Heal
|upkeep
|turn|15


|c|☆H2OPulse|AH


|
|move|p2a: Champignon|Substitute|p2a: Champignon
|-start|p2a: Champignon|Substitute
|-damage|p2a: Champignon|14\/100 tox
|move|p1a: Torte|Recover|p1a: Torte
|-heal|p1a: Torte|388\/423
|
|-heal|p2a: Champignon|26\/100 tox|[from] ability: Poison Heal
|upkeep
|turn|16


|c|☆H2OPulse|why did I guess Ganlon I should know better


|c|☆H2OPulse|Kee Berry is one of my favorite items


|c| BotwNerd745|My god that breloom is so ridiculous 


|
|-singleturn|p2a: Champignon|move: Focus Punch
|move|p1a: Torte|Recycle|p1a: Torte
|-item|p1a: Torte|Kee Berry|[from] move: Recycle
|move|p2a: Champignon|Focus Punch|p1a: Torte
|-damage|p1a: Torte|267\/423
|-enditem|p1a: Torte|Kee Berry|[eat]
|-boost|p1a: Torte|def|2|[from] item: Kee Berry
|
|-heal|p2a: Champignon|39\/100 tox|[from] ability: Poison Heal
|upkeep
|turn|17


|c|☆H2OPulse|OH HECK


|c|☆H2OPulse|I LOVE THIS


|c|☆inkbug1|wheezes 


|
|switch|p2a: Pipa|Kartana, shiny|100\/100
|move|p1a: Torte|Recycle|p1a: Torte
|-item|p1a: Torte|Kee Berry|[from] move: Recycle
|
|upkeep
|turn|18


|
|move|p2a: Pipa|Sacred Sword|p1a: Torte
|-damage|p1a: Torte|125\/423
|-enditem|p1a: Torte|Kee Berry|[eat]
|-boost|p1a: Torte|def|2|[from] item: Kee Berry
|move|p1a: Torte|Body Press|p2a: Pipa
|-supereffective|p2a: Pipa
|-damage|p2a: Pipa|0 fnt
|faint|p2a: Pipa
|
|upkeep


|c|☆inkbug1|i


|c| BotwNerd745|OHHHH


|c|☆inkbug1|fucking champion


|
|switch|p2a: Spilly|Araquanid, M|37\/100 par
|turn|19


|c| BotwNerd745|what in the world


|c|☆H2OPulse|I am about to be swept


|
|cant|p2a: Spilly|par
|move|p1a: Torte|Recover|p1a: Torte
|-heal|p1a: Torte|337\/423
|
|upkeep
|turn|20


|c|☆inkbug1|oh the paralysis im so sorry


|c| BotwNerd745|I love it


|c|☆H2OPulse|Oh thank goodness I'm faster for some reason


|
|move|p2a: Spilly|Toxic|p1a: Torte
|-status|p1a: Torte|tox
|move|p1a: Torte|Body Press|p2a: Spilly
|-resisted|p2a: Spilly
|-damage|p2a: Spilly|5\/100 par
|
|-damage|p1a: Torte|311\/423 tox|[from] psn
|upkeep
|turn|21


|c|☆inkbug1|scarf


|c|☆H2OPulse|Right,,


|c|☆H2OPulse|that


|
|move|p2a: Spilly|Toxic|p1a: Torte
|-fail|p1a: Torte|tox
|move|p1a: Torte|Body Press|p2a: Spilly
|-resisted|p2a: Spilly
|-damage|p2a: Spilly|0 fnt
|faint|p2a: Spilly
|
|-damage|p1a: Torte|259\/423 tox|[from] psn
|upkeep


|
|switch|p2a: Champignon|Breloom, M, shiny|39\/100 tox
|turn|22


|
|move|p2a: Champignon|Substitute|p2a: Champignon
|-start|p2a: Champignon|Substitute
|-damage|p2a: Champignon|14\/100 tox
|move|p1a: Torte|Recycle|p1a: Torte
|-item|p1a: Torte|Kee Berry|[from] move: Recycle
|
|-heal|p2a: Champignon|26\/100 tox|[from] ability: Poison Heal
|-damage|p1a: Torte|181\/423 tox|[from] psn
|upkeep
|turn|23


|
|-singleturn|p2a: Champignon|move: Focus Punch
|move|p1a: Torte|Body Press|p2a: Champignon
|-end|p2a: Champignon|Substitute
|move|p2a: Champignon|Focus Punch|p1a: Torte
|-damage|p1a: Torte|114\/423 tox
|-enditem|p1a: Torte|Kee Berry|[eat]
|-boost|p1a: Torte|def|0
|
|-heal|p2a: Champignon|39\/100 tox|[from] ability: Poison Heal
|-damage|p1a: Torte|10\/423 tox|[from] psn
|upkeep
|turn|24


|c|☆inkbug1|ack i wanted to keep the berry


|
|-singleturn|p2a: Champignon|move: Focus Punch
|switch|p1a: Lavender|Goodra, F|383\/383
|move|p2a: Champignon|Focus Punch|p1a: Lavender
|-damage|p1a: Lavender|106\/383
|
|-heal|p2a: Champignon|51\/100 tox|[from] ability: Poison Heal
|upkeep
|turn|25


|
|detailschange|p1a: Lavender|Goodra-Mega, F
|-mega|p1a: Lavender|Goodra|Goodranite
|move|p2a: Champignon|Substitute|p2a: Champignon
|-start|p2a: Champignon|Substitute
|-damage|p2a: Champignon|26\/100 tox
|move|p1a: Lavender|Drain Punch|p2a: Champignon
|-end|p2a: Champignon|Substitute
|-heal|p1a: Lavender|146\/383|[from] drain|[of] p2a: Champignon
|
|-heal|p2a: Champignon|39\/100 tox|[from] ability: Poison Heal
|upkeep
|turn|26


|
|switch|p2a: Cattail|Vaporeon, F|100\/100
|move|p1a: Lavender|Drain Punch|p2a: Cattail
|-damage|p2a: Cattail|80\/100
|-heal|p1a: Lavender|194\/383|[from] drain|[of] p2a: Cattail
|
|-heal|p2a: Cattail|86\/100|[from] item: Leftovers
|upkeep
|turn|27


|
|switch|p1a: Celia|Durant, F|257\/257
|move|p2a: Cattail|Toxic|p1a: Celia
|-immune|p1a: Celia
|
|-heal|p2a: Cattail|93\/100|[from] item: Leftovers
|upkeep
|turn|28


|
|move|p1a: Celia|First Impression|p2a: Cattail
|-damage|p2a: Cattail|51\/100
|move|p2a: Cattail|Wish|p2a: Cattail
|
|-heal|p2a: Cattail|57\/100|[from] item: Leftovers
|upkeep
|turn|29


|
|move|p1a: Celia|Hone Claws|p1a: Celia
|-boost|p1a: Celia|atk|1
|-boost|p1a: Celia|accuracy|1
|move|p2a: Cattail|Flip Turn|p1a: Celia
|-damage|p1a: Celia|214\/257


|
|switch|p2a: Champignon|Breloom, M, shiny|39\/100 tox|[from]move: Flip Turn
|
|-heal|p2a: Champignon|100\/100 tox|[from] move: Wish|[wisher] Cattail
|upkeep
|turn|30


|
|-zpower|p1a: Celia
|move|p1a: Celia|Savage Spin-Out|p2a: Champignon|[zeffect]
|-damage|p2a: Champignon|0 fnt
|faint|p2a: Champignon
|
|upkeep


|c|☆inkbug1|PHEW


|
|switch|p2a: Miko|Lycanroc, F|100\/100
|turn|31


|
|detailschange|p2a: Miko|Lycanroc-Mega, F
|-mega|p2a: Miko|Lycanroc|Midday Lycanite
|-ability|p2a: Miko|Grounded
|move|p2a: Miko|Fire Fang|p1a: Celia
|-supereffective|p1a: Celia
|-damage|p1a: Celia|0 fnt
|faint|p1a: Celia
|
|upkeep


|c| BotwNerd745|that was satisfying to watch


|
|switch|p1a: Lavender|Goodra-Mega, F|194\/383
|turn|32


|
|move|p2a: Miko|Extreme Speed|p1a: Lavender
|-damage|p1a: Lavender|68\/383
|-ability|p1a: Lavender|Gooey
|-unboost|p2a: Miko|spe|1
|move|p1a: Lavender|Acid Armor|p1a: Lavender
|-boost|p1a: Lavender|def|2
|
|upkeep
|turn|33


|
|move|p2a: Miko|Extreme Speed|p1a: Lavender
|-damage|p1a: Lavender|0 fnt
|-ability|p1a: Lavender|Gooey
|-unboost|p2a: Miko|spe|1
|faint|p1a: Lavender
|
|upkeep


|c|☆inkbug1|shoulda just punched, tbh


|c|☆inkbug1|ah well


|
|switch|p1a: Dara|Scrafty, F|334\/334
|turn|34


|
|move|p2a: Miko|Fire Fang|p1a: Dara
|-damage|p1a: Dara|259\/334
|move|p1a: Dara|Drain Punch|p2a: Miko
|-supereffective|p2a: Miko
|-damage|p2a: Miko|0 fnt
|-heal|p1a: Dara|334\/334|[from] drain|[of] p2a: Miko
|faint|p2a: Miko
|-ability|p1a: Dara|Moxie|boost
|-boost|p1a: Dara|atk|1
|
|upkeep


|
|switch|p2a: Cattail|Vaporeon, F|57\/100
|turn|35


|
|move|p2a: Cattail|Wish|p2a: Cattail
|move|p1a: Dara|Knock Off|p2a: Cattail
|-damage|p2a: Cattail|8\/100
|-enditem|p2a: Cattail|Leftovers|[from] move: Knock Off|[of] p1a: Dara
|
|upkeep
|turn|36


|c|☆inkbug1|anyway do u like my new appletun 


|c|☆inkbug1|i


|c|☆H2OPulse|I LOVE IT


|c|☆inkbug1|love him? i think


|c|☆H2OPulse|I LOVE HIM


|c| BotwNerd745|I LOVE IT


|
|move|p2a: Cattail|Toxic|p1a: Dara
|-status|p1a: Dara|tox
|move|p1a: Dara|Drain Punch|p2a: Cattail
|-damage|p2a: Cattail|0 fnt
|faint|p2a: Cattail
|
|win|inkbug1


|c|☆H2OPulse|HE'S SO GOOD
</script>
</div>
<div class="battle-log battle-log-inline"><div class="inner"><div class="battle-options"><div style="padding-top: 3px; padding-right: 3px; text-align: right"><button class="icon button" name="openBattleOptions" title="Options">Battle Options</button></div></div><div class="inner message-log"><div class="chat"><small>☆inkbug1 and ☆H2OPulse joined</small></div><div class=""><small>Format:</small> <br><strong>[Gen 8] Megas for All</strong></div><div class=""><small><em>HP Percentage Mod:</em> HP is shown in percentages</small></div><div class=""><small><em>Endless Battle Clause:</em> Forcing endless battles is banned</small></div><div class=""><small><em>OHKO Clause:</em> OHKO moves are banned</small></div><div class=""><small><em>Evasion Moves Clause:</em> Evasion moves are banned</small></div><div class=""><small><em>Species Clause:</em> Limit one of each Pokémon</small></div><div class=""><small><em>Dynamax Clause:</em> You cannot dynamax</small></div><div class=""><small><em>Sleep Clause Mod:</em> Limit one foe put to sleep</small></div><div class="chat battle-history"><strong>inkbug1's team:</strong> <em style="color:#445566;display:block;">Froslass / Durant / Goodra / Scrafty / Eelektross / Appletun</em></div><div class="chat battle-history"><strong>H2OPulse's team:</strong> <em style="color:#445566;display:block;">Lycanroc / Vaporeon / Araquanid / Kartana / Breloom / Thundurus-Therian</em></div><div class="chat"><small> BotwNerd745 joined</small></div><div class="chat chatmessage-h2opulse"><strong style="color:#6e8c2b"><small>☆</small><span class="username" data-name="H2OPulse">H2OPulse</span>:</strong> <em>Oh fun!!</em></div><div class="chat chatmessage-h2opulse"><strong style="color:#6e8c2b"><small>☆</small><span class="username" data-name="H2OPulse">H2OPulse</span>:</strong> <em>I don't</em></div><div class="chat chatmessage-h2opulse"><strong style="color:#6e8c2b"><small>☆</small><span class="username" data-name="H2OPulse">H2OPulse</span>:</strong> <em>think I have actually faced your Mega Goodra myself</em></div><div class="chat chatmessage-h2opulse"><strong style="color:#6e8c2b"><small>☆</small><span class="username" data-name="H2OPulse">H2OPulse</span>:</strong> <em>have I?</em></div><div class="chat chatmessage-h2opulse"><strong style="color:#6e8c2b"><small>☆</small><span class="username" data-name="H2OPulse">H2OPulse</span>:</strong> <em>I've seen you use it</em></div><div class="chat chatmessage-inkbug1 mine"><strong style="color:#e46e0f"><small>☆</small><span class="username" data-name="inkbug1">inkbug1</span>:</strong> <em>i think ive just fought henry with it! </em></div><div class="chat chatmessage-h2opulse"><strong style="color:#6e8c2b"><small>☆</small><span class="username" data-name="H2OPulse">H2OPulse</span>:</strong> <em>Right okay!</em></div><div class="chat chatmessage-botwnerd745"><strong style="color:#9835de"><small> </small><span class="username" data-name="BotwNerd745">BotwNerd745</span>:</strong> <em>And it beats me up</em></div><div class="spacer battle-history"><br></div><div class="battle-history">Battle started between inkbug1 and H2OPulse!<br></div><div class="spacer battle-history"><br></div><div class="battle-history">Go! Eve (<strong>Froslass</strong>)!<br></div><div class="spacer battle-history"><br></div><div class="battle-history">H2OPulse sent out Spilly (<strong>Araquanid</strong>)!<br></div><div class="spacer battle-history"><br></div><h2 class="battle-history">Turn 1</h2><div class="chat chatmessage-inkbug1 mine"><strong style="color:#e46e0f"><small>☆</small><span class="username" data-name="inkbug1">inkbug1</span>:</strong> <em>i enjoy it a lot</em></div><div class="chat chatmessage-inkbug1 mine"><strong style="color:#e46e0f"><small>☆</small><span class="username" data-name="inkbug1">inkbug1</span>:</strong> <em>ik people were saying mega goodra wasnt gonna be much good compared to the others but i REALLY like it</em></div><div class="spacer battle-history"><br></div><div class="battle-history">Eve used <strong>Switcheroo</strong>!<br></div><div class="battle-history"><small>Eve switched items with its target!</small><br></div><div class="battle-history"><small>The opposing Spilly obtained one Choice Scarf.</small><br></div><div class="battle-history"><small>Eve obtained one Heavy-Duty Boots.</small><br></div><div class="spacer battle-history"><br></div><div class="battle-history">The opposing Spilly used <strong>Liquidation</strong>!<br></div><div class="battle-history"><small>(Eve lost <abbr title="−281/281">100%</abbr> of its health!)</small><br></div><div class="battle-history">[Eve's Cursed Body]<br><small>The opposing Spilly's Liquidation was disabled!</small><br></div><div class="spacer battle-history"><br></div><div class="battle-history">Eve fainted!<br></div><div class="chat chatmessage-inkbug1 mine"><strong style="color:#e46e0f"><small>☆</small><span class="username" data-name="inkbug1">inkbug1</span>:</strong> <em>holy shit</em></div><div class="chat chatmessage-h2opulse"><strong style="color:#6e8c2b"><small>☆</small><span class="username" data-name="H2OPulse">H2OPulse</span>:</strong> <em>WHAT A TURN</em></div><div class="chat chatmessage-botwnerd745"><strong style="color:#9835de"><small> </small><span class="username" data-name="BotwNerd745">BotwNerd745</span>:</strong> <em>Oh that’s not good for araquanid </em></div><div class="chat chatmessage-inkbug1 mine"><strong style="color:#e46e0f"><small>☆</small><span class="username" data-name="inkbug1">inkbug1</span>:</strong> <em>thats never actually happened before omg</em></div><div class="spacer battle-history"><br></div><div class="battle-history">Go! Butterknife (<strong>Eelektross</strong>)!<br></div><div class="spacer battle-history"><br></div><h2 class="battle-history">Turn 2</h2><div class="chat chatmessage-botwnerd745"><strong style="color:#9835de"><small> </small><span class="username" data-name="BotwNerd745">BotwNerd745</span>:</strong> <em>OH ITS CHOICED</em></div><div class="chat chatmessage-botwnerd745"><strong style="color:#9835de"><small> </small><span class="username" data-name="BotwNerd745">BotwNerd745</span>:</strong> <em>ok</em></div><div class="chat chatmessage-inkbug1 mine"><strong style="color:#e46e0f"><small>☆</small><span class="username" data-name="inkbug1">inkbug1</span>:</strong> <em>yeah</em></div><div class="chat chatmessage-inkbug1 mine"><strong style="color:#e46e0f"><small>☆</small><span class="username" data-name="inkbug1">inkbug1</span>:</strong> <em>its</em></div><div class="spacer battle-history"><br></div><div class="battle-history">H2OPulse withdrew Spilly!<br></div><div class="battle-history">H2OPulse sent out Convolvulus (<strong>Thundurus-Therian</strong>)!<br></div><div class="spacer battle-history"><br></div><div class="battle-history">Butterknife used <strong>Zap Cannon</strong>!<br></div><div class="battle-history">[The opposing Convolvulus's Volt Absorb]<br><small>It doesn't affect the opposing Convolvulus...</small><br></div><div class="spacer battle-history"><br></div><h2 class="battle-history">Turn 3</h2><div class="chat chatmessage-botwnerd745"><strong style="color:#9835de"><small> </small><span class="username" data-name="BotwNerd745">BotwNerd745</span>:</strong> <em>that’s a wild strat</em></div><div class="chat chatmessage-inkbug1 mine"><strong style="color:#e46e0f"><small>☆</small><span class="username" data-name="inkbug1">inkbug1</span>:</strong> <em>wow lucky bastard </em></div><div class="spacer battle-history"><br></div><div class="battle-history">The opposing Convolvulus used <strong>Taunt</strong>!<br></div><div class="battle-history"><small>Butterknife fell for the taunt!</small><br></div><div class="spacer battle-history"><br></div><div class="battle-history">Butterknife used <strong>Dragon Tail</strong>!<br></div><div class="battle-history"><small>(The opposing Convolvulus lost 28% of its health!)</small><br></div><div class="spacer battle-history"><br></div><div class="battle-history">Cattail (<strong>Vaporeon</strong>) was dragged out!<br></div><div class="spacer battle-history"><br></div><h2 class="battle-history">Turn 4</h2><div class="spacer battle-history"><br></div><div class="battle-history">H2OPulse withdrew Cattail!<br></div><div class="battle-history">H2OPulse sent out Convolvulus (<strong>Thundurus-Therian</strong>)!<br></div><div class="spacer battle-history"><br></div><div class="battle-history">Butterknife used <strong>Zap Cannon</strong>!<br></div><div class="battle-history">[The opposing Convolvulus's Volt Absorb]<br><small>The opposing Convolvulus had its HP restored.</small><br></div><div class="spacer battle-history"><br></div><h2 class="battle-history">Turn 5</h2><div class="chat chatmessage-inkbug1 mine"><strong style="color:#e46e0f"><small>☆</small><span class="username" data-name="inkbug1">inkbug1</span>:</strong> <em>pfff</em></div><div class="spacer battle-history"><br></div><div class="battle-history">The opposing Convolvulus used <strong>Focus Blast</strong>!<br></div><div class="battle-history"><small>Butterknife avoided the attack!</small><br></div><div class="spacer battle-history"><br></div><div class="battle-history">Butterknife used <strong>Dragon Tail</strong>!<br></div><div class="battle-history"><small>(The opposing Convolvulus lost 29% of its health!)</small><br></div><div class="spacer battle-history"><br></div><div class="battle-history">Cattail (<strong>Vaporeon</strong>) was dragged out!<br></div><div class="spacer battle-history"><br></div><div class="battle-history"><small>Butterknife shook off the taunt!</small><br></div><div class="spacer battle-history"><br></div><h2 class="battle-history">Turn 6</h2><div class="spacer battle-history"><br></div><div class="battle-history">H2OPulse withdrew Cattail!<br></div><div class="battle-history">H2OPulse sent out Convolvulus (<strong>Thundurus-Therian</strong>)!<br></div><div class="spacer battle-history"><br></div><div class="battle-history">Butterknife used <strong>Coil</strong>!<br></div><div class="battle-history"><small>Butterknife's Attack rose!</small><br></div><div class="battle-history"><small>Butterknife's Defense rose!</small><br></div><div class="battle-history"><small>Butterknife's accuracy rose!</small><br></div><div class="spacer battle-history"><br></div><h2 class="battle-history">Turn 7</h2><div class="spacer battle-history"><br></div><div class="battle-history">The opposing Convolvulus used <strong>Taunt</strong>!<br></div><div class="battle-history"><small>Butterknife fell for the taunt!</small><br></div><div class="spacer battle-history"><br></div><div class="battle-history">Butterknife used <strong>Dragon Tail</strong>!<br></div><div class="battle-history"><small>(The opposing Convolvulus lost 47% of its health!)</small><br></div><div class="spacer battle-history"><br></div><div class="battle-history">Spilly (<strong>Araquanid</strong>) was dragged out!<br></div><div class="spacer battle-history"><br></div><h2 class="battle-history">Turn 8</h2><div class="spacer battle-history"><br></div><div class="battle-history">The opposing Spilly used <strong>Toxic</strong>!<br></div><div class="battle-history"><small>Butterknife was badly poisoned!</small><br></div><div class="spacer battle-history"><br></div><div class="battle-history">Butterknife used <strong>Zap Cannon</strong>!<br></div><div class="battle-history"><small>It's super effective!</small><br></div><div class="battle-history"><small>(The opposing Spilly lost 63% of its health!)</small><br></div><div class="battle-history"><small>The opposing Spilly is paralyzed! It may be unable to move!</small><br></div><div class="spacer battle-history"><br></div><div class="battle-history"><small>Butterknife was hurt by poison!</small><br></div><div class="spacer battle-history"><br></div><h2 class="battle-history">Turn 9</h2><div class="chat chatmessage-inkbug1 mine"><strong style="color:#e46e0f"><small>☆</small><span class="username" data-name="inkbug1">inkbug1</span>:</strong> <em>for 50% acc i sure havent missed that yet</em></div><div class="spacer battle-history"><br></div><div class="battle-history">H2OPulse withdrew Spilly!<br></div><div class="battle-history">H2OPulse sent out Convolvulus (<strong>Thundurus-Therian</strong>)!<br></div><div class="spacer battle-history"><br></div><div class="battle-history">Butterknife used <strong>Dragon Tail</strong>!<br></div><div class="battle-history"><small>(The opposing Convolvulus lost 21% of its health!)</small><br></div><div class="spacer battle-history"><br></div><div class="battle-history">The opposing Convolvulus fainted!<br></div><div class="spacer battle-history"><br></div><div class="battle-history"><small>Butterknife was hurt by poison!</small><br></div><div class="battle-history"><small>Butterknife shook off the taunt!</small><br></div><div class="spacer battle-history"><br></div><div class="battle-history">H2OPulse sent out Champignon (<strong>Breloom</strong>)!<br></div><div class="spacer battle-history"><br></div><h2 class="battle-history">Turn 10</h2><div class="spacer battle-history"><br></div><div class="battle-history">The opposing Champignon used <strong>Substitute</strong>!<br></div><div class="battle-history"><small>The opposing Champignon put in a substitute!</small><br></div><div class="battle-history"><small>(The opposing Champignon lost 25% of its health!)</small><br></div><div class="spacer battle-history"><br></div><div class="battle-history">Butterknife used <strong>Zap Cannon</strong>!<br></div><div class="battle-history"><small>The opposing Champignon avoided the attack!</small><br></div><div class="battle-history"><small>(Butterknife used its Blunder Policy!)</small><br></div><div class="battle-history"><small>Butterknife's Speed rose sharply!</small><br></div><div class="spacer battle-history"><br></div><div class="battle-history"><small>Butterknife was hurt by poison!</small><br></div><div class="battle-history"><small>The opposing Champignon was badly poisoned!</small><br></div><div class="spacer battle-history"><br></div><h2 class="battle-history">Turn 11</h2><div class="spacer battle-history"><br></div><div class="battle-history"><small>The opposing Champignon is tightening its focus!</small><br></div><div class="spacer battle-history"><br></div><div class="battle-history">Butterknife used <strong>Drain Punch</strong>!<br></div><div class="battle-history"><small>The opposing Champignon's substitute faded!</small><br></div><div class="battle-history"><small>The opposing Champignon had its energy drained!</small><br></div><div class="spacer battle-history"><br></div><div class="battle-history">The opposing Champignon used <strong>Focus Punch</strong>!<br></div><div class="battle-history"><small>(Butterknife lost <abbr title="−180/374">48.1%</abbr> of its health!)</small><br></div><div class="spacer battle-history"><br></div><div class="battle-history"><small>Butterknife was hurt by poison!</small><br></div><div class="battle-history">[The opposing Champignon's Poison Heal]<br><small>The opposing Champignon had its HP restored.</small><br></div><div class="spacer battle-history"><br></div><h2 class="battle-history">Turn 12</h2><div class="spacer battle-history"><br></div><div class="battle-history">Butterknife used <strong>Drain Punch</strong>!<br></div><div class="battle-history"><small>A critical hit!</small><br></div><div class="battle-history"><small>(The opposing Champignon lost 76% of its health!)</small><br></div><div class="battle-history"><small>The opposing Champignon had its energy drained!</small><br></div><div class="spacer battle-history"><br></div><div class="battle-history">The opposing Champignon used <strong>Leech Seed</strong>!<br></div><div class="battle-history"><small>Butterknife was seeded!</small><br></div><div class="spacer battle-history"><br></div><div class="battle-history"><small>Butterknife's health is sapped by Leech Seed!</small><br></div><div class="battle-history"><small>Butterknife was hurt by poison!</small><br></div><div class="spacer battle-history"><br></div><div class="battle-history">Butterknife fainted!<br></div><div class="battle-history">[The opposing Champignon's Poison Heal]<br><small>The opposing Champignon had its HP restored.</small><br></div><div class="chat chatmessage-h2opulse"><strong style="color:#6e8c2b"><small>☆</small><span class="username" data-name="H2OPulse">H2OPulse</span>:</strong> <em>wow that was</em></div><div class="spacer battle-history"><br></div><div class="battle-history">Go! Torte (<strong>Appletun</strong>)!<br></div><div class="spacer battle-history"><br></div><h2 class="battle-history">Turn 13</h2><div class="chat chatmessage-h2opulse"><strong style="color:#6e8c2b"><small>☆</small><span class="username" data-name="H2OPulse">H2OPulse</span>:</strong> <em>extremely effective</em></div><div class="chat chatmessage-inkbug1 mine"><strong style="color:#e46e0f"><small>☆</small><span class="username" data-name="inkbug1">inkbug1</span>:</strong> <em>yeah i</em></div><div class="chat chatmessage-inkbug1 mine"><strong style="color:#e46e0f"><small>☆</small><span class="username" data-name="inkbug1">inkbug1</span>:</strong> <em>i think i love this thing wtf </em></div><div class="chat chatmessage-h2opulse"><strong style="color:#6e8c2b"><small>☆</small><span class="username" data-name="H2OPulse">H2OPulse</span>:</strong> <em>Butterknife I mean</em></div><div class="chat chatmessage-h2opulse"><strong style="color:#6e8c2b"><small>☆</small><span class="username" data-name="H2OPulse">H2OPulse</span>:</strong> <em>I</em></div><div class="chat chatmessage-h2opulse"><strong style="color:#6e8c2b"><small>☆</small><span class="username" data-name="H2OPulse">H2OPulse</span>:</strong> <em>holy heck</em></div><div class="chat chatmessage-inkbug1 mine"><strong style="color:#e46e0f"><small>☆</small><span class="username" data-name="inkbug1">inkbug1</span>:</strong> <em>definitely the best eelektross build ive ever made </em></div><div class="chat chatmessage-h2opulse"><strong style="color:#6e8c2b"><small>☆</small><span class="username" data-name="H2OPulse">H2OPulse</span>:</strong> <em>that was AWESOME</em></div><div class="spacer battle-history"><br></div><div class="battle-history">The opposing Champignon used <strong>Substitute</strong>!<br></div><div class="battle-history"><small>The opposing Champignon put in a substitute!</small><br></div><div class="battle-history"><small>(The opposing Champignon lost 25% of its health!)</small><br></div><div class="spacer battle-history"><br></div><div class="battle-history">Torte used <strong>Body Press</strong>!<br></div><div class="battle-history"><small>The substitute took damage for the opposing Champignon!</small><br></div><div class="spacer battle-history"><br></div><div class="battle-history">[The opposing Champignon's Poison Heal]<br><small>The opposing Champignon had its HP restored.</small><br></div><div class="spacer battle-history"><br></div><h2 class="battle-history">Turn 14</h2><div class="spacer battle-history"><br></div><div class="battle-history"><small>The opposing Champignon is tightening its focus!</small><br></div><div class="spacer battle-history"><br></div><div class="battle-history">Torte used <strong>Body Press</strong>!<br></div><div class="battle-history"><small>The opposing Champignon's substitute faded!</small><br></div><div class="spacer battle-history"><br></div><div class="battle-history">The opposing Champignon used <strong>Focus Punch</strong>!<br></div><div class="battle-history"><small>(Torte lost <abbr title="−247/423">58.4%</abbr> of its health!)</small><br></div><div class="battle-history"><small>(Torte ate its Kee Berry!)</small><br></div><div class="battle-history"><small>The Kee Berry sharply raised Torte's Defense!</small><br></div><div class="spacer battle-history"><br></div><div class="battle-history">[The opposing Champignon's Poison Heal]<br><small>The opposing Champignon had its HP restored.</small><br></div><div class="spacer battle-history"><br></div><h2 class="battle-history">Turn 15</h2><div class="chat chatmessage-h2opulse"><strong style="color:#6e8c2b"><small>☆</small><span class="username" data-name="H2OPulse">H2OPulse</span>:</strong> <em>AH</em></div><div class="spacer battle-history"><br></div><div class="battle-history">The opposing Champignon used <strong>Substitute</strong>!<br></div><div class="battle-history"><small>The opposing Champignon put in a substitute!</small><br></div><div class="battle-history"><small>(The opposing Champignon lost 25% of its health!)</small><br></div><div class="spacer battle-history"><br></div><div class="battle-history">Torte used <strong>Recover</strong>!<br></div><div class="battle-history"><small>Torte had its HP restored.</small><br></div><div class="spacer battle-history"><br></div><div class="battle-history">[The opposing Champignon's Poison Heal]<br><small>The opposing Champignon had its HP restored.</small><br></div><div class="spacer battle-history"><br></div><h2 class="battle-history">Turn 16</h2><div class="chat chatmessage-h2opulse"><strong style="color:#6e8c2b"><small>☆</small><span class="username" data-name="H2OPulse">H2OPulse</span>:</strong> <em>why did I guess Ganlon I should know better</em></div><div class="chat chatmessage-h2opulse"><strong style="color:#6e8c2b"><small>☆</small><span class="username" data-name="H2OPulse">H2OPulse</span>:</strong> <em>Kee Berry is one of my favorite items</em></div><div class="chat chatmessage-botwnerd745"><strong style="color:#9835de"><small> </small><span class="username" data-name="BotwNerd745">BotwNerd745</span>:</strong> <em>My god that breloom is so ridiculous </em></div><div class="spacer battle-history"><br></div><div class="battle-history"><small>The opposing Champignon is tightening its focus!</small><br></div><div class="spacer battle-history"><br></div><div class="battle-history">Torte used <strong>Recycle</strong>!<br></div><div class="battle-history"><small>Torte found one Kee Berry!</small><br></div><div class="spacer battle-history"><br></div><div class="battle-history">The opposing Champignon used <strong>Focus Punch</strong>!<br></div><div class="battle-history"><small>(Torte lost <abbr title="−121/423">28.6%</abbr> of its health!)</small><br></div><div class="battle-history"><small>(Torte ate its Kee Berry!)</small><br></div><div class="battle-history"><small>The Kee Berry sharply raised Torte's Defense!</small><br></div><div class="spacer battle-history"><br></div><div class="battle-history">[The opposing Champignon's Poison Heal]<br><small>The opposing Champignon had its HP restored.</small><br></div><div class="spacer battle-history"><br></div><h2 class="battle-history">Turn 17</h2><div class="chat chatmessage-h2opulse"><strong style="color:#6e8c2b"><small>☆</small><span class="username" data-name="H2OPulse">H2OPulse</span>:</strong> <em>OH HECK</em></div><div class="chat chatmessage-h2opulse"><strong style="color:#6e8c2b"><small>☆</small><span class="username" data-name="H2OPulse">H2OPulse</span>:</strong> <em>I LOVE THIS</em></div><div class="chat chatmessage-inkbug1 mine"><strong style="color:#e46e0f"><small>☆</small><span class="username" data-name="inkbug1">inkbug1</span>:</strong> <em>wheezes </em></div><div class="spacer battle-history"><br></div><div class="battle-history">H2OPulse withdrew Champignon!<br></div><div class="battle-history">H2OPulse sent out Pipa (<strong>Kartana</strong>)!<br></div><div class="spacer battle-history"><br></div><div class="battle-history">Torte used <strong>Recycle</strong>!<br></div><div class="battle-history"><small>Torte found one Kee Berry!</small><br></div><div class="spacer battle-history"><br></div><h2 class="battle-history">Turn 18</h2><div class="spacer battle-history"><br></div><div class="battle-history">The opposing Pipa used <strong>Sacred Sword</strong>!<br></div><div class="battle-history"><small>(Torte lost <abbr title="−142/423">33.6%</abbr> of its health!)</small><br></div><div class="battle-history"><small>(Torte ate its Kee Berry!)</small><br></div><div class="battle-history"><small>The Kee Berry sharply raised Torte's Defense!</small><br></div><div class="spacer battle-history"><br></div><div class="battle-history">Torte used <strong>Body Press</strong>!<br></div><div class="battle-history"><small>It's super effective!</small><br></div><div class="battle-history"><small>(The opposing Pipa lost 100% of its health!)</small><br></div><div class="spacer battle-history"><br></div><div class="battle-history">The opposing Pipa fainted!<br></div><div class="chat chatmessage-inkbug1 mine"><strong style="color:#e46e0f"><small>☆</small><span class="username" data-name="inkbug1">inkbug1</span>:</strong> <em>i</em></div><div class="chat chatmessage-botwnerd745"><strong style="color:#9835de"><small> </small><span class="username" data-name="BotwNerd745">BotwNerd745</span>:</strong> <em>OHHHH</em></div><div class="chat chatmessage-inkbug1 mine"><strong style="color:#e46e0f"><small>☆</small><span class="username" data-name="inkbug1">inkbug1</span>:</strong> <em>fucking champion</em></div><div class="spacer battle-history"><br></div><div class="battle-history">H2OPulse sent out Spilly (<strong>Araquanid</strong>)!<br></div><div class="spacer battle-history"><br></div><h2 class="battle-history">Turn 19</h2><div class="chat chatmessage-botwnerd745"><strong style="color:#9835de"><small> </small><span class="username" data-name="BotwNerd745">BotwNerd745</span>:</strong> <em>what in the world</em></div><div class="chat chatmessage-h2opulse"><strong style="color:#6e8c2b"><small>☆</small><span class="username" data-name="H2OPulse">H2OPulse</span>:</strong> <em>I am about to be swept</em></div><div class="spacer battle-history"><br></div><div class="battle-history">The opposing Spilly is paralyzed! It can't move!<br></div><div class="spacer battle-history"><br></div><div class="battle-history">Torte used <strong>Recover</strong>!<br></div><div class="battle-history"><small>Torte had its HP restored.</small><br></div><div class="spacer battle-history"><br></div><h2 class="battle-history">Turn 20</h2><div class="chat chatmessage-inkbug1 mine"><strong style="color:#e46e0f"><small>☆</small><span class="username" data-name="inkbug1">inkbug1</span>:</strong> <em>oh the paralysis im so sorry</em></div><div class="chat chatmessage-botwnerd745"><strong style="color:#9835de"><small> </small><span class="username" data-name="BotwNerd745">BotwNerd745</span>:</strong> <em>I love it</em></div><div class="chat chatmessage-h2opulse"><strong style="color:#6e8c2b"><small>☆</small><span class="username" data-name="H2OPulse">H2OPulse</span>:</strong> <em>Oh thank goodness I'm faster for some reason</em></div><div class="spacer battle-history"><br></div><div class="battle-history">The opposing Spilly used <strong>Toxic</strong>!<br></div><div class="battle-history"><small>Torte was badly poisoned!</small><br></div><div class="spacer battle-history"><br></div><div class="battle-history">Torte used <strong>Body Press</strong>!<br></div><div class="battle-history"><small>It's not very effective...</small><br></div><div class="battle-history"><small>(The opposing Spilly lost 32% of its health!)</small><br></div><div class="spacer battle-history"><br></div><div class="battle-history"><small>Torte was hurt by poison!</small><br></div><div class="spacer battle-history"><br></div><h2 class="battle-history">Turn 21</h2><div class="chat chatmessage-inkbug1 mine"><strong style="color:#e46e0f"><small>☆</small><span class="username" data-name="inkbug1">inkbug1</span>:</strong> <em>scarf</em></div><div class="chat chatmessage-h2opulse"><strong style="color:#6e8c2b"><small>☆</small><span class="username" data-name="H2OPulse">H2OPulse</span>:</strong> <em>Right,,</em></div><div class="chat chatmessage-h2opulse"><strong style="color:#6e8c2b"><small>☆</small><span class="username" data-name="H2OPulse">H2OPulse</span>:</strong> <em>that</em></div><div class="spacer battle-history"><br></div><div class="battle-history">The opposing Spilly used <strong>Toxic</strong>!<br></div><div class="battle-history"><small>But it failed!</small><br></div><div class="spacer battle-history"><br></div><div class="battle-history">Torte used <strong>Body Press</strong>!<br></div><div class="battle-history"><small>It's not very effective...</small><br></div><div class="battle-history"><small>(The opposing Spilly lost 5% of its health!)</small><br></div><div class="spacer battle-history"><br></div><div class="battle-history">The opposing Spilly fainted!<br></div><div class="spacer battle-history"><br></div><div class="battle-history"><small>Torte was hurt by poison!</small><br></div><div class="spacer battle-history"><br></div><div class="battle-history">H2OPulse sent out Champignon (<strong>Breloom</strong>)!<br></div><div class="spacer battle-history"><br></div><h2 class="battle-history">Turn 22</h2><div class="spacer battle-history"><br></div><div class="battle-history">The opposing Champignon used <strong>Substitute</strong>!<br></div><div class="battle-history"><small>The opposing Champignon put in a substitute!</small><br></div><div class="battle-history"><small>(The opposing Champignon lost 25% of its health!)</small><br></div><div class="spacer battle-history"><br></div><div class="battle-history">Torte used <strong>Recycle</strong>!<br></div><div class="battle-history"><small>Torte found one Kee Berry!</small><br></div><div class="spacer battle-history"><br></div><div class="battle-history">[The opposing Champignon's Poison Heal]<br><small>The opposing Champignon had its HP restored.</small><br></div><div class="battle-history"><small>Torte was hurt by poison!</small><br></div><div class="spacer battle-history"><br></div><h2 class="battle-history">Turn 23</h2><div class="spacer battle-history"><br></div><div class="battle-history"><small>The opposing Champignon is tightening its focus!</small><br></div><div class="spacer battle-history"><br></div><div class="battle-history">Torte used <strong>Body Press</strong>!<br></div><div class="battle-history"><small>The opposing Champignon's substitute faded!</small><br></div><div class="spacer battle-history"><br></div><div class="battle-history">The opposing Champignon used <strong>Focus Punch</strong>!<br></div><div class="battle-history"><small>(Torte lost <abbr title="−67/423">15.8%</abbr> of its health!)</small><br></div><div class="battle-history"><small>(Torte ate its Kee Berry!)</small><br></div><div class="battle-history"><small>Torte's Defense won't go any higher!</small><br></div><div class="spacer battle-history"><br></div><div class="battle-history">[The opposing Champignon's Poison Heal]<br><small>The opposing Champignon had its HP restored.</small><br></div><div class="battle-history"><small>Torte was hurt by poison!</small><br></div><div class="spacer battle-history"><br></div><h2 class="battle-history">Turn 24</h2><div class="chat chatmessage-inkbug1 mine"><strong style="color:#e46e0f"><small>☆</small><span class="username" data-name="inkbug1">inkbug1</span>:</strong> <em>ack i wanted to keep the berry</em></div><div class="spacer battle-history"><br></div><div class="battle-history"><small>The opposing Champignon is tightening its focus!</small><br></div><div class="spacer battle-history"><br></div><div class="battle-history">Torte, come back!<br></div><div class="battle-history">Go! Lavender (<strong>Goodra</strong>)!<br></div><div class="spacer battle-history"><br></div><div class="battle-history">The opposing Champignon used <strong>Focus Punch</strong>!<br></div><div class="battle-history"><small>(Lavender lost <abbr title="−277/383">72.3%</abbr> of its health!)</small><br></div><div class="spacer battle-history"><br></div><div class="battle-history">[The opposing Champignon's Poison Heal]<br><small>The opposing Champignon had its HP restored.</small><br></div><div class="spacer battle-history"><br></div><h2 class="battle-history">Turn 25</h2><div class="spacer battle-history"><br></div><div class="battle-history"><small>Lavender's Goodranite is reacting to the Key Stone!</small><br>Lavender has Mega Evolved into Mega Goodra!<br></div><div class="spacer battle-history"><br></div><div class="battle-history">The opposing Champignon used <strong>Substitute</strong>!<br></div><div class="battle-history"><small>The opposing Champignon put in a substitute!</small><br></div><div class="battle-history"><small>(The opposing Champignon lost 25% of its health!)</small><br></div><div class="spacer battle-history"><br></div><div class="battle-history">Lavender used <strong>Drain Punch</strong>!<br></div><div class="battle-history"><small>The opposing Champignon's substitute faded!</small><br></div><div class="battle-history"><small>The opposing Champignon had its energy drained!</small><br></div><div class="spacer battle-history"><br></div><div class="battle-history">[The opposing Champignon's Poison Heal]<br><small>The opposing Champignon had its HP restored.</small><br></div><div class="spacer battle-history"><br></div><h2 class="battle-history">Turn 26</h2><div class="spacer battle-history"><br></div><div class="battle-history">H2OPulse withdrew Champignon!<br></div><div class="battle-history">H2OPulse sent out Cattail (<strong>Vaporeon</strong>)!<br></div><div class="spacer battle-history"><br></div><div class="battle-history">Lavender used <strong>Drain Punch</strong>!<br></div><div class="battle-history"><small>(The opposing Cattail lost 20% of its health!)</small><br></div><div class="battle-history"><small>The opposing Cattail had its energy drained!</small><br></div><div class="spacer battle-history"><br></div><div class="battle-history"><small>The opposing Cattail restored a little HP using its Leftovers!</small><br></div><div class="spacer battle-history"><br></div><h2 class="battle-history">Turn 27</h2><div class="spacer battle-history"><br></div><div class="battle-history">Lavender, come back!<br></div><div class="battle-history">Go! Celia (<strong>Durant</strong>)!<br></div><div class="spacer battle-history"><br></div><div class="battle-history">The opposing Cattail used <strong>Toxic</strong>!<br></div><div class="battle-history"><small>It doesn't affect Celia...</small><br></div><div class="spacer battle-history"><br></div><div class="battle-history"><small>The opposing Cattail restored a little HP using its Leftovers!</small><br></div><div class="spacer battle-history"><br></div><h2 class="battle-history">Turn 28</h2><div class="spacer battle-history"><br></div><div class="battle-history">Celia used <strong>First Impression</strong>!<br></div><div class="battle-history"><small>(The opposing Cattail lost 42% of its health!)</small><br></div><div class="spacer battle-history"><br></div><div class="battle-history">The opposing Cattail used <strong>Wish</strong>!<br></div><div class="spacer battle-history"><br></div><div class="battle-history"><small>The opposing Cattail restored a little HP using its Leftovers!</small><br></div><div class="spacer battle-history"><br></div><h2 class="battle-history">Turn 29</h2><div class="spacer battle-history"><br></div><div class="battle-history">Celia used <strong>Hone Claws</strong>!<br></div><div class="battle-history"><small>Celia's Attack rose!</small><br></div><div class="battle-history"><small>Celia's accuracy rose!</small><br></div><div class="spacer battle-history"><br></div><div class="battle-history">The opposing Cattail used <strong>Flip Turn</strong>!<br></div><div class="battle-history"><small>(Celia lost <abbr title="−43/257">16.7%</abbr> of its health!)</small><br></div><div class="spacer battle-history"><br></div><div class="battle-history">H2OPulse withdrew Cattail!<br></div><div class="battle-history">H2OPulse sent out Champignon (<strong>Breloom</strong>)!<br></div><div class="spacer battle-history"><br></div><div class="battle-history"><small>Cattail's wish came true!</small><br></div><div class="spacer battle-history"><br></div><h2 class="battle-history">Turn 30</h2><div class="spacer battle-history"><br></div><div class="battle-history"><small>Celia surrounded itself with its Z-Power!</small><br></div><div class="spacer battle-history"><br></div><div class="battle-history"><small>Celia unleashes its full-force Z-Move!</small><br>Celia used <strong>Savage Spin-Out</strong>!<br></div><div class="battle-history"><small>(The opposing Champignon lost 100% of its health!)</small><br></div><div class="spacer battle-history"><br></div><div class="battle-history">The opposing Champignon fainted!<br></div><div class="chat chatmessage-inkbug1 mine"><strong style="color:#e46e0f"><small>☆</small><span class="username" data-name="inkbug1">inkbug1</span>:</strong> <em>PHEW</em></div><div class="spacer battle-history"><br></div><div class="battle-history">H2OPulse sent out Miko (<strong>Lycanroc</strong>)!<br></div><div class="spacer battle-history"><br></div><h2 class="battle-history">Turn 31</h2><div class="spacer battle-history"><br></div><div class="battle-history"><small>The opposing Miko's Midday Lycanite is reacting to the Key Stone!</small><br>The opposing Miko has Mega Evolved into Mega Lycanroc!<br></div><div class="battle-history">[The opposing Miko's Grounded]<br></div><div class="spacer battle-history"><br></div><div class="battle-history">The opposing Miko used <strong>Fire Fang</strong>!<br></div><div class="battle-history"><small>It's super effective!</small><br></div><div class="battle-history"><small>(Celia lost <abbr title="−214/257">83.3%</abbr> of its health!)</small><br></div><div class="spacer battle-history"><br></div><div class="battle-history">Celia fainted!<br></div><div class="chat chatmessage-botwnerd745"><strong style="color:#9835de"><small> </small><span class="username" data-name="BotwNerd745">BotwNerd745</span>:</strong> <em>that was satisfying to watch</em></div><div class="spacer battle-history"><br></div><div class="battle-history">Go! Lavender (<strong>Goodra-Mega</strong>)!<br></div><div class="spacer battle-history"><br></div><h2 class="battle-history">Turn 32</h2><div class="spacer battle-history"><br></div><div class="battle-history">The opposing Miko used <strong>Extreme Speed</strong>!<br></div><div class="battle-history"><small>(Lavender lost <abbr title="−126/383">32.9%</abbr> of its health!)</small><br></div><div class="battle-history">[Lavender's Gooey]<br></div><div class="battle-history"><small>The opposing Miko's Speed fell!</small><br></div><div class="spacer battle-history"><br></div><div class="battle-history">Lavender used <strong>Acid Armor</strong>!<br></div><div class="battle-history"><small>Lavender's Defense rose sharply!</small><br></div><div class="spacer battle-history"><br></div><h2 class="battle-history">Turn 33</h2><div class="spacer battle-history"><br></div><div class="battle-history">The opposing Miko used <strong>Extreme Speed</strong>!<br></div><div class="battle-history"><small>(Lavender lost <abbr title="−68/383">17.8%</abbr> of its health!)</small><br></div><div class="battle-history">[Lavender's Gooey]<br></div><div class="battle-history"><small>The opposing Miko's Speed fell!</small><br></div><div class="spacer battle-history"><br></div><div class="battle-history">Lavender fainted!<br></div><div class="chat chatmessage-inkbug1 mine"><strong style="color:#e46e0f"><small>☆</small><span class="username" data-name="inkbug1">inkbug1</span>:</strong> <em>shoulda just punched, tbh</em></div><div class="chat chatmessage-inkbug1 mine"><strong style="color:#e46e0f"><small>☆</small><span class="username" data-name="inkbug1">inkbug1</span>:</strong> <em>ah well</em></div><div class="spacer battle-history"><br></div><div class="battle-history">Go! Dara (<strong>Scrafty</strong>)!<br></div><div class="spacer battle-history"><br></div><h2 class="battle-history">Turn 34</h2><div class="spacer battle-history"><br></div><div class="battle-history">The opposing Miko used <strong>Fire Fang</strong>!<br></div><div class="battle-history"><small>(Dara lost <abbr title="−75/334">22.5%</abbr> of its health!)</small><br></div><div class="spacer battle-history"><br></div><div class="battle-history">Dara used <strong>Drain Punch</strong>!<br></div><div class="battle-history"><small>It's super effective!</small><br></div><div class="battle-history"><small>(The opposing Miko lost 100% of its health!)</small><br></div><div class="battle-history"><small>The opposing Miko had its energy drained!</small><br></div><div class="spacer battle-history"><br></div><div class="battle-history">The opposing Miko fainted!<br></div><div class="battle-history">[Dara's Moxie]<br></div><div class="battle-history"><small>Dara's Attack rose!</small><br></div><div class="spacer battle-history"><br></div><div class="battle-history">H2OPulse sent out Cattail (<strong>Vaporeon</strong>)!<br></div><div class="spacer battle-history"><br></div><h2 class="battle-history">Turn 35</h2><div class="spacer battle-history"><br></div><div class="battle-history">The opposing Cattail used <strong>Wish</strong>!<br></div><div class="spacer battle-history"><br></div><div class="battle-history">Dara used <strong>Knock Off</strong>!<br></div><div class="battle-history"><small>(The opposing Cattail lost 49% of its health!)</small><br></div><div class="battle-history"><small>Dara knocked off the opposing Cattail's Leftovers!</small><br></div><div class="spacer battle-history"><br></div><h2 class="battle-history">Turn 36</h2><div class="chat chatmessage-inkbug1 mine"><strong style="color:#e46e0f"><small>☆</small><span class="username" data-name="inkbug1">inkbug1</span>:</strong> <em>anyway do u like my new appletun </em></div><div class="chat chatmessage-inkbug1 mine"><strong style="color:#e46e0f"><small>☆</small><span class="username" data-name="inkbug1">inkbug1</span>:</strong> <em>i</em></div><div class="chat chatmessage-h2opulse"><strong style="color:#6e8c2b"><small>☆</small><span class="username" data-name="H2OPulse">H2OPulse</span>:</strong> <em>I LOVE IT</em></div><div class="chat chatmessage-inkbug1 mine"><strong style="color:#e46e0f"><small>☆</small><span class="username" data-name="inkbug1">inkbug1</span>:</strong> <em>love him? i think</em></div><div class="chat chatmessage-h2opulse"><strong style="color:#6e8c2b"><small>☆</small><span class="username" data-name="H2OPulse">H2OPulse</span>:</strong> <em>I LOVE HIM</em></div><div class="chat chatmessage-botwnerd745"><strong style="color:#9835de"><small> </small><span class="username" data-name="BotwNerd745">BotwNerd745</span>:</strong> <em>I LOVE IT</em></div><div class="spacer battle-history"><br></div><div class="battle-history">The opposing Cattail used <strong>Toxic</strong>!<br></div><div class="battle-history"><small>Dara was badly poisoned!</small><br></div><div class="spacer battle-history"><br></div><div class="battle-history">Dara used <strong>Drain Punch</strong>!<br></div><div class="battle-history"><small>(The opposing Cattail lost 8% of its health!)</small><br></div><div class="spacer battle-history"><br></div><div class="battle-history">The opposing Cattail fainted!<br></div><div class="spacer battle-history"><br></div><div class="battle-history"><strong>inkbug1</strong> won the battle!<br></div><div class="chat chatmessage-h2opulse"><strong style="color:#6e8c2b"><small>☆</small><span class="username" data-name="H2OPulse">H2OPulse</span>:</strong> <em>HE'S SO GOOD</em></div></div><div class="inner-preempt message-log"></div></div></div>
</div>
<script>
let daily = Math.floor(Date.now()/1000/60/60/24);document.write('<script src="https://play.pokemonshowdown.com/js/replay-embed.js?version'+daily+'"></'+'script>');
</script>
