<!DOCTYPE html>
<meta charset="utf-8" />
<!-- version 1 -->
<title>[Gen 8] Megas for All replay: pupugugu vs. ASnomPlaysShowdown</title>
<style>
html,body {font-family:Verdana, sans-serif;font-size:10pt;margin:0;padding:0;}body{padding:12px 0;} .battle-log {font-family:Verdana, sans-serif;font-size:10pt;} .battle-log-inline {border:1px solid #AAAAAA;background:#EEF2F5;color:black;max-width:640px;margin:0 auto 80px;padding-bottom:5px;} .battle-log .inner {padding:4px 8px 0px 8px;} .battle-log .inner-preempt {padding:0 8px 4px 8px;} .battle-log .inner-after {margin-top:0.5em;} .battle-log h2 {margin:0.5em -8px;padding:4px 8px;border:1px solid #AAAAAA;background:#E0E7EA;border-left:0;border-right:0;font-family:Verdana, sans-serif;font-size:13pt;} .battle-log .chat {vertical-align:middle;padding:3px 0 3px 0;font-size:8pt;} .battle-log .chat strong {color:#40576A;} .battle-log .chat em {padding:1px 4px 1px 3px;color:#000000;font-style:normal;} .chat.mine {background:rgba(0,0,0,0.05);margin-left:-8px;margin-right:-8px;padding-left:8px;padding-right:8px;} .spoiler {color:#BBBBBB;background:#BBBBBB;padding:0px 3px;} .spoiler:hover, .spoiler:active, .spoiler-shown {color:#000000;background:#E2E2E2;padding:0px 3px;} .spoiler a {color:#BBBBBB;} .spoiler:hover a, .spoiler:active a, .spoiler-shown a {color:#2288CC;} .chat code, .chat .spoiler:hover code, .chat .spoiler:active code, .chat .spoiler-shown code {border:1px solid #C0C0C0;background:#EEEEEE;color:black;padding:0 2px;} .chat .spoiler code {border:1px solid #CCCCCC;background:#CCCCCC;color:#CCCCCC;} .battle-log .rated {padding:3px 4px;} .battle-log .rated strong {color:white;background:#89A;padding:1px 4px;border-radius:4px;} .spacer {margin-top:0.5em;} .message-announce {background:#6688AA;color:white;padding:1px 4px 2px;} .message-announce a, .broadcast-green a, .broadcast-blue a, .broadcast-red a {color:#DDEEFF;} .broadcast-green {background-color:#559955;color:white;padding:2px 4px;} .broadcast-blue {background-color:#6688AA;color:white;padding:2px 4px;} .infobox {border:1px solid #6688AA;padding:2px 4px;} .infobox-limited {max-height:200px;overflow:auto;overflow-x:hidden;} .broadcast-red {background-color:#AA5544;color:white;padding:2px 4px;} .message-learn-canlearn {font-weight:bold;color:#228822;text-decoration:underline;} .message-learn-cannotlearn {font-weight:bold;color:#CC2222;text-decoration:underline;} .message-effect-weak {font-weight:bold;color:#CC2222;} .message-effect-resist {font-weight:bold;color:#6688AA;} .message-effect-immune {font-weight:bold;color:#666666;} .message-learn-list {margin-top:0;margin-bottom:0;} .message-throttle-notice, .message-error {color:#992222;} .message-overflow, .chat small.message-overflow {font-size:0pt;} .message-overflow::before {font-size:9pt;content:'...';} .subtle {color:#3A4A66;}
</style>
<div class="wrapper replay-wrapper" style="max-width:1180px;margin:0 auto">
<input type="hidden" name="replayid" value="dragonheaven-gen8megasforall-286" />
<div class="battle"></div><div class="battle-log"></div><div class="replay-controls"></div><div class="replay-controls-2"></div>
<h1 style="font-weight:normal;text-align:center"><strong>[Gen 8] Megas for All</strong><br /><a href="http://pokemonshowdown.com/users/pupugugu" class="subtle" target="_blank">pupugugu</a> vs. <a href="http://pokemonshowdown.com/users/asnomplaysshowdown" class="subtle" target="_blank">ASnomPlaysShowdown</a></h1>
<script type="text/plain" class="battle-log-data">|j|☆pupugugu
|j|☆ASnomPlaysShowdown
|t:|1635143244
|player|p1|pupugugu|caitlin|
|player|p2|ASnomPlaysShowdown|acetrainer|
|teamsize|p1|6
|teamsize|p2|6
|gametype|singles
|gen|8
|tier|[Gen 8] Megas for All
|rated|Tournament battle
|clearpoke
|poke|p1|Regirock|
|poke|p1|Appletun, M|
|poke|p1|Mesprit|
|poke|p1|Toxicroak, M|
|poke|p1|Shiftry, M|
|poke|p1|Walrein, M|
|poke|p2|Gothitelle, M|
|poke|p2|Drifblim, F|
|poke|p2|Marowak, F|
|poke|p2|Pikachu, F|
|poke|p2|Sableye, F|
|poke|p2|Tangrowth, M|
|rule|HP Percentage Mod: HP is shown in percentages
|rule|Endless Battle Clause: Forcing endless battles is banned
|rule|OHKO Clause: OHKO moves are banned
|rule|Evasion Moves Clause: Evasion moves are banned
|rule|Species Clause: Limit one of each Pokémon
|rule|Dynamax Clause: You cannot dynamax
|rule|Sleep Clause Mod: Limit one foe put to sleep
|rule|Freeze Clause Mod: Limit one foe frozen
|raw|<img src="https:\/\/raw.githubusercontent.com\/scoopapa\/DH\/master\/data\/mods\/m4av6\/sprites\/m4a_banner.png" height="65" width="381">
|-message|Welcome to Megas for All!
|-message|This is a National Dex-based format where we aim to give a new Mega Evolution to every Pokémon.
|-message|Just like any official format, you can still only Mega Evolve one Pokémon per team!
|-message|You can find our thread and metagame resources here:
|-message|https:\/\/www.smogon.com\/forums\/threads\/3671140\/
|teampreview
|c|☆pupugugu|glhf!
|c|☆ASnomPlaysShowdown|u2
|
|t:|1635143263
|start
|switch|p1a: Regirock|Regirock|100\/100
|switch|p2a: Gothitelle|Gothitelle, M|100\/100
|turn|1
|
|t:|1635143272
|detailschange|p1a: Regirock|Regirock-Mega
|-mega|p1a: Regirock|Regirock|Reginite
|-start|p1a: Regirock|typechange|Rock|[silent]
|raw|<ul class="utilichart"><li class="result"><span class="col pokemonnamecol" style="white-space: nowrap">Regirock-Mega<\/span> <span class="col typecol"><img src="https:\/\/play.pokemonshowdown.com\/sprites\/types\/Rock.png" alt="Rock" height="14" width="32"><\/span> <span style="float: left ; min-height: 26px"><span class="col abilitycol">Stamina<\/span><span class="col abilitycol"><\/span><\/span><span style="float: left ; min-height: 26px"><span class="col statcol"><em>HP<\/em><br>80<\/span> <span class="col statcol"><em>Atk<\/em><br>145<\/span> <span class="col statcol"><em>Def<\/em><br>200<\/span> <span class="col statcol"><em>SpA<\/em><br>70<\/span> <span class="col statcol"><em>SpD<\/em><br>120<\/span> <span class="col statcol"><em>Spe<\/em><br>65<\/span> <\/span><\/li><li style="clear: both"><\/li><\/ul>
|-hint|Regirock-Mega was submitted by DrPumpkinz!
|move|p1a: Regirock|Body Press|p2a: Gothitelle
|-resisted|p2a: Gothitelle
|-damage|p2a: Gothitelle|79\/100
|move|p2a: Gothitelle|Trick Room|p2a: Gothitelle
|-fieldstart|move: Trick Room|[of] p2a: Gothitelle
|
|upkeep
|turn|2
|
|t:|1635143282
|move|p2a: Gothitelle|Doom Desire|p1a: Regirock
|-start|p2a: Gothitelle|Doom Desire
|move|p1a: Regirock|Stealth Rock|p2a: Gothitelle
|-sidestart|p2: ASnomPlaysShowdown|move: Stealth Rock
|
|upkeep
|turn|3
|j| SimpyShrimp
|j|#inkbug1

|
|t:|1635143296
|switch|p2a: Marowak|Marowak, F|100\/100
|-damage|p2a: Marowak|94\/100|[from] Stealth Rock
|move|p1a: Regirock|Body Press|p2a: Marowak
|-damage|p2a: Marowak|51\/100
|
|upkeep
|turn|4
|
|t:|1635143307
|switch|p1a: Mesprit|Mesprit|100\/100
|move|p2a: Marowak|Stealth Rock|p1a: Mesprit
|-sidestart|p1: pupugugu|move: Stealth Rock
|
|-end|p1a: Mesprit|move: Doom Desire
|-damage|p1a: Mesprit|65\/100
|upkeep
|turn|5
|
|t:|1635143316
|move|p2a: Marowak|Knock Off|p1a: Mesprit
|-supereffective|p1a: Mesprit
|-damage|p1a: Mesprit|0 fnt
|-enditem|p1a: Mesprit|Choice Scarf|[from] move: Knock Off|[of] p2a: Marowak
|faint|p1a: Mesprit
|
|-fieldend|move: Trick Room
|upkeep
|
|t:|1635143321
|switch|p1a: Shiftry|Shiftry, M|100\/100
|-damage|p1a: Shiftry|88\/100|[from] Stealth Rock
|turn|6
|
|t:|1635143325
|switch|p2a: Tangrowth|Tangrowth, M|100\/100
|-damage|p2a: Tangrowth|88\/100|[from] Stealth Rock
|move|p1a: Shiftry|Leaf Blade|p2a: Tangrowth
|-resisted|p2a: Tangrowth
|-damage|p2a: Tangrowth|69\/100
|-damage|p1a: Shiftry|78\/100|[from] item: Life Orb
|
|upkeep
|turn|7
|
|t:|1635143330
|move|p1a: Shiftry|Knock Off|p2a: Tangrowth
|-damage|p2a: Tangrowth|30\/100
|-enditem|p2a: Tangrowth|Assault Vest|[from] move: Knock Off|[of] p1a: Shiftry
|-damage|p1a: Shiftry|68\/100|[from] item: Life Orb
|move|p2a: Tangrowth|Sludge Bomb|p1a: Shiftry
|-supereffective|p1a: Shiftry
|-damage|p1a: Shiftry|1\/100
|
|upkeep
|turn|8
|j| ausma
|
|t:|1635143348
|switch|p2a: Sableye|Sableye, F|100\/100
|-damage|p2a: Sableye|88\/100|[from] Stealth Rock
|move|p1a: Shiftry|Sucker Punch||[still]
|-fail|p1a: Shiftry
|
|-heal|p2a: Sableye|94\/100|[from] item: Leftovers
|upkeep
|turn|9
|
|t:|1635143353
|move|p2a: Sableye|Will-O-Wisp|p1a: Shiftry
|-hint|Since gen 7, Dark is immune to Prankster moves.
|-immune|p1a: Shiftry
|move|p1a: Shiftry|Knock Off|p2a: Sableye
|-damage|p2a: Sableye|22\/100
|-enditem|p2a: Sableye|Leftovers|[from] move: Knock Off|[of] p1a: Shiftry
|-damage|p1a: Shiftry|0 fnt|[from] item: Life Orb
|faint|p1a: Shiftry
|
|upkeep
|c|☆ASnomPlaysShowdown|medumb
|
|t:|1635143362
|switch|p1a: Walrein|Walrein, M|100\/100
|turn|10
|c|☆pupugugu|oh no
|c|☆pupugugu|i'm the wrong ablity on this
|
|t:|1635143371
|move|p2a: Sableye|Recover|p2a: Sableye
|-heal|p2a: Sableye|72\/100
|move|p1a: Walrein|Hail|p1a: Walrein
|-weather|Hail
|
|-weather|Hail|[upkeep]
|-damage|p2a: Sableye|66\/100|[from] Hail
|upkeep
|turn|11
|c|☆ASnomPlaysShowdown|unfort
|
|t:|1635143386
|move|p2a: Sableye|Will-O-Wisp|p1a: Walrein|[miss]
|-miss|p2a: Sableye|p1a: Walrein
|move|p1a: Walrein|Substitute|p1a: Walrein
|-start|p1a: Walrein|Substitute
|-damage|p1a: Walrein|76\/100
|
|-weather|Hail|[upkeep]
|-damage|p2a: Sableye|60\/100|[from] Hail
|upkeep
|turn|12
|c|☆ASnomPlaysShowdown|oof
|c|☆pupugugu|I'LL TAKE IT
|c|#inkbug1|aasjdhfasdfadsf
|
|t:|1635143416
|move|p1a: Walrein|Protect|p1a: Walrein
|-singleturn|p1a: Walrein|Protect
|move|p2a: Sableye|Recover|p2a: Sableye
|-heal|p2a: Sableye|100\/100
|
|-weather|Hail|[upkeep]
|-damage|p2a: Sableye|95\/100|[from] Hail
|upkeep
|turn|13
|c|☆pupugugu|now i'm just supposed to suffer behind a sub i guess
|
|t:|1635143430
|move|p1a: Walrein|Yawn|p2a: Sableye
|-start|p2a: Sableye|move: Yawn|[of] p1a: Walrein
|move|p2a: Sableye|Knock Off|p1a: Walrein
|-activate|p1a: Walrein|move: Substitute|[damage]
|
|-weather|Hail|[upkeep]
|-damage|p2a: Sableye|89\/100|[from] Hail
|upkeep
|turn|14
|c| ausma|is
|
|t:|1635143458
|switch|p2a: Drifblim|Drifblim, F|100\/100
|move|p1a: Walrein|Yawn|p2a: Drifblim
|-start|p2a: Drifblim|move: Yawn|[of] p1a: Walrein
|
|-weather|none
|upkeep
|turn|15
|c| ausma|....this stallrein 
|c|☆pupugugu|it is but i forgot ice body
|c|☆pupugugu|lmao
|
|t:|1635143465
|switch|p2a: Sableye|Sableye, F|89\/100
|-damage|p2a: Sableye|76\/100|[from] Stealth Rock
|move|p1a: Walrein|Hail|p1a: Walrein
|-weather|Hail
|
|-weather|Hail|[upkeep]
|-damage|p2a: Sableye|70\/100|[from] Hail
|upkeep
|turn|16
|c| ausma|LMAO
|
|t:|1635143473
|switch|p2a: Tangrowth|Tangrowth, M|63\/100
|-damage|p2a: Tangrowth|51\/100|[from] Stealth Rock
|move|p1a: Walrein|Protect||[still]
|-fail|p1a: Walrein
|
|-weather|Hail|[upkeep]
|-damage|p2a: Tangrowth|45\/100|[from] Hail
|upkeep
|turn|17
|
|t:|1635143478
|move|p1a: Walrein|Protect|p1a: Walrein
|-singleturn|p1a: Walrein|Protect
|move|p2a: Tangrowth|Giga Drain|p1a: Walrein
|-activate|p1a: Walrein|move: Protect
|
|-weather|Hail|[upkeep]
|-damage|p2a: Tangrowth|39\/100|[from] Hail
|upkeep
|turn|18
|
|t:|1635143481
|move|p1a: Walrein|Yawn|p2a: Tangrowth
|-start|p2a: Tangrowth|move: Yawn|[of] p1a: Walrein
|move|p2a: Tangrowth|Giga Drain|p1a: Walrein
|-supereffective|p1a: Walrein
|-end|p1a: Walrein|Substitute
|-heal|p2a: Tangrowth|40\/100|[from] drain|[of] p1a: Walrein
|
|-weather|Hail|[upkeep]
|-damage|p2a: Tangrowth|34\/100|[from] Hail
|upkeep
|turn|19
|
|t:|1635143494
|switch|p2a: Pikachu|Pikachu, F|100\/100
|-damage|p2a: Pikachu|88\/100|[from] Stealth Rock
|move|p1a: Walrein|Yawn|p2a: Pikachu
|-start|p2a: Pikachu|move: Yawn|[of] p1a: Walrein
|
|-weather|none
|upkeep
|turn|20
|
|t:|1635143499
|move|p1a: Walrein|Protect|p1a: Walrein
|-singleturn|p1a: Walrein|Protect
|move|p2a: Pikachu|Volt Switch|p1a: Walrein
|-activate|p1a: Walrein|move: Protect
|
|-end|p2a: Pikachu|move: Yawn|[silent]
|-status|p2a: Pikachu|slp
|upkeep
|turn|21
|
|t:|1635143505
|switch|p2a: Tangrowth|Tangrowth, M|67\/100
|-damage|p2a: Tangrowth|55\/100|[from] Stealth Rock
|move|p1a: Walrein|Hail|p1a: Walrein
|-weather|Hail
|
|-weather|Hail|[upkeep]
|-damage|p2a: Tangrowth|49\/100|[from] Hail
|upkeep
|turn|22
|c|#inkbug1|ohmy god
|
|t:|1635143511
|move|p1a: Walrein|Protect|p1a: Walrein
|-singleturn|p1a: Walrein|Protect
|move|p2a: Tangrowth|Giga Drain|p1a: Walrein
|-activate|p1a: Walrein|move: Protect
|
|-weather|Hail|[upkeep]
|-damage|p2a: Tangrowth|42\/100|[from] Hail
|upkeep
|turn|23
|c|☆pupugugu|this tour
|c|☆pupugugu|i have done nothing
|c|☆pupugugu|but be annoying
|
|t:|1635143524
|switch|p1a: Toxicroak|Toxicroak, M|100\/100
|-damage|p1a: Toxicroak|94\/100|[from] Stealth Rock
|move|p2a: Tangrowth|Sludge Bomb|p1a: Toxicroak
|-resisted|p1a: Toxicroak
|-damage|p1a: Toxicroak|78\/100
|
|-weather|Hail|[upkeep]
|-damage|p1a: Toxicroak|72\/100|[from] Hail
|-damage|p2a: Tangrowth|36\/100|[from] Hail
|upkeep
|turn|24
|
|t:|1635143530
|switch|p2a: Drifblim|Drifblim, F|100\/100
|move|p1a: Toxicroak|Gunk Shot|p2a: Drifblim
|-resisted|p2a: Drifblim
|-damage|p2a: Drifblim|66\/100
|-damage|p1a: Toxicroak|62\/100|[from] item: Life Orb
|
|-weather|Hail|[upkeep]
|-damage|p1a: Toxicroak|56\/100|[from] Hail
|-damage|p2a: Drifblim|60\/100|[from] Hail
|upkeep
|turn|25
|
|t:|1635143534
|move|p1a: Toxicroak|Sucker Punch||[still]
|-fail|p1a: Toxicroak
|move|p2a: Drifblim|Strength Sap|p1a: Toxicroak
|-unboost|p1a: Toxicroak|atk|1
|-heal|p2a: Drifblim|100\/100
|
|-weather|none
|upkeep
|turn|26
|c|☆pupugugu|well that's unfortunate
|
|t:|1635143540
|move|p1a: Toxicroak|Swords Dance|p1a: Toxicroak
|-boost|p1a: Toxicroak|atk|2
|move|p2a: Drifblim|Will-O-Wisp|p1a: Toxicroak|[miss]
|-miss|p2a: Drifblim|p1a: Toxicroak
|
|upkeep
|turn|27
|c|☆ASnomPlaysShowdown|bruh
|c|☆pupugugu|hm
|c|#inkbug1|ausma u missed the match where stockpile\/rest araquanid mega and cosmic power\/stored power mew just tposed at each other for 25 turns
|
|t:|1635143550
|switch|p1a: Appletun|Appletun, M|100\/100
|-damage|p1a: Appletun|88\/100|[from] Stealth Rock
|move|p2a: Drifblim|Will-O-Wisp|p1a: Appletun
|-status|p1a: Appletun|brn
|
|-damage|p1a: Appletun|82\/100 brn|[from] brn
|upkeep
|turn|28
|
|t:|1635143555
|move|p2a: Drifblim|Hex|p1a: Appletun
|-damage|p1a: Appletun|44\/100 brn
|move|p1a: Appletun|Draco Meteor|p2a: Drifblim
|-damage|p2a: Drifblim|39\/100
|-unboost|p1a: Appletun|spa|2
|-damage|p1a: Appletun|35\/100 brn|[from] item: Life Orb
|
|-damage|p1a: Appletun|28\/100 brn|[from] brn
|upkeep
|turn|29
|
|t:|1635143560
|move|p2a: Drifblim|Hex|p1a: Appletun
|-damage|p1a: Appletun|0 fnt
|faint|p1a: Appletun
|
|upkeep
|c|☆pupugugu|i don't think i win this
|c|☆pupugugu|i wish i had my actual stallrein v.v
|c|☆pupugugu|gg
|c|☆ASnomPlaysShowdown|unfort
|-message|pupugugu forfeited.
|
|win|ASnomPlaysShowdown
|c| ausma|thats
|c| ausma|hilarious</script>
</div>
<div class="battle-log battle-log-inline"><div class="inner"><div class="battle-options"><div style="padding-top: 3px; padding-right: 3px; text-align: right"><button class="icon button" name="openBattleOptions" title="Options">Battle Options</button></div></div><div class="inner message-log"><div class="chat"><small>☆pupugugu and ☆ASnomPlaysShowdown joined</small></div><div class=""><small>Format:</small> <br><strong>[Gen 8] Megas for All</strong></div><div class="rated"><strong>Tournament battle</strong></div><div class=""><small><em>HP Percentage Mod:</em> HP is shown in percentages</small></div><div class=""><small><em>Endless Battle Clause:</em> Forcing endless battles is banned</small></div><div class=""><small><em>OHKO Clause:</em> OHKO moves are banned</small></div><div class=""><small><em>Evasion Moves Clause:</em> Evasion moves are banned</small></div><div class=""><small><em>Species Clause:</em> Limit one of each Pokémon</small></div><div class=""><small><em>Dynamax Clause:</em> You cannot dynamax</small></div><div class=""><small><em>Sleep Clause Mod:</em> Limit one foe put to sleep</small></div><div class=""><small><em>Freeze Clause Mod:</em> Limit one foe frozen</small></div><div class="chat"><img src="https://raw.githubusercontent.com/scoopapa/DH/master/data/mods/m4av6/sprites/m4a_banner.png" height="65" width="381"></div><div class="spacer battle-history"><br></div><div class="battle-history"><small>Welcome to Megas for All!</small><br></div><div class="battle-history"><small>This is a National Dex-based format where we aim to give a new Mega Evolution to every Pokémon.</small><br></div><div class="battle-history"><small>Just like any official format, you can still only Mega Evolve one Pokémon per team!</small><br></div><div class="battle-history"><small>You can find our thread and metagame resources here:</small><br></div><div class="battle-history"><small>https://www.smogon.com/forums/threads/3671140/</small><br></div><div class="chat battle-history"><strong>pupugugu's team:</strong> <em style="color:#445566;display:block;">Regirock / Appletun / Mesprit / Toxicroak / Shiftry / Walrein</em></div><div class="chat battle-history"><strong>ASnomPlaysShowdown's team:</strong> <em style="color:#445566;display:block;">Gothitelle / Drifblim / Marowak / Pikachu / Sableye / Tangrowth</em></div><div class="chat chatmessage-pupugugu"><strong style="color:#2b7b91"><small>☆</small><span class="username" data-name="pupugugu">pupugugu</span>:</strong> <em>glhf!</em></div><div class="chat chatmessage-asnomplaysshowdown"><strong style="color:#1bb1b6"><small>☆</small><span class="username" data-name="ASnomPlaysShowdown">ASnomPlaysShowdown</span>:</strong> <em>u2</em></div><div class="spacer battle-history"><br></div><div class="battle-history">Battle started between pupugugu and ASnomPlaysShowdown!<br></div><div class="spacer battle-history"><br></div><div class="battle-history">Go! <strong>Regirock</strong>!<br></div><div class="spacer battle-history"><br></div><div class="battle-history">ASnomPlaysShowdown sent out <strong>Gothitelle</strong>!<br></div><div class="spacer battle-history"><br></div><h2 class="battle-history">Turn 1</h2><div class="spacer battle-history"><br></div><div class="battle-history"><small>Regirock's Reginite is reacting to the Key Stone!</small><br>Regirock has Mega Evolved into Mega Regirock!<br></div><div class="chat"><ul class="utilichart"><li class="result"><span class="col pokemonnamecol" style="white-space: nowrap">Regirock-Mega</span> <span class="col typecol"><img src="https://play.pokemonshowdown.com/sprites/types/Rock.png" alt="Rock" height="14" width="32"></span> <span style="float: left ; min-height: 26px"><span class="col abilitycol">Stamina</span><span class="col abilitycol"></span></span><span style="float: left ; min-height: 26px"><span class="col statcol"><em>HP</em><br>80</span> <span class="col statcol"><em>Atk</em><br>145</span> <span class="col statcol"><em>Def</em><br>200</span> <span class="col statcol"><em>SpA</em><br>70</span> <span class="col statcol"><em>SpD</em><br>120</span> <span class="col statcol"><em>Spe</em><br>65</span> </span></li><li style="clear: both"></li></ul></div><div class="battle-history"><small>(Regirock-Mega was submitted by DrPumpkinz!)</small><br></div><div class="spacer battle-history"><br></div><div class="battle-history">Regirock used <strong>Body Press</strong>!<br></div><div class="battle-history"><small>It's not very effective...</small><br></div><div class="battle-history"><small>(The opposing Gothitelle lost 21% of its health!)</small><br></div><div class="spacer battle-history"><br></div><div class="battle-history">The opposing Gothitelle used <strong>Trick Room</strong>!<br></div><div class="battle-history"><small>The opposing Gothitelle twisted the dimensions!</small><br></div><div class="spacer battle-history"><br></div><h2 class="battle-history">Turn 2</h2><div class="spacer battle-history"><br></div><div class="battle-history">The opposing Gothitelle used <strong>Doom Desire</strong>!<br></div><div class="battle-history"><small>The opposing Gothitelle chose Doom Desire as its destiny!</small><br></div><div class="spacer battle-history"><br></div><div class="battle-history">Regirock used <strong>Stealth Rock</strong>!<br></div><div class="battle-history"><small>Pointed stones float in the air around the opposing team!</small><br></div><div class="spacer battle-history"><br></div><h2 class="battle-history">Turn 3</h2><div class="chat"><small> SimpyShrimp and #inkbug1 joined</small></div><div class="spacer battle-history"><br></div><div class="battle-history">ASnomPlaysShowdown withdrew Gothitelle!<br></div><div class="battle-history">ASnomPlaysShowdown sent out <strong>Marowak</strong>!<br></div><div class="battle-history"><small>Pointed stones dug into the opposing Marowak!</small><br></div><div class="spacer battle-history"><br></div><div class="battle-history">Regirock used <strong>Body Press</strong>!<br></div><div class="battle-history"><small>(The opposing Marowak lost 43% of its health!)</small><br></div><div class="spacer battle-history"><br></div><h2 class="battle-history">Turn 4</h2><div class="spacer battle-history"><br></div><div class="battle-history">Regirock, come back!<br></div><div class="battle-history">Go! <strong>Mesprit</strong>!<br></div><div class="spacer battle-history"><br></div><div class="battle-history">The opposing Marowak used <strong>Stealth Rock</strong>!<br></div><div class="battle-history"><small>Pointed stones float in the air around your team!</small><br></div><div class="spacer battle-history"><br></div><div class="battle-history"><small>Mesprit took the Doom Desire attack!</small><br></div><div class="battle-history"><small>(Mesprit lost 35% of its health!)</small><br></div><div class="spacer battle-history"><br></div><h2 class="battle-history">Turn 5</h2><div class="spacer battle-history"><br></div><div class="battle-history">The opposing Marowak used <strong>Knock Off</strong>!<br></div><div class="battle-history"><small>It's super effective!</small><br></div><div class="battle-history"><small>(Mesprit lost 65% of its health!)</small><br></div><div class="battle-history"><small>The opposing Marowak knocked off Mesprit's Choice Scarf!</small><br></div><div class="spacer battle-history"><br></div><div class="battle-history">Mesprit fainted!<br></div><div class="spacer battle-history"><br></div><div class="battle-history"><small>The twisted dimensions returned to normal!</small><br></div><div class="spacer battle-history"><br></div><div class="battle-history">Go! <strong>Shiftry</strong>!<br></div><div class="battle-history"><small>Pointed stones dug into Shiftry!</small><br></div><div class="spacer battle-history"><br></div><h2 class="battle-history">Turn 6</h2><div class="spacer battle-history"><br></div><div class="battle-history">ASnomPlaysShowdown withdrew Marowak!<br></div><div class="battle-history">ASnomPlaysShowdown sent out <strong>Tangrowth</strong>!<br></div><div class="battle-history"><small>Pointed stones dug into the opposing Tangrowth!</small><br></div><div class="spacer battle-history"><br></div><div class="battle-history">Shiftry used <strong>Leaf Blade</strong>!<br></div><div class="battle-history"><small>It's not very effective...</small><br></div><div class="battle-history"><small>(The opposing Tangrowth lost 19% of its health!)</small><br></div><div class="battle-history"><small>Shiftry lost some of its HP!</small><br></div><div class="spacer battle-history"><br></div><h2 class="battle-history">Turn 7</h2><div class="spacer battle-history"><br></div><div class="battle-history">Shiftry used <strong>Knock Off</strong>!<br></div><div class="battle-history"><small>(The opposing Tangrowth lost 39% of its health!)</small><br></div><div class="battle-history"><small>Shiftry knocked off the opposing Tangrowth's Assault Vest!</small><br></div><div class="battle-history"><small>Shiftry lost some of its HP!</small><br></div><div class="spacer battle-history"><br></div><div class="battle-history">The opposing Tangrowth used <strong>Sludge Bomb</strong>!<br></div><div class="battle-history"><small>It's super effective!</small><br></div><div class="battle-history"><small>(Shiftry lost 67% of its health!)</small><br></div><div class="spacer battle-history"><br></div><h2 class="battle-history">Turn 8</h2><div class="chat"><small> ausma joined</small></div><div class="spacer battle-history"><br></div><div class="battle-history">ASnomPlaysShowdown withdrew Tangrowth!<br></div><div class="battle-history">ASnomPlaysShowdown sent out <strong>Sableye</strong>!<br></div><div class="battle-history"><small>Pointed stones dug into the opposing Sableye!</small><br></div><div class="spacer battle-history"><br></div><div class="battle-history">Shiftry used <strong>Sucker Punch</strong>!<br></div><div class="battle-history"><small>But it failed!</small><br></div><div class="spacer battle-history"><br></div><div class="battle-history"><small>The opposing Sableye restored a little HP using its Leftovers!</small><br></div><div class="spacer battle-history"><br></div><h2 class="battle-history">Turn 9</h2><div class="spacer battle-history"><br></div><div class="battle-history">The opposing Sableye used <strong>Will-O-Wisp</strong>!<br></div><div class="battle-history"><small>(Since gen 7, Dark is immune to Prankster moves.)</small><br></div><div class="battle-history"><small>It doesn't affect Shiftry...</small><br></div><div class="spacer battle-history"><br></div><div class="battle-history">Shiftry used <strong>Knock Off</strong>!<br></div><div class="battle-history"><small>(The opposing Sableye lost 72% of its health!)</small><br></div><div class="battle-history"><small>Shiftry knocked off the opposing Sableye's Leftovers!</small><br></div><div class="battle-history"><small>Shiftry lost some of its HP!</small><br></div><div class="spacer battle-history"><br></div><div class="battle-history">Shiftry fainted!<br></div><div class="chat chatmessage-asnomplaysshowdown"><strong style="color:#1bb1b6"><small>☆</small><span class="username" data-name="ASnomPlaysShowdown">ASnomPlaysShowdown</span>:</strong> <em>medumb</em></div><div class="spacer battle-history"><br></div><div class="battle-history">Go! <strong>Walrein</strong>!<br></div><div class="spacer battle-history"><br></div><h2 class="battle-history">Turn 10</h2><div class="chat chatmessage-pupugugu"><strong style="color:#2b7b91"><small>☆</small><span class="username" data-name="pupugugu">pupugugu</span>:</strong> <em>oh no</em></div><div class="chat chatmessage-pupugugu"><strong style="color:#2b7b91"><small>☆</small><span class="username" data-name="pupugugu">pupugugu</span>:</strong> <em>i'm the wrong ablity on this</em></div><div class="spacer battle-history"><br></div><div class="battle-history">The opposing Sableye used <strong>Recover</strong>!<br></div><div class="battle-history"><small>The opposing Sableye had its HP restored.</small><br></div><div class="spacer battle-history"><br></div><div class="battle-history">Walrein used <strong>Hail</strong>!<br></div><div class="battle-history"><small>It started to hail!</small><br></div><div class="spacer battle-history"><br></div><div class="battle-history"><small>(The hail is crashing down.)</small><br></div><div class="battle-history"><small>The opposing Sableye is buffeted by the hail!</small><br></div><div class="spacer battle-history"><br></div><h2 class="battle-history">Turn 11</h2><div class="chat chatmessage-asnomplaysshowdown"><strong style="color:#1bb1b6"><small>☆</small><span class="username" data-name="ASnomPlaysShowdown">ASnomPlaysShowdown</span>:</strong> <em>unfort</em></div><div class="spacer battle-history"><br></div><div class="battle-history">The opposing Sableye used <strong>Will-O-Wisp</strong>!<br></div><div class="battle-history"><small>Walrein avoided the attack!</small><br></div><div class="spacer battle-history"><br></div><div class="battle-history">Walrein used <strong>Substitute</strong>!<br></div><div class="battle-history"><small>Walrein put in a substitute!</small><br></div><div class="battle-history"><small>(Walrein lost 24% of its health!)</small><br></div><div class="spacer battle-history"><br></div><div class="battle-history"><small>(The hail is crashing down.)</small><br></div><div class="battle-history"><small>The opposing Sableye is buffeted by the hail!</small><br></div><div class="spacer battle-history"><br></div><h2 class="battle-history">Turn 12</h2><div class="chat chatmessage-asnomplaysshowdown"><strong style="color:#1bb1b6"><small>☆</small><span class="username" data-name="ASnomPlaysShowdown">ASnomPlaysShowdown</span>:</strong> <em>oof</em></div><div class="chat chatmessage-pupugugu"><strong style="color:#2b7b91"><small>☆</small><span class="username" data-name="pupugugu">pupugugu</span>:</strong> <em>I'LL TAKE IT</em></div><div class="chat chatmessage-inkbug1 mine"><strong style="color:#e46e0f"><small>#</small><span class="username" data-name="inkbug1">inkbug1</span>:</strong> <em>aasjdhfasdfadsf</em></div><div class="spacer battle-history"><br></div><div class="battle-history">Walrein used <strong>Protect</strong>!<br></div><div class="battle-history"><small>Walrein protected itself!</small><br></div><div class="spacer battle-history"><br></div><div class="battle-history">The opposing Sableye used <strong>Recover</strong>!<br></div><div class="battle-history"><small>The opposing Sableye had its HP restored.</small><br></div><div class="spacer battle-history"><br></div><div class="battle-history"><small>(The hail is crashing down.)</small><br></div><div class="battle-history"><small>The opposing Sableye is buffeted by the hail!</small><br></div><div class="spacer battle-history"><br></div><h2 class="battle-history">Turn 13</h2><div class="chat chatmessage-pupugugu"><strong style="color:#2b7b91"><small>☆</small><span class="username" data-name="pupugugu">pupugugu</span>:</strong> <em>now i'm just supposed to suffer behind a sub i guess</em></div><div class="spacer battle-history"><br></div><div class="battle-history">Walrein used <strong>Yawn</strong>!<br></div><div class="battle-history"><small>The opposing Sableye grew drowsy!</small><br></div><div class="spacer battle-history"><br></div><div class="battle-history">The opposing Sableye used <strong>Knock Off</strong>!<br></div><div class="battle-history"><small>The substitute took damage for Walrein!</small><br></div><div class="spacer battle-history"><br></div><div class="battle-history"><small>(The hail is crashing down.)</small><br></div><div class="battle-history"><small>The opposing Sableye is buffeted by the hail!</small><br></div><div class="spacer battle-history"><br></div><h2 class="battle-history">Turn 14</h2><div class="chat chatmessage-ausma"><strong style="color:#774de1"><small> </small><span class="username" data-name="ausma">ausma</span>:</strong> <em>is</em></div><div class="spacer battle-history"><br></div><div class="battle-history">ASnomPlaysShowdown withdrew Sableye!<br></div><div class="battle-history">ASnomPlaysShowdown sent out <strong>Drifblim</strong>!<br></div><div class="spacer battle-history"><br></div><div class="battle-history">Walrein used <strong>Yawn</strong>!<br></div><div class="battle-history"><small>The opposing Drifblim grew drowsy!</small><br></div><div class="spacer battle-history"><br></div><div class="battle-history"><small>The hail stopped.</small><br></div><div class="spacer battle-history"><br></div><h2 class="battle-history">Turn 15</h2><div class="chat chatmessage-ausma"><strong style="color:#774de1"><small> </small><span class="username" data-name="ausma">ausma</span>:</strong> <em>....this stallrein </em></div><div class="chat chatmessage-pupugugu"><strong style="color:#2b7b91"><small>☆</small><span class="username" data-name="pupugugu">pupugugu</span>:</strong> <em>it is but i forgot ice body</em></div><div class="chat chatmessage-pupugugu"><strong style="color:#2b7b91"><small>☆</small><span class="username" data-name="pupugugu">pupugugu</span>:</strong> <em>lmao</em></div><div class="spacer battle-history"><br></div><div class="battle-history">ASnomPlaysShowdown withdrew Drifblim!<br></div><div class="battle-history">ASnomPlaysShowdown sent out <strong>Sableye</strong>!<br></div><div class="battle-history"><small>Pointed stones dug into the opposing Sableye!</small><br></div><div class="spacer battle-history"><br></div><div class="battle-history">Walrein used <strong>Hail</strong>!<br></div><div class="battle-history"><small>It started to hail!</small><br></div><div class="spacer battle-history"><br></div><div class="battle-history"><small>(The hail is crashing down.)</small><br></div><div class="battle-history"><small>The opposing Sableye is buffeted by the hail!</small><br></div><div class="spacer battle-history"><br></div><h2 class="battle-history">Turn 16</h2><div class="chat chatmessage-ausma"><strong style="color:#774de1"><small> </small><span class="username" data-name="ausma">ausma</span>:</strong> <em>LMAO</em></div><div class="spacer battle-history"><br></div><div class="battle-history">ASnomPlaysShowdown withdrew Sableye!<br></div><div class="battle-history">ASnomPlaysShowdown sent out <strong>Tangrowth</strong>!<br></div><div class="battle-history"><small>Pointed stones dug into the opposing Tangrowth!</small><br></div><div class="spacer battle-history"><br></div><div class="battle-history">Walrein used <strong>Protect</strong>!<br></div><div class="battle-history"><small>But it failed!</small><br></div><div class="spacer battle-history"><br></div><div class="battle-history"><small>(The hail is crashing down.)</small><br></div><div class="battle-history"><small>The opposing Tangrowth is buffeted by the hail!</small><br></div><div class="spacer battle-history"><br></div><h2 class="battle-history">Turn 17</h2><div class="spacer battle-history"><br></div><div class="battle-history">Walrein used <strong>Protect</strong>!<br></div><div class="battle-history"><small>Walrein protected itself!</small><br></div><div class="spacer battle-history"><br></div><div class="battle-history">The opposing Tangrowth used <strong>Giga Drain</strong>!<br></div><div class="battle-history"><small>Walrein protected itself!</small><br></div><div class="spacer battle-history"><br></div><div class="battle-history"><small>(The hail is crashing down.)</small><br></div><div class="battle-history"><small>The opposing Tangrowth is buffeted by the hail!</small><br></div><div class="spacer battle-history"><br></div><h2 class="battle-history">Turn 18</h2><div class="spacer battle-history"><br></div><div class="battle-history">Walrein used <strong>Yawn</strong>!<br></div><div class="battle-history"><small>The opposing Tangrowth grew drowsy!</small><br></div><div class="spacer battle-history"><br></div><div class="battle-history">The opposing Tangrowth used <strong>Giga Drain</strong>!<br></div><div class="battle-history"><small>It's super effective!</small><br></div><div class="battle-history"><small>Walrein's substitute faded!</small><br></div><div class="battle-history"><small>Walrein had its energy drained!</small><br></div><div class="spacer battle-history"><br></div><div class="battle-history"><small>(The hail is crashing down.)</small><br></div><div class="battle-history"><small>The opposing Tangrowth is buffeted by the hail!</small><br></div><div class="spacer battle-history"><br></div><h2 class="battle-history">Turn 19</h2><div class="spacer battle-history"><br></div><div class="battle-history">ASnomPlaysShowdown withdrew Tangrowth!<br></div><div class="battle-history">ASnomPlaysShowdown sent out <strong>Pikachu</strong>!<br></div><div class="battle-history"><small>Pointed stones dug into the opposing Pikachu!</small><br></div><div class="spacer battle-history"><br></div><div class="battle-history">Walrein used <strong>Yawn</strong>!<br></div><div class="battle-history"><small>The opposing Pikachu grew drowsy!</small><br></div><div class="spacer battle-history"><br></div><div class="battle-history"><small>The hail stopped.</small><br></div><div class="spacer battle-history"><br></div><h2 class="battle-history">Turn 20</h2><div class="spacer battle-history"><br></div><div class="battle-history">Walrein used <strong>Protect</strong>!<br></div><div class="battle-history"><small>Walrein protected itself!</small><br></div><div class="spacer battle-history"><br></div><div class="battle-history">The opposing Pikachu used <strong>Volt Switch</strong>!<br></div><div class="battle-history"><small>Walrein protected itself!</small><br></div><div class="spacer battle-history"><br></div><div class="battle-history"><small>The opposing Pikachu fell asleep!</small><br></div><div class="spacer battle-history"><br></div><h2 class="battle-history">Turn 21</h2><div class="spacer battle-history"><br></div><div class="battle-history">The opposing Pikachu went back to ASnomPlaysShowdown!<br></div><div class="battle-history">ASnomPlaysShowdown sent out <strong>Tangrowth</strong>!<br></div><div class="battle-history"><small>Pointed stones dug into the opposing Tangrowth!</small><br></div><div class="spacer battle-history"><br></div><div class="battle-history">Walrein used <strong>Hail</strong>!<br></div><div class="battle-history"><small>It started to hail!</small><br></div><div class="spacer battle-history"><br></div><div class="battle-history"><small>(The hail is crashing down.)</small><br></div><div class="battle-history"><small>The opposing Tangrowth is buffeted by the hail!</small><br></div><div class="spacer battle-history"><br></div><h2 class="battle-history">Turn 22</h2><div class="chat chatmessage-inkbug1 mine"><strong style="color:#e46e0f"><small>#</small><span class="username" data-name="inkbug1">inkbug1</span>:</strong> <em>ohmy god</em></div><div class="spacer battle-history"><br></div><div class="battle-history">Walrein used <strong>Protect</strong>!<br></div><div class="battle-history"><small>Walrein protected itself!</small><br></div><div class="spacer battle-history"><br></div><div class="battle-history">The opposing Tangrowth used <strong>Giga Drain</strong>!<br></div><div class="battle-history"><small>Walrein protected itself!</small><br></div><div class="spacer battle-history"><br></div><div class="battle-history"><small>(The hail is crashing down.)</small><br></div><div class="battle-history"><small>The opposing Tangrowth is buffeted by the hail!</small><br></div><div class="spacer battle-history"><br></div><h2 class="battle-history">Turn 23</h2><div class="chat chatmessage-pupugugu"><strong style="color:#2b7b91"><small>☆</small><span class="username" data-name="pupugugu">pupugugu</span>:</strong> <em>this tour</em></div><div class="chat chatmessage-pupugugu"><strong style="color:#2b7b91"><small>☆</small><span class="username" data-name="pupugugu">pupugugu</span>:</strong> <em>i have done nothing</em></div><div class="chat chatmessage-pupugugu"><strong style="color:#2b7b91"><small>☆</small><span class="username" data-name="pupugugu">pupugugu</span>:</strong> <em>but be annoying</em></div><div class="spacer battle-history"><br></div><div class="battle-history">Walrein, come back!<br></div><div class="battle-history">Go! <strong>Toxicroak</strong>!<br></div><div class="battle-history"><small>Pointed stones dug into Toxicroak!</small><br></div><div class="spacer battle-history"><br></div><div class="battle-history">The opposing Tangrowth used <strong>Sludge Bomb</strong>!<br></div><div class="battle-history"><small>It's not very effective...</small><br></div><div class="battle-history"><small>(Toxicroak lost 16% of its health!)</small><br></div><div class="spacer battle-history"><br></div><div class="battle-history"><small>(The hail is crashing down.)</small><br></div><div class="battle-history"><small>Toxicroak is buffeted by the hail!</small><br></div><div class="battle-history"><small>The opposing Tangrowth is buffeted by the hail!</small><br></div><div class="spacer battle-history"><br></div><h2 class="battle-history">Turn 24</h2><div class="spacer battle-history"><br></div><div class="battle-history">ASnomPlaysShowdown withdrew Tangrowth!<br></div><div class="battle-history">ASnomPlaysShowdown sent out <strong>Drifblim</strong>!<br></div><div class="spacer battle-history"><br></div><div class="battle-history">Toxicroak used <strong>Gunk Shot</strong>!<br></div><div class="battle-history"><small>It's not very effective...</small><br></div><div class="battle-history"><small>(The opposing Drifblim lost 34% of its health!)</small><br></div><div class="battle-history"><small>Toxicroak lost some of its HP!</small><br></div><div class="spacer battle-history"><br></div><div class="battle-history"><small>(The hail is crashing down.)</small><br></div><div class="battle-history"><small>Toxicroak is buffeted by the hail!</small><br></div><div class="battle-history"><small>The opposing Drifblim is buffeted by the hail!</small><br></div><div class="spacer battle-history"><br></div><h2 class="battle-history">Turn 25</h2><div class="spacer battle-history"><br></div><div class="battle-history">Toxicroak used <strong>Sucker Punch</strong>!<br></div><div class="battle-history"><small>But it failed!</small><br></div><div class="spacer battle-history"><br></div><div class="battle-history">The opposing Drifblim used <strong>Strength Sap</strong>!<br></div><div class="battle-history"><small>Toxicroak's Attack fell!</small><br></div><div class="battle-history"><small>The opposing Drifblim had its HP restored.</small><br></div><div class="spacer battle-history"><br></div><div class="battle-history"><small>The hail stopped.</small><br></div><div class="spacer battle-history"><br></div><h2 class="battle-history">Turn 26</h2><div class="chat chatmessage-pupugugu"><strong style="color:#2b7b91"><small>☆</small><span class="username" data-name="pupugugu">pupugugu</span>:</strong> <em>well that's unfortunate</em></div><div class="spacer battle-history"><br></div><div class="battle-history">Toxicroak used <strong>Swords Dance</strong>!<br></div><div class="battle-history"><small>Toxicroak's Attack rose sharply!</small><br></div><div class="spacer battle-history"><br></div><div class="battle-history">The opposing Drifblim used <strong>Will-O-Wisp</strong>!<br></div><div class="battle-history"><small>Toxicroak avoided the attack!</small><br></div><div class="spacer battle-history"><br></div><h2 class="battle-history">Turn 27</h2><div class="chat chatmessage-asnomplaysshowdown"><strong style="color:#1bb1b6"><small>☆</small><span class="username" data-name="ASnomPlaysShowdown">ASnomPlaysShowdown</span>:</strong> <em>bruh</em></div><div class="chat chatmessage-pupugugu"><strong style="color:#2b7b91"><small>☆</small><span class="username" data-name="pupugugu">pupugugu</span>:</strong> <em>hm</em></div><div class="chat chatmessage-inkbug1 mine"><strong style="color:#e46e0f"><small>#</small><span class="username" data-name="inkbug1">inkbug1</span>:</strong> <em>ausma u missed the match where stockpile/rest araquanid mega and cosmic power/stored power mew just tposed at each other for 25 turns</em></div><div class="spacer battle-history"><br></div><div class="battle-history">Toxicroak, come back!<br></div><div class="battle-history">Go! <strong>Appletun</strong>!<br></div><div class="battle-history"><small>Pointed stones dug into Appletun!</small><br></div><div class="spacer battle-history"><br></div><div class="battle-history">The opposing Drifblim used <strong>Will-O-Wisp</strong>!<br></div><div class="battle-history"><small>Appletun was burned!</small><br></div><div class="spacer battle-history"><br></div><div class="battle-history"><small>Appletun was hurt by its burn!</small><br></div><div class="spacer battle-history"><br></div><h2 class="battle-history">Turn 28</h2><div class="spacer battle-history"><br></div><div class="battle-history">The opposing Drifblim used <strong>Hex</strong>!<br></div><div class="battle-history"><small>(Appletun lost 38% of its health!)</small><br></div><div class="spacer battle-history"><br></div><div class="battle-history">Appletun used <strong>Draco Meteor</strong>!<br></div><div class="battle-history"><small>(The opposing Drifblim lost 61% of its health!)</small><br></div><div class="battle-history"><small>Appletun's Sp. Atk fell harshly!</small><br></div><div class="battle-history"><small>Appletun lost some of its HP!</small><br></div><div class="spacer battle-history"><br></div><div class="battle-history"><small>Appletun was hurt by its burn!</small><br></div><div class="spacer battle-history"><br></div><h2 class="battle-history">Turn 29</h2><div class="spacer battle-history"><br></div><div class="battle-history">The opposing Drifblim used <strong>Hex</strong>!<br></div><div class="battle-history"><small>(Appletun lost 28% of its health!)</small><br></div><div class="spacer battle-history"><br></div><div class="battle-history">Appletun fainted!<br></div><div class="chat chatmessage-pupugugu"><strong style="color:#2b7b91"><small>☆</small><span class="username" data-name="pupugugu">pupugugu</span>:</strong> <em>i don't think i win this</em></div><div class="chat chatmessage-pupugugu"><strong style="color:#2b7b91"><small>☆</small><span class="username" data-name="pupugugu">pupugugu</span>:</strong> <em>i wish i had my actual stallrein v.v</em></div><div class="chat chatmessage-pupugugu"><strong style="color:#2b7b91"><small>☆</small><span class="username" data-name="pupugugu">pupugugu</span>:</strong> <em>gg</em></div><div class="chat chatmessage-asnomplaysshowdown"><strong style="color:#1bb1b6"><small>☆</small><span class="username" data-name="ASnomPlaysShowdown">ASnomPlaysShowdown</span>:</strong> <em>unfort</em></div><div class="spacer battle-history"><br></div><div class="battle-history"><small>pupugugu forfeited.</small><br></div><div class="spacer battle-history"><br></div><div class="battle-history"><strong>ASnomPlaysShowdown</strong> won the battle!<br></div><div class="chat chatmessage-ausma"><strong style="color:#774de1"><small> </small><span class="username" data-name="ausma">ausma</span>:</strong> <em>thats</em></div><div class="chat chatmessage-ausma"><strong style="color:#774de1"><small> </small><span class="username" data-name="ausma">ausma</span>:</strong> <em>hilarious</em></div></div><div class="inner-preempt message-log"></div></div></div>
</div>
<script>
let daily = Math.floor(Date.now()/1000/60/60/24);document.write('<script src="https://dragonheaven.herokuapp.com/js/replay-embed.js?version'+daily+'"></'+'script>');
</script>
