<!DOCTYPE html>
<meta charset="utf-8" />
<!-- version 1 -->
<title>[Gen 8] Megas for All replay: IsoCon vs. Mossy Sandwich</title>
<style>
html,body {font-family:Verdana, sans-serif;font-size:10pt;margin:0;padding:0;}body{padding:12px 0;} .battle-log {font-family:Verdana, sans-serif;font-size:10pt;} .battle-log-inline {border:1px solid #AAAAAA;background:#EEF2F5;color:black;max-width:640px;margin:0 auto 80px;padding-bottom:5px;} .battle-log .inner {padding:4px 8px 0px 8px;} .battle-log .inner-preempt {padding:0 8px 4px 8px;} .battle-log .inner-after {margin-top:0.5em;} .battle-log h2 {margin:0.5em -8px;padding:4px 8px;border:1px solid #AAAAAA;background:#E0E7EA;border-left:0;border-right:0;font-family:Verdana, sans-serif;font-size:13pt;} .battle-log .chat {vertical-align:middle;padding:3px 0 3px 0;font-size:8pt;} .battle-log .chat strong {color:#40576A;} .battle-log .chat em {padding:1px 4px 1px 3px;color:#000000;font-style:normal;} .chat.mine {background:rgba(0,0,0,0.05);margin-left:-8px;margin-right:-8px;padding-left:8px;padding-right:8px;} .spoiler {color:#BBBBBB;background:#BBBBBB;padding:0px 3px;} .spoiler:hover, .spoiler:active, .spoiler-shown {color:#000000;background:#E2E2E2;padding:0px 3px;} .spoiler a {color:#BBBBBB;} .spoiler:hover a, .spoiler:active a, .spoiler-shown a {color:#2288CC;} .chat code, .chat .spoiler:hover code, .chat .spoiler:active code, .chat .spoiler-shown code {border:1px solid #C0C0C0;background:#EEEEEE;color:black;padding:0 2px;} .chat .spoiler code {border:1px solid #CCCCCC;background:#CCCCCC;color:#CCCCCC;} .battle-log .rated {padding:3px 4px;} .battle-log .rated strong {color:white;background:#89A;padding:1px 4px;border-radius:4px;} .spacer {margin-top:0.5em;} .message-announce {background:#6688AA;color:white;padding:1px 4px 2px;} .message-announce a, .broadcast-green a, .broadcast-blue a, .broadcast-red a {color:#DDEEFF;} .broadcast-green {background-color:#559955;color:white;padding:2px 4px;} .broadcast-blue {background-color:#6688AA;color:white;padding:2px 4px;} .infobox {border:1px solid #6688AA;padding:2px 4px;} .infobox-limited {max-height:200px;overflow:auto;overflow-x:hidden;} .broadcast-red {background-color:#AA5544;color:white;padding:2px 4px;} .message-learn-canlearn {font-weight:bold;color:#228822;text-decoration:underline;} .message-learn-cannotlearn {font-weight:bold;color:#CC2222;text-decoration:underline;} .message-effect-weak {font-weight:bold;color:#CC2222;} .message-effect-resist {font-weight:bold;color:#6688AA;} .message-effect-immune {font-weight:bold;color:#666666;} .message-learn-list {margin-top:0;margin-bottom:0;} .message-throttle-notice, .message-error {color:#992222;} .message-overflow, .chat small.message-overflow {font-size:0pt;} .message-overflow::before {font-size:9pt;content:'...';} .subtle {color:#3A4A66;}
</style>
<div class="wrapper replay-wrapper" style="max-width:1180px;margin:0 auto">
<input type="hidden" name="replayid" value="dragonheaven-gen8megasforall-681" />
<div class="battle"></div><div class="battle-log"></div><div class="replay-controls"></div><div class="replay-controls-2"></div>
<h1 style="font-weight:normal;text-align:center"><strong>[Gen 8] Megas for All</strong><br /><a href="http://pokemonshowdown.com/users/isocon" class="subtle" target="_blank">IsoCon</a> vs. <a href="http://pokemonshowdown.com/users/mossysandwich" class="subtle" target="_blank">Mossy Sandwich</a></h1>
<script type="text/plain" class="battle-log-data">|j|☆IsoCon
|j|☆Mossy Sandwich

|t:|1609020920
|player|p1|IsoCon|evelyn|
|player|p2|Mossy Sandwich|101|
|teamsize|p1|6
|teamsize|p2|6
|gametype|singles
|gen|8
|tier|[Gen 8] Megas for All
|clearpoke
|poke|p1|Talonflame, F|
|poke|p1|Primarina, M|
|poke|p1|Landorus-Therian, M|
|poke|p1|Magearna|
|poke|p1|Heatran, F|
|poke|p1|Rillaboom, F|
|poke|p2|Weezing-Galar, F|
|poke|p2|Blissey, F|
|poke|p2|Dhelmise|
|poke|p2|Greninja, M|
|poke|p2|Landorus-Therian, M|
|poke|p2|Kartana|
|rule|HP Percentage Mod: HP is shown in percentages
|rule|Endless Battle Clause: Forcing endless battles is banned
|rule|OHKO Clause: OHKO moves are banned
|rule|Evasion Moves Clause: Evasion moves are banned
|rule|Species Clause: Limit one of each Pokémon
|rule|Dynamax Clause: You cannot dynamax
|rule|Sleep Clause Mod: Limit one foe put to sleep
|rule|Freeze Clause Mod: Limit one foe frozen
|teampreview
|c|☆Mossy Sandwich|gl hf
|c|☆IsoCon|u2
|
|t:|1609020934
|start
|switch|p1a: Talonflame|Talonflame, F|100\/100
|switch|p2a: Dhelmise|Dhelmise|344\/344
|turn|1
|
|t:|1609020940
|detailschange|p1a: Talonflame|Talonflame-Mega, F
|-mega|p1a: Talonflame|Talonflame|Talonflite
|-start|p1a: Talonflame|typechange|Fire\/Flying|[silent]
|raw|<ul class="utilichart"><li class="result"><span class="col pokemonnamecol" style="white-space: nowrap">Talonflame-Mega<\/span> <span class="col typecol"><img src="https:\/\/play.pokemonshowdown.com\/sprites\/types\/Fire.png" alt="Fire" height="14" width="32"><img src="https:\/\/play.pokemonshowdown.com\/sprites\/types\/Flying.png" alt="Flying" height="14" width="32"><\/span> <span style="float: left ; min-height: 26px"><span class="col abilitycol">Bird of Prey<\/span><span class="col abilitycol"><\/span><\/span><span style="float: left ; min-height: 26px"><span class="col statcol"><em>HP<\/em><br>78<\/span> <span class="col statcol"><em>Atk<\/em><br>81<\/span> <span class="col statcol"><em>Def<\/em><br>71<\/span> <span class="col statcol"><em>SpA<\/em><br>134<\/span> <span class="col statcol"><em>SpD<\/em><br>69<\/span> <span class="col statcol"><em>Spe<\/em><br>166<\/span> <\/span><\/li><li style="clear: both"><\/li><\/ul>
|detailschange|p2a: Dhelmise|Dhelmise-Mega
|-mega|p2a: Dhelmise|Dhelmise|Dhelmite
|-weather|PrimordialSea|[from] ability: Primordial Sea|[of] p2a: Dhelmise
|-start|p2a: Dhelmise|typechange|Ghost\/Steel|[silent]
|raw|<ul class="utilichart"><li class="result"><span class="col pokemonnamecol" style="white-space: nowrap">Dhelmise-Mega<\/span> <span class="col typecol"><img src="https:\/\/play.pokemonshowdown.com\/sprites\/types\/Ghost.png" alt="Ghost" height="14" width="32"><img src="https:\/\/play.pokemonshowdown.com\/sprites\/types\/Steel.png" alt="Steel" height="14" width="32"><\/span> <span style="float: left ; min-height: 26px"><span class="col abilitycol">Primordial Sea<\/span><span class="col abilitycol"><\/span><\/span><span style="float: left ; min-height: 26px"><span class="col statcol"><em>HP<\/em><br>70<\/span> <span class="col statcol"><em>Atk<\/em><br>151<\/span> <span class="col statcol"><em>Def<\/em><br>110<\/span> <span class="col statcol"><em>SpA<\/em><br>86<\/span> <span class="col statcol"><em>SpD<\/em><br>110<\/span> <span class="col statcol"><em>Spe<\/em><br>90<\/span> <\/span><\/li><li style="clear: both"><\/li><\/ul>
|move|p1a: Talonflame|U-turn|p2a: Dhelmise
|-resisted|p2a: Dhelmise
|-damage|p2a: Dhelmise|335\/344
|j| BlaueBrause
|
|t:|1609020980
|switch|p1a: Rillaboom|Rillaboom, F|100\/100|[from]move: U-turn
|-fieldstart|move: Grassy Terrain|[from] ability: Grassy Surge|[of] p1a: Rillaboom
|move|p2a: Dhelmise|Flip Turn|p1a: Rillaboom
|-resisted|p1a: Rillaboom
|-damage|p1a: Rillaboom|79\/100
|
|t:|1609020987
|-weather|none
|switch|p2a: Weezing|Weezing-Galar, F|334\/334
|
|-heal|p1a: Rillaboom|86\/100|[from] Grassy Terrain
|upkeep
|turn|2
|
|t:|1609020999
|switch|p1a: Heatran|Heatran, F|100\/100
|switch|p2a: Dhelmise|Dhelmise-Mega|335\/344
|-start|p2a: Dhelmise|typechange|Ghost\/Steel|[silent]
|-weather|PrimordialSea|[from] ability: Primordial Sea|[of] p2a: Dhelmise
|
|-weather|PrimordialSea|[upkeep]
|-heal|p2a: Dhelmise|344\/344|[from] Grassy Terrain
|upkeep
|turn|3
|
|t:|1609021018
|switch|p1a: Rillaboom|Rillaboom, F|86\/100
|move|p2a: Dhelmise|Substitute|p2a: Dhelmise
|-start|p2a: Dhelmise|Substitute
|-damage|p2a: Dhelmise|258\/344
|
|-weather|PrimordialSea|[upkeep]
|-heal|p1a: Rillaboom|92\/100|[from] Grassy Terrain
|-heal|p2a: Dhelmise|279\/344|[from] Grassy Terrain
|upkeep
|turn|4
|
|t:|1609021025
|move|p1a: Rillaboom|High Horsepower|p2a: Dhelmise|[miss]
|-miss|p1a: Rillaboom|p2a: Dhelmise
|move|p2a: Dhelmise|Poltergeist|p1a: Rillaboom
|-activate|p1a: Rillaboom|move: Poltergeist|Choice Band
|-damage|p1a: Rillaboom|13\/100
|
|-weather|PrimordialSea|[upkeep]
|-heal|p1a: Rillaboom|20\/100|[from] Grassy Terrain
|-heal|p2a: Dhelmise|300\/344|[from] Grassy Terrain
|upkeep
|turn|5
|c|☆Mossy Sandwich|sorry
|
|t:|1609021034
|move|p1a: Rillaboom|High Horsepower|p2a: Dhelmise
|-supereffective|p2a: Dhelmise
|-end|p2a: Dhelmise|Substitute
|move|p2a: Dhelmise|Poltergeist|p1a: Rillaboom
|-activate|p1a: Rillaboom|move: Poltergeist|Choice Band
|-damage|p1a: Rillaboom|0 fnt
|faint|p1a: Rillaboom
|
|-weather|PrimordialSea|[upkeep]
|-heal|p2a: Dhelmise|321\/344|[from] Grassy Terrain
|-fieldend|move: Grassy Terrain
|upkeep
|
|t:|1609021037
|switch|p1a: Primarina|Primarina, M|100\/100
|turn|6
|
|t:|1609021045
|move|p2a: Dhelmise|Flip Turn|p1a: Primarina
|-resisted|p1a: Primarina
|-damage|p1a: Primarina|78\/100
|
|t:|1609021047
|-weather|none
|switch|p2a: Blissey|Blissey, F|714\/714
|move|p1a: Primarina|Flip Turn|p2a: Blissey
|-damage|p2a: Blissey|620\/714
|
|t:|1609021056
|switch|p1a: Heatran|Heatran, F|100\/100|[from]move: Flip Turn
|
|upkeep
|turn|7
|
|t:|1609021064
|switch|p2a: Dhelmise|Dhelmise-Mega|321\/344
|-start|p2a: Dhelmise|typechange|Ghost\/Steel|[silent]
|-weather|PrimordialSea|[from] ability: Primordial Sea|[of] p2a: Dhelmise
|move|p1a: Heatran|Taunt|p2a: Dhelmise
|-start|p2a: Dhelmise|move: Taunt
|
|-weather|PrimordialSea|[upkeep]
|upkeep
|turn|8
|
|t:|1609021067
|move|p2a: Dhelmise|Flip Turn|p1a: Heatran
|-supereffective|p1a: Heatran
|-crit|p1a: Heatran
|-damage|p1a: Heatran|11\/100
|-damage|p2a: Dhelmise|264\/344|[from] item: Rocky Helmet|[of] p1a: Heatran
|
|t:|1609021074
|-weather|none
|switch|p2a: Greninja|Greninja, M|285\/285
|move|p1a: Heatran|Earth Power|p2a: Greninja
|-damage|p2a: Greninja|174\/285
|
|upkeep
|turn|9
|
|t:|1609021080
|switch|p1a: Primarina|Primarina, M|78\/100
|move|p2a: Greninja|Spikes|p1a: Primarina
|-sidestart|p1: IsoCon|Spikes
|
|upkeep
|turn|10
|
|t:|1609021091
|switch|p2a: Blissey|Blissey, F|620\/714
|move|p1a: Primarina|Moonblast|p2a: Blissey
|-damage|p2a: Blissey|413\/714
|
|upkeep
|turn|11
|
|t:|1609021096
|switch|p1a: Magearna|Magearna|100\/100
|-damage|p1a: Magearna|88\/100|[from] Spikes
|move|p2a: Blissey|Soft-Boiled|p2a: Blissey
|-heal|p2a: Blissey|714\/714
|
|-heal|p1a: Magearna|94\/100|[from] item: Leftovers
|upkeep
|turn|12
|
|t:|1609021123
|switch|p2a: Dhelmise|Dhelmise-Mega|264\/344
|-start|p2a: Dhelmise|typechange|Ghost\/Steel|[silent]
|-weather|PrimordialSea|[from] ability: Primordial Sea|[of] p2a: Dhelmise
|move|p1a: Magearna|Shift Gear|p1a: Magearna
|-boost|p1a: Magearna|spe|2
|-boost|p1a: Magearna|atk|1
|
|-weather|PrimordialSea|[upkeep]
|-heal|p1a: Magearna|99\/100|[from] item: Leftovers
|upkeep
|turn|13
|
|t:|1609021128
|move|p1a: Magearna|Calm Mind|p1a: Magearna
|-boost|p1a: Magearna|spa|1
|-boost|p1a: Magearna|spd|1
|move|p2a: Dhelmise|Swords Dance|p2a: Dhelmise
|-boost|p2a: Dhelmise|atk|2
|
|-weather|PrimordialSea|[upkeep]
|-heal|p1a: Magearna|100\/100|[from] item: Leftovers
|upkeep
|turn|14
|
|t:|1609021137
|move|p1a: Magearna|Draining Kiss|p2a: Dhelmise
|-resisted|p2a: Dhelmise
|-damage|p2a: Dhelmise|218\/344
|move|p2a: Dhelmise|Poltergeist|p1a: Magearna
|-activate|p1a: Magearna|move: Poltergeist|Leftovers
|-damage|p1a: Magearna|19\/100
|
|-weather|PrimordialSea|[upkeep]
|-heal|p1a: Magearna|25\/100|[from] item: Leftovers
|upkeep
|turn|15
|
|t:|1609021144
|move|p1a: Magearna|Draining Kiss|p2a: Dhelmise
|-resisted|p2a: Dhelmise
|-damage|p2a: Dhelmise|169\/344
|-heal|p1a: Magearna|36\/100|[from] drain|[of] p2a: Dhelmise
|move|p2a: Dhelmise|Flip Turn|p1a: Magearna
|-damage|p1a: Magearna|0 fnt
|faint|p1a: Magearna
|
|t:|1609021153
|-weather|none
|switch|p2a: Landorus|Landorus-Therian, M|319\/319
|
|upkeep
|
|t:|1609021156
|switch|p1a: Primarina|Primarina, M|78\/100
|-damage|p1a: Primarina|66\/100|[from] Spikes
|turn|16
|
|t:|1609021164
|move|p2a: Landorus|U-turn|p1a: Primarina
|-resisted|p1a: Primarina
|-damage|p1a: Primarina|49\/100
|
|t:|1609021167
|switch|p2a: Blissey|Blissey, F|714\/714
|move|p1a: Primarina|Flip Turn|p2a: Blissey
|-damage|p2a: Blissey|623\/714
|c|☆IsoCon|gg
|-message|IsoCon forfeited.
|
|win|Mossy Sandwich
|c|☆Mossy Sandwich|gg</script>
</div>
<div class="battle-log battle-log-inline"><div class="inner"><div class="battle-options"><div style="padding-top: 3px; padding-right: 3px; text-align: right"><button class="icon button" name="openBattleOptions" title="Options">Battle Options</button></div></div><div class="inner message-log"><div class="chat"><small>☆IsoCon and ☆Mossy Sandwich joined</small></div><div class=""><small>Format:</small> <br><strong>[Gen 8] Megas for All</strong></div><div class=""><small><em>HP Percentage Mod:</em> HP is shown in percentages</small></div><div class=""><small><em>Endless Battle Clause:</em> Forcing endless battles is banned</small></div><div class=""><small><em>OHKO Clause:</em> OHKO moves are banned</small></div><div class=""><small><em>Evasion Moves Clause:</em> Evasion moves are banned</small></div><div class=""><small><em>Species Clause:</em> Limit one of each Pokémon</small></div><div class=""><small><em>Dynamax Clause:</em> You cannot dynamax</small></div><div class=""><small><em>Sleep Clause Mod:</em> Limit one foe put to sleep</small></div><div class=""><small><em>Freeze Clause Mod:</em> Limit one foe frozen</small></div><div class="chat battle-history"><strong>IsoCon's team:</strong> <em style="color:#445566;display:block;">Talonflame / Primarina / Landorus-Therian / Magearna / Heatran / Rillaboom</em></div><div class="chat battle-history"><strong>Mossy Sandwich's team:</strong> <em style="color:#445566;display:block;">Weezing-Galar / Blissey / Dhelmise / Greninja / Landorus-Therian / Kartana</em></div><div class="chat chatmessage-mossysandwich mine"><strong style="color:#ba49a2"><small>☆</small><span class="username" data-name="Mossy Sandwich">Mossy Sandwich</span>:</strong> <em>gl hf</em></div><div class="chat chatmessage-isocon"><strong style="color:#616adf"><small>☆</small><span class="username" data-name="IsoCon">IsoCon</span>:</strong> <em>u2</em></div><div class="spacer battle-history"><br></div><div class="battle-history">Battle started between IsoCon and Mossy Sandwich!<br></div><div class="spacer battle-history"><br></div><div class="battle-history">IsoCon sent out <strong>Talonflame</strong>!<br></div><div class="spacer battle-history"><br></div><div class="battle-history">Go! <strong>Dhelmise</strong>!<br></div><div class="spacer battle-history"><br></div><h2 class="battle-history">Turn 1</h2><div class="spacer battle-history"><br></div><div class="battle-history"><small>The opposing Talonflame's Talonflite is reacting to the Key Stone!</small><br>The opposing Talonflame has Mega Evolved into Mega Talonflame!<br></div><div class="chat"><ul class="utilichart"><li class="result"><span class="col pokemonnamecol" style="white-space: nowrap">Talonflame-Mega</span> <span class="col typecol"><img src="https://play.pokemonshowdown.com/sprites/types/Fire.png" alt="Fire" height="14" width="32"><img src="https://play.pokemonshowdown.com/sprites/types/Flying.png" alt="Flying" height="14" width="32"></span> <span style="float: left ; min-height: 26px"><span class="col abilitycol">Bird of Prey</span><span class="col abilitycol"></span></span><span style="float: left ; min-height: 26px"><span class="col statcol"><em>HP</em><br>78</span> <span class="col statcol"><em>Atk</em><br>81</span> <span class="col statcol"><em>Def</em><br>71</span> <span class="col statcol"><em>SpA</em><br>134</span> <span class="col statcol"><em>SpD</em><br>69</span> <span class="col statcol"><em>Spe</em><br>166</span> </span></li><li style="clear: both"></li></ul></div><div class="spacer battle-history"><br></div><div class="battle-history"><small>Dhelmise's Dhelmite is reacting to the Key Stone!</small><br>Dhelmise has Mega Evolved into Mega Dhelmise!<br></div><div class="battle-history">[Dhelmise's Primordial Sea]<br><small>A heavy rain began to fall!</small><br></div><div class="chat"><ul class="utilichart"><li class="result"><span class="col pokemonnamecol" style="white-space: nowrap">Dhelmise-Mega</span> <span class="col typecol"><img src="https://play.pokemonshowdown.com/sprites/types/Ghost.png" alt="Ghost" height="14" width="32"><img src="https://play.pokemonshowdown.com/sprites/types/Steel.png" alt="Steel" height="14" width="32"></span> <span style="float: left ; min-height: 26px"><span class="col abilitycol">Primordial Sea</span><span class="col abilitycol"></span></span><span style="float: left ; min-height: 26px"><span class="col statcol"><em>HP</em><br>70</span> <span class="col statcol"><em>Atk</em><br>151</span> <span class="col statcol"><em>Def</em><br>110</span> <span class="col statcol"><em>SpA</em><br>86</span> <span class="col statcol"><em>SpD</em><br>110</span> <span class="col statcol"><em>Spe</em><br>90</span> </span></li><li style="clear: both"></li></ul></div><div class="spacer battle-history"><br></div><div class="battle-history">The opposing Talonflame used <strong>U-turn</strong>!<br></div><div class="battle-history"><small>It's not very effective...</small><br></div><div class="battle-history"><small>(Dhelmise lost <abbr title="−9/344">2.6%</abbr> of its health!)</small><br></div><div class="chat"><small> BlaueBrause joined</small></div><div class="spacer battle-history"><br></div><div class="battle-history">The opposing Talonflame went back to IsoCon!<br></div><div class="battle-history">IsoCon sent out <strong>Rillaboom</strong>!<br></div><div class="battle-history">[The opposing Rillaboom's Grassy Surge]<br><small>Grass grew to cover the battlefield!</small><br></div><div class="spacer battle-history"><br></div><div class="battle-history">Dhelmise used <strong>Flip Turn</strong>!<br></div><div class="battle-history"><small>It's not very effective...</small><br></div><div class="battle-history"><small>(The opposing Rillaboom lost 21% of its health!)</small><br></div><div class="spacer battle-history"><br></div><div class="battle-history"><small>The heavy rain has lifted!</small><br></div><div class="spacer battle-history"><br></div><div class="battle-history">Dhelmise, come back!<br></div><div class="battle-history">Go! Weezing (<strong>Weezing-Galar</strong>)!<br></div><div class="spacer battle-history"><br></div><div class="battle-history"><small>The opposing Rillaboom's HP was restored.</small><br></div><div class="spacer battle-history"><br></div><h2 class="battle-history">Turn 2</h2><div class="spacer battle-history"><br></div><div class="battle-history">IsoCon withdrew Rillaboom!<br></div><div class="battle-history">IsoCon sent out <strong>Heatran</strong>!<br></div><div class="spacer battle-history"><br></div><div class="battle-history">Weezing, come back!<br></div><div class="battle-history">Go! Dhelmise (<strong>Dhelmise-Mega</strong>)!<br></div><div class="battle-history">[Dhelmise's Primordial Sea]<br><small>A heavy rain began to fall!</small><br></div><div class="spacer battle-history"><br></div><div class="battle-history"><small>Dhelmise's HP was restored.</small><br></div><div class="spacer battle-history"><br></div><h2 class="battle-history">Turn 3</h2><div class="spacer battle-history"><br></div><div class="battle-history">IsoCon withdrew Heatran!<br></div><div class="battle-history">IsoCon sent out <strong>Rillaboom</strong>!<br></div><div class="spacer battle-history"><br></div><div class="battle-history">Dhelmise used <strong>Substitute</strong>!<br></div><div class="battle-history"><small>Dhelmise put in a substitute!</small><br></div><div class="battle-history"><small>(Dhelmise lost <abbr title="−86/344">25%</abbr> of its health!)</small><br></div><div class="spacer battle-history"><br></div><div class="battle-history"><small>The opposing Rillaboom's HP was restored.</small><br></div><div class="battle-history"><small>Dhelmise's HP was restored.</small><br></div><div class="spacer battle-history"><br></div><h2 class="battle-history">Turn 4</h2><div class="spacer battle-history"><br></div><div class="battle-history">The opposing Rillaboom used <strong>High Horsepower</strong>!<br></div><div class="battle-history"><small>Dhelmise avoided the attack!</small><br></div><div class="spacer battle-history"><br></div><div class="battle-history">Dhelmise used <strong>Poltergeist</strong>!<br></div><div class="battle-history"><small>The opposing Rillaboom is about to be attacked by its Choice Band!</small><br></div><div class="battle-history"><small>(The opposing Rillaboom lost 79% of its health!)</small><br></div><div class="spacer battle-history"><br></div><div class="battle-history"><small>The opposing Rillaboom's HP was restored.</small><br></div><div class="battle-history"><small>Dhelmise's HP was restored.</small><br></div><div class="spacer battle-history"><br></div><h2 class="battle-history">Turn 5</h2><div class="chat chatmessage-mossysandwich mine"><strong style="color:#ba49a2"><small>☆</small><span class="username" data-name="Mossy Sandwich">Mossy Sandwich</span>:</strong> <em>sorry</em></div><div class="spacer battle-history"><br></div><div class="battle-history">The opposing Rillaboom used <strong>High Horsepower</strong>!<br></div><div class="battle-history"><small>It's super effective!</small><br></div><div class="battle-history"><small>Dhelmise's substitute faded!</small><br></div><div class="spacer battle-history"><br></div><div class="battle-history">Dhelmise used <strong>Poltergeist</strong>!<br></div><div class="battle-history"><small>The opposing Rillaboom is about to be attacked by its Choice Band!</small><br></div><div class="battle-history"><small>(The opposing Rillaboom lost 20% of its health!)</small><br></div><div class="spacer battle-history"><br></div><div class="battle-history">The opposing Rillaboom fainted!<br></div><div class="spacer battle-history"><br></div><div class="battle-history"><small>Dhelmise's HP was restored.</small><br></div><div class="battle-history"><small>The grass disappeared from the battlefield.</small><br></div><div class="spacer battle-history"><br></div><div class="battle-history">IsoCon sent out <strong>Primarina</strong>!<br></div><div class="spacer battle-history"><br></div><h2 class="battle-history">Turn 6</h2><div class="spacer battle-history"><br></div><div class="battle-history">Dhelmise used <strong>Flip Turn</strong>!<br></div><div class="battle-history"><small>It's not very effective...</small><br></div><div class="battle-history"><small>(The opposing Primarina lost 22% of its health!)</small><br></div><div class="spacer battle-history"><br></div><div class="battle-history"><small>The heavy rain has lifted!</small><br></div><div class="spacer battle-history"><br></div><div class="battle-history">Dhelmise, come back!<br></div><div class="battle-history">Go! <strong>Blissey</strong>!<br></div><div class="spacer battle-history"><br></div><div class="battle-history">The opposing Primarina used <strong>Flip Turn</strong>!<br></div><div class="battle-history"><small>(Blissey lost <abbr title="−94/714">13.2%</abbr> of its health!)</small><br></div><div class="spacer battle-history"><br></div><div class="battle-history">IsoCon withdrew Primarina!<br></div><div class="battle-history">IsoCon sent out <strong>Heatran</strong>!<br></div><div class="spacer battle-history"><br></div><h2 class="battle-history">Turn 7</h2><div class="spacer battle-history"><br></div><div class="battle-history">Blissey, come back!<br></div><div class="battle-history">Go! Dhelmise (<strong>Dhelmise-Mega</strong>)!<br></div><div class="battle-history">[Dhelmise's Primordial Sea]<br><small>A heavy rain began to fall!</small><br></div><div class="spacer battle-history"><br></div><div class="battle-history">The opposing Heatran used <strong>Taunt</strong>!<br></div><div class="battle-history"><small>Dhelmise fell for the taunt!</small><br></div><div class="spacer battle-history"><br></div><h2 class="battle-history">Turn 8</h2><div class="spacer battle-history"><br></div><div class="battle-history">Dhelmise used <strong>Flip Turn</strong>!<br></div><div class="battle-history"><small>It's super effective!</small><br></div><div class="battle-history"><small>A critical hit!</small><br></div><div class="battle-history"><small>(The opposing Heatran lost 89% of its health!)</small><br></div><div class="battle-history"><small>Dhelmise was hurt by the Rocky Helmet!</small><br></div><div class="spacer battle-history"><br></div><div class="battle-history"><small>The heavy rain has lifted!</small><br></div><div class="spacer battle-history"><br></div><div class="battle-history">Dhelmise, come back!<br></div><div class="battle-history">Go! <strong>Greninja</strong>!<br></div><div class="spacer battle-history"><br></div><div class="battle-history">The opposing Heatran used <strong>Earth Power</strong>!<br></div><div class="battle-history"><small>(Greninja lost <abbr title="−111/285">38.9%</abbr> of its health!)</small><br></div><div class="spacer battle-history"><br></div><h2 class="battle-history">Turn 9</h2><div class="spacer battle-history"><br></div><div class="battle-history">IsoCon withdrew Heatran!<br></div><div class="battle-history">IsoCon sent out <strong>Primarina</strong>!<br></div><div class="spacer battle-history"><br></div><div class="battle-history">Greninja used <strong>Spikes</strong>!<br></div><div class="battle-history"><small>Spikes were scattered on the ground all around the opposing team!</small><br></div><div class="spacer battle-history"><br></div><h2 class="battle-history">Turn 10</h2><div class="spacer battle-history"><br></div><div class="battle-history">Greninja, come back!<br></div><div class="battle-history">Go! <strong>Blissey</strong>!<br></div><div class="spacer battle-history"><br></div><div class="battle-history">The opposing Primarina used <strong>Moonblast</strong>!<br></div><div class="battle-history"><small>(Blissey lost <abbr title="−207/714">29.0%</abbr> of its health!)</small><br></div><div class="spacer battle-history"><br></div><h2 class="battle-history">Turn 11</h2><div class="spacer battle-history"><br></div><div class="battle-history">IsoCon withdrew Primarina!<br></div><div class="battle-history">IsoCon sent out <strong>Magearna</strong>!<br></div><div class="battle-history"><small>The opposing Magearna was hurt by the spikes!</small><br></div><div class="spacer battle-history"><br></div><div class="battle-history">Blissey used <strong>Soft-Boiled</strong>!<br></div><div class="battle-history"><small>Blissey had its HP restored.</small><br></div><div class="spacer battle-history"><br></div><div class="battle-history"><small>The opposing Magearna restored a little HP using its Leftovers!</small><br></div><div class="spacer battle-history"><br></div><h2 class="battle-history">Turn 12</h2><div class="spacer battle-history"><br></div><div class="battle-history">Blissey, come back!<br></div><div class="battle-history">Go! Dhelmise (<strong>Dhelmise-Mega</strong>)!<br></div><div class="battle-history">[Dhelmise's Primordial Sea]<br><small>A heavy rain began to fall!</small><br></div><div class="spacer battle-history"><br></div><div class="battle-history">The opposing Magearna used <strong>Shift Gear</strong>!<br></div><div class="battle-history"><small>The opposing Magearna's Speed rose sharply!</small><br></div><div class="battle-history"><small>The opposing Magearna's Attack rose!</small><br></div><div class="spacer battle-history"><br></div><div class="battle-history"><small>The opposing Magearna restored a little HP using its Leftovers!</small><br></div><div class="spacer battle-history"><br></div><h2 class="battle-history">Turn 13</h2><div class="spacer battle-history"><br></div><div class="battle-history">The opposing Magearna used <strong>Calm Mind</strong>!<br></div><div class="battle-history"><small>The opposing Magearna's Sp. Atk rose!</small><br></div><div class="battle-history"><small>The opposing Magearna's Sp. Def rose!</small><br></div><div class="spacer battle-history"><br></div><div class="battle-history">Dhelmise used <strong>Swords Dance</strong>!<br></div><div class="battle-history"><small>Dhelmise's Attack rose sharply!</small><br></div><div class="spacer battle-history"><br></div><div class="battle-history"><small>The opposing Magearna restored a little HP using its Leftovers!</small><br></div><div class="spacer battle-history"><br></div><h2 class="battle-history">Turn 14</h2><div class="spacer battle-history"><br></div><div class="battle-history">The opposing Magearna used <strong>Draining Kiss</strong>!<br></div><div class="battle-history"><small>It's not very effective...</small><br></div><div class="battle-history"><small>(Dhelmise lost <abbr title="−46/344">13.4%</abbr> of its health!)</small><br></div><div class="spacer battle-history"><br></div><div class="battle-history">Dhelmise used <strong>Poltergeist</strong>!<br></div><div class="battle-history"><small>The opposing Magearna is about to be attacked by its Leftovers!</small><br></div><div class="battle-history"><small>(The opposing Magearna lost 81% of its health!)</small><br></div><div class="spacer battle-history"><br></div><div class="battle-history"><small>The opposing Magearna restored a little HP using its Leftovers!</small><br></div><div class="spacer battle-history"><br></div><h2 class="battle-history">Turn 15</h2><div class="spacer battle-history"><br></div><div class="battle-history">The opposing Magearna used <strong>Draining Kiss</strong>!<br></div><div class="battle-history"><small>It's not very effective...</small><br></div><div class="battle-history"><small>(Dhelmise lost <abbr title="−49/344">14.2%</abbr> of its health!)</small><br></div><div class="battle-history"><small>Dhelmise had its energy drained!</small><br></div><div class="spacer battle-history"><br></div><div class="battle-history">Dhelmise used <strong>Flip Turn</strong>!<br></div><div class="battle-history"><small>(The opposing Magearna lost 36% of its health!)</small><br></div><div class="spacer battle-history"><br></div><div class="battle-history">The opposing Magearna fainted!<br></div><div class="spacer battle-history"><br></div><div class="battle-history"><small>The heavy rain has lifted!</small><br></div><div class="spacer battle-history"><br></div><div class="battle-history">Dhelmise, come back!<br></div><div class="battle-history">Go! Landorus (<strong>Landorus-Therian</strong>)!<br></div><div class="spacer battle-history"><br></div><div class="battle-history">IsoCon sent out <strong>Primarina</strong>!<br></div><div class="battle-history"><small>The opposing Primarina was hurt by the spikes!</small><br></div><div class="spacer battle-history"><br></div><h2 class="battle-history">Turn 16</h2><div class="spacer battle-history"><br></div><div class="battle-history">Landorus used <strong>U-turn</strong>!<br></div><div class="battle-history"><small>It's not very effective...</small><br></div><div class="battle-history"><small>(The opposing Primarina lost 17% of its health!)</small><br></div><div class="spacer battle-history"><br></div><div class="battle-history">Landorus went back to Mossy Sandwich!<br></div><div class="battle-history">Go! <strong>Blissey</strong>!<br></div><div class="spacer battle-history"><br></div><div class="battle-history">The opposing Primarina used <strong>Flip Turn</strong>!<br></div><div class="battle-history"><small>(Blissey lost <abbr title="−91/714">12.7%</abbr> of its health!)</small><br></div><div class="chat chatmessage-isocon"><strong style="color:#616adf"><small>☆</small><span class="username" data-name="IsoCon">IsoCon</span>:</strong> <em>gg</em></div><div class="battle-history"><small>IsoCon forfeited.</small><br></div><div class="spacer battle-history"><br></div><div class="battle-history"><strong>Mossy Sandwich</strong> won the battle!<br></div><div class="chat chatmessage-mossysandwich mine"><strong style="color:#ba49a2"><small>☆</small><span class="username" data-name="Mossy Sandwich">Mossy Sandwich</span>:</strong> <em>gg</em></div></div><div class="inner-preempt message-log"></div></div></div>
</div>
<script>
let daily = Math.floor(Date.now()/1000/60/60/24);document.write('<script src="https://dragonheaven.herokuapp.com/js/replay-embed.js?version'+daily+'"></'+'script>');
</script>
