<!DOCTYPE html>
<meta charset="utf-8" />
<!-- version 1 -->
<title>[Gen 8] Megas for All replay: inkbug1 vs. H2OPulse</title>
<style>
html,body {font-family:Verdana, sans-serif;font-size:10pt;margin:0;padding:0;}body{padding:12px 0;} .battle-log {font-family:Verdana, sans-serif;font-size:10pt;} .battle-log-inline {border:1px solid #AAAAAA;background:#EEF2F5;color:black;max-width:640px;margin:0 auto 80px;padding-bottom:5px;} .battle-log .inner {padding:4px 8px 0px 8px;} .battle-log .inner-preempt {padding:0 8px 4px 8px;} .battle-log .inner-after {margin-top:0.5em;} .battle-log h2 {margin:0.5em -8px;padding:4px 8px;border:1px solid #AAAAAA;background:#E0E7EA;border-left:0;border-right:0;font-family:Verdana, sans-serif;font-size:13pt;} .battle-log .chat {vertical-align:middle;padding:3px 0 3px 0;font-size:8pt;} .battle-log .chat strong {color:#40576A;} .battle-log .chat em {padding:1px 4px 1px 3px;color:#000000;font-style:normal;} .chat.mine {background:rgba(0,0,0,0.05);margin-left:-8px;margin-right:-8px;padding-left:8px;padding-right:8px;} .spoiler {color:#BBBBBB;background:#BBBBBB;padding:0px 3px;} .spoiler:hover, .spoiler:active, .spoiler-shown {color:#000000;background:#E2E2E2;padding:0px 3px;} .spoiler a {color:#BBBBBB;} .spoiler:hover a, .spoiler:active a, .spoiler-shown a {color:#2288CC;} .chat code, .chat .spoiler:hover code, .chat .spoiler:active code, .chat .spoiler-shown code {border:1px solid #C0C0C0;background:#EEEEEE;color:black;padding:0 2px;} .chat .spoiler code {border:1px solid #CCCCCC;background:#CCCCCC;color:#CCCCCC;} .battle-log .rated {padding:3px 4px;} .battle-log .rated strong {color:white;background:#89A;padding:1px 4px;border-radius:4px;} .spacer {margin-top:0.5em;} .message-announce {background:#6688AA;color:white;padding:1px 4px 2px;} .message-announce a, .broadcast-green a, .broadcast-blue a, .broadcast-red a {color:#DDEEFF;} .broadcast-green {background-color:#559955;color:white;padding:2px 4px;} .broadcast-blue {background-color:#6688AA;color:white;padding:2px 4px;} .infobox {border:1px solid #6688AA;padding:2px 4px;} .infobox-limited {max-height:200px;overflow:auto;overflow-x:hidden;} .broadcast-red {background-color:#AA5544;color:white;padding:2px 4px;} .message-learn-canlearn {font-weight:bold;color:#228822;text-decoration:underline;} .message-learn-cannotlearn {font-weight:bold;color:#CC2222;text-decoration:underline;} .message-effect-weak {font-weight:bold;color:#CC2222;} .message-effect-resist {font-weight:bold;color:#6688AA;} .message-effect-immune {font-weight:bold;color:#666666;} .message-learn-list {margin-top:0;margin-bottom:0;} .message-throttle-notice, .message-error {color:#992222;} .message-overflow, .chat small.message-overflow {font-size:0pt;} .message-overflow::before {font-size:9pt;content:'...';} .subtle {color:#3A4A66;}
</style>
<div class="wrapper replay-wrapper" style="max-width:1180px;margin:0 auto">
<input type="hidden" name="replayid" value="dragonheaven-gen8megasforall-342" />
<div class="battle"></div><div class="battle-log"></div><div class="replay-controls"></div><div class="replay-controls-2"></div>
<h1 style="font-weight:normal;text-align:center"><strong>[Gen 8] Megas for All</strong><br /><a href="http://pokemonshowdown.com/users/inkbug1" class="subtle" target="_blank">inkbug1</a> vs. <a href="http://pokemonshowdown.com/users/h2opulse" class="subtle" target="_blank">H2OPulse</a></h1>
<script type="text/plain" class="battle-log-data">|j|☆inkbug1

|j|☆H2OPulse
|t:|1608446192
|player|p1|inkbug1|burgh|
|player|p2|H2OPulse|aetherfoundation|
|teamsize|p1|6
|teamsize|p2|6
|gametype|singles
|gen|8
|tier|[Gen 8] Megas for All
|clearpoke
|poke|p1|Luxray, F|
|poke|p1|Keldeo-Resolute|
|poke|p1|Araquanid, F|
|poke|p1|Eldegoss, M|
|poke|p1|Celesteela|
|poke|p1|Claydol|
|poke|p2|Slowking, M|
|poke|p2|Cobalion|
|poke|p2|Muk-Alola, F|
|poke|p2|Hoopa-Unbound|
|poke|p2|Salamence, F|
|poke|p2|Rotom-Heat|
|rule|HP Percentage Mod: HP is shown in percentages
|rule|Endless Battle Clause: Forcing endless battles is banned
|rule|OHKO Clause: OHKO moves are banned
|rule|Evasion Moves Clause: Evasion moves are banned
|rule|Species Clause: Limit one of each Pokémon
|rule|Dynamax Clause: You cannot dynamax
|rule|Sleep Clause Mod: Limit one foe put to sleep
|rule|Freeze Clause Mod: Limit one foe frozen
|teampreview
|
|t:|1608446201
|start
|switch|p1a: Weaver|Araquanid, F|339\/339
|switch|p2a: Delph|Cobalion|100\/100
|turn|1
|
|t:|1608446211
|move|p2a: Delph|Stealth Rock|p1a: Weaver
|-sidestart|p1: inkbug1|move: Stealth Rock
|move|p1a: Weaver|Sticky Web|p2a: Delph
|-sidestart|p2: H2OPulse|move: Sticky Web
|
|upkeep
|turn|2
|
|t:|1608446216
|move|p2a: Delph|Iron Head|p1a: Weaver
|-resisted|p1a: Weaver
|-damage|p1a: Weaver|296\/339
|move|p1a: Weaver|Liquidation|p2a: Delph
|-damage|p2a: Delph|57\/100
|-unboost|p2a: Delph|def|1
|-damage|p1a: Weaver|240\/339|[from] item: Rocky Helmet|[of] p2a: Delph
|
|upkeep
|turn|3
|
|t:|1608446232
|move|p2a: Delph|Volt Switch|p1a: Weaver
|-supereffective|p1a: Weaver
|-damage|p1a: Weaver|172\/339
|
|t:|1608446249
|switch|p2a: Strelitzia|Salamence, F|100\/100|[from]move: Volt Switch
|-ability|p2a: Strelitzia|Intimidate|boost
|-unboost|p1a: Weaver|atk|1
|move|p1a: Weaver|Liquidation|p2a: Strelitzia
|-resisted|p2a: Strelitzia
|-damage|p2a: Strelitzia|85\/100
|
|upkeep
|turn|4
|
|t:|1608446263
|switch|p1a: Zapmaster 9000|Luxray, F|301\/301
|-damage|p1a: Zapmaster 9000|264\/301|[from] Stealth Rock
|-ability|p1a: Zapmaster 9000|Intimidate|boost
|-unboost|p2a: Strelitzia|atk|1
|-enditem|p2a: Strelitzia|Eject Pack
|
|t:|1608446274
|switch|p2a: Wheat|Rotom-Heat|100\/100
|
|upkeep
|turn|5
|
|t:|1608446288
|detailschange|p1a: Zapmaster 9000|Luxray-Mega, F
|-mega|p1a: Zapmaster 9000|Luxray|Luxrite
|raw|<ul class="utilichart"><li class="result"><span class="col pokemonnamecol" style="white-space: nowrap">Luxray-Mega<\/span> <span class="col typecol"><img src="https:\/\/play.pokemonshowdown.com\/sprites\/types\/Electric.png" alt="Electric" height="14" width="32"><\/span> <span style="float: left ; min-height: 26px"><span class="col abilitycol">Ambush<\/span><span class="col abilitycol"><\/span><\/span><span style="float: left ; min-height: 26px"><span class="col statcol"><em>HP<\/em><br>80<\/span> <span class="col statcol"><em>Atk<\/em><br>160<\/span> <span class="col statcol"><em>Def<\/em><br>89<\/span> <span class="col statcol"><em>SpA<\/em><br>125<\/span> <span class="col statcol"><em>SpD<\/em><br>89<\/span> <span class="col statcol"><em>Spe<\/em><br>80<\/span> <\/span><\/li><li style="clear: both"><\/li><\/ul>
|move|p2a: Wheat|Defog|p1a: Zapmaster 9000
|-unboost|p1a: Zapmaster 9000|evasion|1
|-sideend|p1: inkbug1|Stealth Rock|[from] move: Defog|[of] p2a: Wheat
|-sideend|p2: H2OPulse|Sticky Web|[from] move: Defog|[of] p2a: Wheat
|move|p1a: Zapmaster 9000|Crunch|p2a: Wheat
|-damage|p2a: Wheat|65\/100
|
|upkeep
|turn|6
|c|☆inkbug1|just __barely__ slower...
|
|t:|1608446315
|switch|p1a: Lantern|Claydol|324\/324
|move|p2a: Wheat|Overheat|p1a: Lantern|[miss]
|-miss|p2a: Wheat|p1a: Lantern
|
|upkeep
|turn|7
|
|t:|1608446335
|switch|p2a: Moss Rose|Slowking, M|100\/100
|move|p1a: Lantern|Light Screen|p1a: Lantern
|-sidestart|p1: inkbug1|move: Light Screen
|
|upkeep
|turn|8
|
|t:|1608446347
|switch|p1a: Weaver|Araquanid, F|172\/339
|switch|p2a: Hydrangea|Muk-Alola, F|100\/100
|
|upkeep
|turn|9
|
|t:|1608446355
|move|p2a: Hydrangea|Knock Off|p1a: Weaver
|-damage|p1a: Weaver|28\/339
|-enditem|p1a: Weaver|Heavy-Duty Boots|[from] move: Knock Off|[of] p2a: Hydrangea
|move|p1a: Weaver|Leech Life|p2a: Hydrangea
|-damage|p2a: Hydrangea|71\/100
|-heal|p1a: Weaver|80\/339|[from] drain|[of] p2a: Hydrangea
|
|upkeep
|turn|10
|c|☆inkbug1|ow
|
|t:|1608446365
|move|p2a: Hydrangea|Pursuit|p1a: Weaver
|-damage|p1a: Weaver|19\/339
|move|p1a: Weaver|Sticky Web|p2a: Hydrangea
|-sidestart|p2: H2OPulse|move: Sticky Web
|
|upkeep
|turn|11
|c|☆H2OPulse|Misclick oops
|
|t:|1608446376
|move|p2a: Hydrangea|Knock Off|p1a: Weaver
|-damage|p1a: Weaver|0 fnt
|faint|p1a: Weaver
|
|upkeep
|
|t:|1608446388
|switch|p1a: Zapmaster 9000|Luxray-Mega, F|264\/301
|turn|12
|
|t:|1608446396
|move|p1a: Zapmaster 9000|Wild Charge|p2a: Hydrangea
|-crit|p2a: Hydrangea
|-damage|p2a: Hydrangea|0 fnt
|-damage|p1a: Zapmaster 9000|202\/301|[from] Recoil
|faint|p2a: Hydrangea
|
|upkeep
|
|t:|1608446401
|switch|p2a: Wheat|Rotom-Heat|65\/100
|turn|13
|c|☆inkbug1|noo my webs
|
|t:|1608446416
|move|p2a: Wheat|Defog|p1a: Zapmaster 9000
|-unboost|p1a: Zapmaster 9000|evasion|1
|-sideend|p1: inkbug1|move: Light Screen
|-sideend|p2: H2OPulse|Sticky Web|[from] move: Defog|[of] p2a: Wheat
|move|p1a: Zapmaster 9000|Crunch|p2a: Wheat
|-damage|p2a: Wheat|29\/100
|-unboost|p2a: Wheat|def|1
|
|upkeep
|turn|14
|
|t:|1608446425
|switch|p1a: Kellyn|Keldeo-Resolute|386\/386
|move|p2a: Wheat|Overheat|p1a: Kellyn
|-resisted|p1a: Kellyn
|-damage|p1a: Kellyn|296\/386
|-unboost|p2a: Wheat|spa|2
|
|-heal|p1a: Kellyn|320\/386|[from] item: Leftovers
|upkeep
|turn|15
|
|t:|1608446434
|switch|p2a: Moss Rose|Slowking, M|100\/100
|move|p1a: Kellyn|Scald|p2a: Moss Rose
|-resisted|p2a: Moss Rose
|-damage|p2a: Moss Rose|86\/100
|
|-heal|p1a: Kellyn|344\/386|[from] item: Leftovers
|upkeep
|turn|16
|
|t:|1608446444
|move|p1a: Kellyn|Taunt|p2a: Moss Rose
|-start|p2a: Moss Rose|move: Taunt
|cant|p2a: Moss Rose|move: Taunt|Nasty Plot
|
|-heal|p1a: Kellyn|368\/386|[from] item: Leftovers
|upkeep
|turn|17
|
|t:|1608446469
|move|p1a: Kellyn|Flip Turn|p2a: Moss Rose
|-resisted|p2a: Moss Rose
|-damage|p2a: Moss Rose|81\/100
|
|t:|1608446478
|switch|p1a: Candyfloss|Eldegoss, M|261\/261
|move|p2a: Moss Rose|Psyshock|p1a: Candyfloss
|-damage|p1a: Candyfloss|185\/261
|-ability|p1a: Candyfloss|Cotton Down
|-unboost|p2a: Moss Rose|spe|1
|
|upkeep
|turn|18
|c|☆inkbug1|oh thats not ideal actually
|
|t:|1608446492
|switch|p2a: Wheat|Rotom-Heat|29\/100
|move|p1a: Candyfloss|Leech Seed|p2a: Wheat
|-start|p2a: Wheat|move: Leech Seed
|
|-damage|p2a: Wheat|17\/100|[from] Leech Seed|[of] p1a: Candyfloss
|-heal|p1a: Candyfloss|233\/261|[silent]
|upkeep
|turn|19
|
|t:|1608446506
|switch|p1a: Kellyn|Keldeo-Resolute|368\/386
|move|p2a: Wheat|Volt Switch|p1a: Kellyn
|-supereffective|p1a: Kellyn
|-damage|p1a: Kellyn|162\/386
|c|☆inkbug1|faaaair enough
|
|t:|1608446517
|switch|p2a: Moss Rose|Slowking, M|100\/100|[from]move: Volt Switch
|
|-heal|p1a: Kellyn|186\/386|[from] item: Leftovers
|upkeep
|turn|20
|
|t:|1608446530
|move|p1a: Kellyn|Flip Turn|p2a: Moss Rose
|-resisted|p2a: Moss Rose
|-damage|p2a: Moss Rose|95\/100
|
|t:|1608446533
|switch|p1a: Zapmaster 9000|Luxray-Mega, F|202\/301
|move|p2a: Moss Rose|Psyshock|p1a: Zapmaster 9000
|-damage|p1a: Zapmaster 9000|96\/301
|
|upkeep
|turn|21
|
|t:|1608446552
|detailschange|p2a: Moss Rose|Slowking-Mega, M
|-mega|p2a: Moss Rose|Slowking|Slowkinite
|-activate|p2a: Moss Rose|ability: Counter-Clockwise Spiral|p2a: Moss Rose
|-fieldstart|move: Trick Room|[of] p2a: Moss Rose
|raw|<ul class="utilichart"><li class="result"><span class="col pokemonnamecol" style="white-space: nowrap">Slowking-Mega<\/span> <span class="col typecol"><img src="https:\/\/play.pokemonshowdown.com\/sprites\/types\/Water.png" alt="Water" height="14" width="32"><img src="https:\/\/play.pokemonshowdown.com\/sprites\/types\/Psychic.png" alt="Psychic" height="14" width="32"><\/span> <span style="float: left ; min-height: 26px"><span class="col abilitycol">Counter-Clockwise Spiral<\/span><span class="col abilitycol"><\/span><\/span><span style="float: left ; min-height: 26px"><span class="col statcol"><em>HP<\/em><br>95<\/span> <span class="col statcol"><em>Atk<\/em><br>75<\/span> <span class="col statcol"><em>Def<\/em><br>80<\/span> <span class="col statcol"><em>SpA<\/em><br>145<\/span> <span class="col statcol"><em>SpD<\/em><br>110<\/span> <span class="col statcol"><em>Spe<\/em><br>85<\/span> <\/span><\/li><li style="clear: both"><\/li><\/ul>
|move|p2a: Moss Rose|Scald|p1a: Zapmaster 9000
|-damage|p1a: Zapmaster 9000|0 fnt
|faint|p1a: Zapmaster 9000
|
|upkeep
|c|☆inkbug1|oof yea i thought so
|
|t:|1608446562
|switch|p1a: Candyfloss|Eldegoss, M|233\/261
|turn|22
|
|t:|1608446570
|move|p1a: Candyfloss|Leech Seed|p2a: Moss Rose
|-start|p2a: Moss Rose|move: Leech Seed
|move|p2a: Moss Rose|Nasty Plot|p2a: Moss Rose
|-boost|p2a: Moss Rose|spa|2
|
|-damage|p2a: Moss Rose|83\/100|[from] Leech Seed|[of] p1a: Candyfloss
|-heal|p1a: Candyfloss|261\/261|[silent]
|upkeep
|turn|23
|
|t:|1608446577
|move|p1a: Candyfloss|Giga Drain|p2a: Moss Rose
|-supereffective|p2a: Moss Rose
|-damage|p2a: Moss Rose|46\/100
|move|p2a: Moss Rose|Nasty Plot|p2a: Moss Rose
|-boost|p2a: Moss Rose|spa|2
|
|-damage|p2a: Moss Rose|33\/100|[from] Leech Seed|[of] p1a: Candyfloss
|upkeep
|turn|24
|c|☆H2OPulse|Oof I wasn't paying attention there - I should not have done that huh
|c|☆inkbug1|thats fair
|c|☆inkbug1|i think youd still win this
|
|t:|1608446608
|-fieldend|move: Trick Room
|switch|p2a: Delph|Cobalion|57\/100
|move|p1a: Candyfloss|Giga Drain|p2a: Delph
|-resisted|p2a: Delph
|-damage|p2a: Delph|41\/100
|
|upkeep
|turn|25
|
|t:|1608446624
|switch|p1a: Bespin|Celesteela|398\/398
|move|p2a: Delph|Iron Head|p1a: Bespin
|-resisted|p1a: Bespin
|-damage|p1a: Bespin|347\/398
|
|-heal|p1a: Bespin|371\/398|[from] item: Leftovers
|upkeep
|turn|26
|
|t:|1608446635
|move|p2a: Delph|Volt Switch|p1a: Bespin
|-supereffective|p1a: Bespin
|-damage|p1a: Bespin|287\/398
|
|t:|1608446638
|switch|p2a: Strelitzia|Salamence, F|85\/100|[from]move: Volt Switch
|-ability|p2a: Strelitzia|Intimidate|boost
|-unboost|p1a: Bespin|atk|1
|move|p1a: Bespin|Autotomize|p1a: Bespin
|-boost|p1a: Bespin|spe|2
|-start|p1a: Bespin|Autotomize
|
|-heal|p1a: Bespin|311\/398|[from] item: Leftovers
|upkeep
|turn|27
|
|t:|1608446650
|move|p1a: Bespin|Flash Cannon|p2a: Strelitzia
|-damage|p2a: Strelitzia|55\/100
|move|p2a: Strelitzia|Fire Blast|p1a: Bespin
|-supereffective|p1a: Bespin
|-damage|p1a: Bespin|117\/398
|
|-heal|p1a: Bespin|141\/398|[from] item: Leftovers
|upkeep
|turn|28
|
|t:|1608446664
|switch|p1a: Lantern|Claydol|324\/324
|move|p2a: Strelitzia|Fire Blast|p1a: Lantern
|-damage|p1a: Lantern|257\/324
|
|upkeep
|turn|29
|
|t:|1608446674
|move|p2a: Strelitzia|Wish|p2a: Strelitzia
|move|p1a: Lantern|Light Screen|p1a: Lantern
|-sidestart|p1: inkbug1|move: Light Screen
|
|upkeep
|turn|30
|
|t:|1608446684
|switch|p2a: Moss Rose|Slowking-Mega, M|33\/100
|-activate|p2a: Moss Rose|ability: Counter-Clockwise Spiral|p2a: Moss Rose
|-fieldstart|move: Trick Room|[of] p2a: Moss Rose
|move|p1a: Lantern|Reflect|p1a: Lantern
|-sidestart|p1: inkbug1|Reflect
|
|-heal|p2a: Moss Rose|83\/100|[from] move: Wish|[wisher] Strelitzia
|upkeep
|turn|31
|
|t:|1608446704
|-fieldend|move: Trick Room
|switch|p2a: Strelitzia|Salamence, F|55\/100
|-ability|p2a: Strelitzia|Intimidate|boost
|-unboost|p1a: Lantern|atk|1
|move|p1a: Lantern|Teleport|p1a: Lantern
|
|t:|1608446717
|switch|p1a: Kellyn|Keldeo-Resolute|186\/386
|
|-heal|p1a: Kellyn|210\/386|[from] item: Leftovers
|upkeep
|turn|32
|
|t:|1608446731
|move|p1a: Kellyn|Taunt|p2a: Strelitzia
|-start|p2a: Strelitzia|move: Taunt
|cant|p2a: Strelitzia|move: Taunt|Wish
|
|-heal|p1a: Kellyn|234\/386|[from] item: Leftovers
|upkeep
|turn|33
|
|t:|1608446747
|switch|p2a: Moss Rose|Slowking-Mega, M|83\/100
|-activate|p2a: Moss Rose|ability: Counter-Clockwise Spiral|p2a: Moss Rose
|-fieldstart|move: Trick Room|[of] p2a: Moss Rose
|move|p1a: Kellyn|Flip Turn|p2a: Moss Rose
|-resisted|p2a: Moss Rose
|-damage|p2a: Moss Rose|78\/100
|
|t:|1608446754
|switch|p1a: Bespin|Celesteela|141\/398
|
|-heal|p1a: Bespin|165\/398|[from] item: Leftovers
|upkeep
|turn|34
|
|t:|1608446759
|move|p2a: Moss Rose|Scald|p1a: Bespin
|-damage|p1a: Bespin|105\/398
|move|p1a: Bespin|Air Slash|p2a: Moss Rose
|-damage|p2a: Moss Rose|50\/100
|
|-heal|p1a: Bespin|129\/398|[from] item: Leftovers
|upkeep
|turn|35
|c|☆inkbug1|oh i was rly hoping thatd outspeed haha
|
|t:|1608446771
|move|p2a: Moss Rose|Slack Off|p2a: Moss Rose
|-heal|p2a: Moss Rose|100\/100
|move|p1a: Bespin|Air Slash|p2a: Moss Rose
|-damage|p2a: Moss Rose|73\/100
|
|-heal|p1a: Bespin|153\/398|[from] item: Leftovers
|upkeep
|turn|36
|
|t:|1608446780
|switch|p1a: Lantern|Claydol|257\/324
|move|p2a: Moss Rose|Nasty Plot|p2a: Moss Rose
|-boost|p2a: Moss Rose|spa|2
|
|-sideend|p1: inkbug1|move: Light Screen
|upkeep
|turn|37
|
|t:|1608446787
|move|p2a: Moss Rose|Scald|p1a: Lantern
|-supereffective|p1a: Lantern
|-damage|p1a: Lantern|0 fnt
|faint|p1a: Lantern
|
|-sideend|p1: inkbug1|Reflect
|upkeep
|c|☆inkbug1|thats gg 
|
|t:|1608446793
|switch|p1a: Candyfloss|Eldegoss, M|261\/261
|turn|38
|c|☆H2OPulse|Good game!!!
|
|t:|1608446803
|move|p1a: Candyfloss|Giga Drain|p2a: Moss Rose
|-supereffective|p2a: Moss Rose
|-crit|p2a: Moss Rose
|-damage|p2a: Moss Rose|24\/100
|move|p2a: Moss Rose|Psyshock|p1a: Candyfloss
|-damage|p1a: Candyfloss|54\/261
|-ability|p1a: Candyfloss|Cotton Down
|-unboost|p2a: Moss Rose|spe|1
|
|upkeep
|turn|39
|c|☆inkbug1|tragic really
|
|t:|1608446815
|move|p2a: Moss Rose|Psyshock|p1a: Candyfloss
|-damage|p1a: Candyfloss|0 fnt
|-ability|p1a: Candyfloss|Cotton Down
|-unboost|p2a: Moss Rose|spe|1
|faint|p1a: Candyfloss
|
|upkeep
|
|t:|1608446825
|switch|p1a: Kellyn|Keldeo-Resolute|234\/386
|turn|40
|
|t:|1608446834
|move|p2a: Moss Rose|Psyshock|p1a: Kellyn
|-supereffective|p1a: Kellyn
|-damage|p1a: Kellyn|0 fnt
|faint|p1a: Kellyn
|
|upkeep
|
|t:|1608446838
|switch|p1a: Bespin|Celesteela|153\/398
|turn|41
|
|t:|1608446843
|move|p2a: Moss Rose|Slack Off|p2a: Moss Rose
|-heal|p2a: Moss Rose|74\/100
|move|p1a: Bespin|Air Slash|p2a: Moss Rose
|-damage|p2a: Moss Rose|46\/100
|
|-heal|p1a: Bespin|177\/398|[from] item: Leftovers
|upkeep
|turn|42
|
|t:|1608446850
|move|p2a: Moss Rose|Slack Off|p2a: Moss Rose
|-heal|p2a: Moss Rose|96\/100
|move|p1a: Bespin|Air Slash|p2a: Moss Rose
|-damage|p2a: Moss Rose|65\/100
|
|-heal|p1a: Bespin|201\/398|[from] item: Leftovers
|upkeep
|turn|43
|
|t:|1608446857
|move|p2a: Moss Rose|Scald|p1a: Bespin
|-damage|p1a: Bespin|0 fnt
|faint|p1a: Bespin
|
|win|H2OPulse</script>
</div>
<div class="battle-log battle-log-inline"><div class="inner"><div class="battle-options"><div style="padding-top: 3px; padding-right: 3px; text-align: right"><button class="icon button" name="openBattleOptions" title="Options">Battle Options</button></div></div><div class="inner message-log"><div class="chat"><small>☆inkbug1 and ☆H2OPulse joined</small></div><div class=""><small>Format:</small> <br><strong>[Gen 8] Megas for All</strong></div><div class=""><small><em>HP Percentage Mod:</em> HP is shown in percentages</small></div><div class=""><small><em>Endless Battle Clause:</em> Forcing endless battles is banned</small></div><div class=""><small><em>OHKO Clause:</em> OHKO moves are banned</small></div><div class=""><small><em>Evasion Moves Clause:</em> Evasion moves are banned</small></div><div class=""><small><em>Species Clause:</em> Limit one of each Pokémon</small></div><div class=""><small><em>Dynamax Clause:</em> You cannot dynamax</small></div><div class=""><small><em>Sleep Clause Mod:</em> Limit one foe put to sleep</small></div><div class=""><small><em>Freeze Clause Mod:</em> Limit one foe frozen</small></div><div class="chat battle-history"><strong>inkbug1's team:</strong> <em style="color:#445566;display:block;">Luxray / Keldeo-Resolute / Araquanid / Eldegoss / Celesteela / Claydol</em></div><div class="chat battle-history"><strong>H2OPulse's team:</strong> <em style="color:#445566;display:block;">Slowking / Cobalion / Muk-Alola / Hoopa-Unbound / Salamence / Rotom-Heat</em></div><div class="spacer battle-history"><br></div><div class="battle-history">Battle started between inkbug1 and H2OPulse!<br></div><div class="spacer battle-history"><br></div><div class="battle-history">Go! Weaver (<strong>Araquanid</strong>)!<br></div><div class="spacer battle-history"><br></div><div class="battle-history">H2OPulse sent out Delph (<strong>Cobalion</strong>)!<br></div><div class="spacer battle-history"><br></div><h2 class="battle-history">Turn 1</h2><div class="spacer battle-history"><br></div><div class="battle-history">The opposing Delph used <strong>Stealth Rock</strong>!<br></div><div class="battle-history"><small>Pointed stones float in the air around your team!</small><br></div><div class="spacer battle-history"><br></div><div class="battle-history">Weaver used <strong>Sticky Web</strong>!<br></div><div class="battle-history"><small>A sticky web has been laid out on the ground around the opposing team!</small><br></div><div class="spacer battle-history"><br></div><h2 class="battle-history">Turn 2</h2><div class="spacer battle-history"><br></div><div class="battle-history">The opposing Delph used <strong>Iron Head</strong>!<br></div><div class="battle-history"><small>It's not very effective...</small><br></div><div class="battle-history"><small>(Weaver lost <abbr title="−43/339">12.7%</abbr> of its health!)</small><br></div><div class="spacer battle-history"><br></div><div class="battle-history">Weaver used <strong>Liquidation</strong>!<br></div><div class="battle-history"><small>(The opposing Delph lost 43% of its health!)</small><br></div><div class="battle-history"><small>The opposing Delph's Defense fell!</small><br></div><div class="battle-history"><small>Weaver was hurt by the Rocky Helmet!</small><br></div><div class="spacer battle-history"><br></div><h2 class="battle-history">Turn 3</h2><div class="spacer battle-history"><br></div><div class="battle-history">The opposing Delph used <strong>Volt Switch</strong>!<br></div><div class="battle-history"><small>It's super effective!</small><br></div><div class="battle-history"><small>(Weaver lost <abbr title="−68/339">20.1%</abbr> of its health!)</small><br></div><div class="spacer battle-history"><br></div><div class="battle-history">The opposing Delph went back to H2OPulse!<br></div><div class="battle-history">H2OPulse sent out Strelitzia (<strong>Salamence</strong>)!<br></div><div class="battle-history">[The opposing Strelitzia's Intimidate]<br></div><div class="battle-history"><small>Weaver's Attack fell!</small><br></div><div class="spacer battle-history"><br></div><div class="battle-history">Weaver used <strong>Liquidation</strong>!<br></div><div class="battle-history"><small>It's not very effective...</small><br></div><div class="battle-history"><small>(The opposing Strelitzia lost 15% of its health!)</small><br></div><div class="spacer battle-history"><br></div><h2 class="battle-history">Turn 4</h2><div class="spacer battle-history"><br></div><div class="battle-history">Weaver, come back!<br></div><div class="battle-history">Go! Zapmaster 9000 (<strong>Luxray</strong>)!<br></div><div class="battle-history"><small>Pointed stones dug into Zapmaster 9000!</small><br></div><div class="battle-history">[Zapmaster 9000's Intimidate]<br></div><div class="battle-history"><small>The opposing Strelitzia's Attack fell!</small><br></div><div class="battle-history"><small>(The opposing Strelitzia used its Eject Pack!)</small><br></div><div class="spacer battle-history"><br></div><div class="battle-history">H2OPulse withdrew Strelitzia!<br></div><div class="battle-history">H2OPulse sent out Wheat (<strong>Rotom-Heat</strong>)!<br></div><div class="spacer battle-history"><br></div><h2 class="battle-history">Turn 5</h2><div class="spacer battle-history"><br></div><div class="battle-history"><small>Zapmaster 9000's Luxrite is reacting to the Key Stone!</small><br>Zapmaster 9000 has Mega Evolved into Mega Luxray!<br></div><div class="chat"><ul class="utilichart"><li class="result"><span class="col pokemonnamecol" style="white-space: nowrap">Luxray-Mega</span> <span class="col typecol"><img src="https://play.pokemonshowdown.com/sprites/types/Electric.png" alt="Electric" height="14" width="32"></span> <span style="float: left ; min-height: 26px"><span class="col abilitycol">Ambush</span><span class="col abilitycol"></span></span><span style="float: left ; min-height: 26px"><span class="col statcol"><em>HP</em><br>80</span> <span class="col statcol"><em>Atk</em><br>160</span> <span class="col statcol"><em>Def</em><br>89</span> <span class="col statcol"><em>SpA</em><br>125</span> <span class="col statcol"><em>SpD</em><br>89</span> <span class="col statcol"><em>Spe</em><br>80</span> </span></li><li style="clear: both"></li></ul></div><div class="spacer battle-history"><br></div><div class="battle-history">The opposing Wheat used <strong>Defog</strong>!<br></div><div class="battle-history"><small>Zapmaster 9000's evasiveness fell!</small><br></div><div class="battle-history"><small>The pointed stones disappeared from around your team!</small><br></div><div class="battle-history"><small>The sticky web has disappeared from the ground around the opposing team!</small><br></div><div class="spacer battle-history"><br></div><div class="battle-history">Zapmaster 9000 used <strong>Crunch</strong>!<br></div><div class="battle-history"><small>(The opposing Wheat lost 35% of its health!)</small><br></div><div class="spacer battle-history"><br></div><h2 class="battle-history">Turn 6</h2><div class="chat chatmessage-inkbug1 mine"><strong style="color:#e46e0f"><small>☆</small><span class="username" data-name="inkbug1">inkbug1</span>:</strong> <em>just <i>barely</i> slower...</em></div><div class="spacer battle-history"><br></div><div class="battle-history">Zapmaster 9000, come back!<br></div><div class="battle-history">Go! Lantern (<strong>Claydol</strong>)!<br></div><div class="spacer battle-history"><br></div><div class="battle-history">The opposing Wheat used <strong>Overheat</strong>!<br></div><div class="battle-history"><small>Lantern avoided the attack!</small><br></div><div class="spacer battle-history"><br></div><h2 class="battle-history">Turn 7</h2><div class="spacer battle-history"><br></div><div class="battle-history">H2OPulse withdrew Wheat!<br></div><div class="battle-history">H2OPulse sent out Moss Rose (<strong>Slowking</strong>)!<br></div><div class="spacer battle-history"><br></div><div class="battle-history">Lantern used <strong>Light Screen</strong>!<br></div><div class="battle-history"><small>Light Screen made your team stronger against special moves!</small><br></div><div class="spacer battle-history"><br></div><h2 class="battle-history">Turn 8</h2><div class="spacer battle-history"><br></div><div class="battle-history">Lantern, come back!<br></div><div class="battle-history">Go! Weaver (<strong>Araquanid</strong>)!<br></div><div class="spacer battle-history"><br></div><div class="battle-history">H2OPulse withdrew Moss Rose!<br></div><div class="battle-history">H2OPulse sent out Hydrangea (<strong>Muk-Alola</strong>)!<br></div><div class="spacer battle-history"><br></div><h2 class="battle-history">Turn 9</h2><div class="spacer battle-history"><br></div><div class="battle-history">The opposing Hydrangea used <strong>Knock Off</strong>!<br></div><div class="battle-history"><small>(Weaver lost <abbr title="−144/339">42.5%</abbr> of its health!)</small><br></div><div class="battle-history"><small>The opposing Hydrangea knocked off Weaver's Heavy-Duty Boots!</small><br></div><div class="spacer battle-history"><br></div><div class="battle-history">Weaver used <strong>Leech Life</strong>!<br></div><div class="battle-history"><small>(The opposing Hydrangea lost 29% of its health!)</small><br></div><div class="battle-history"><small>The opposing Hydrangea had its energy drained!</small><br></div><div class="spacer battle-history"><br></div><h2 class="battle-history">Turn 10</h2><div class="chat chatmessage-inkbug1 mine"><strong style="color:#e46e0f"><small>☆</small><span class="username" data-name="inkbug1">inkbug1</span>:</strong> <em>ow</em></div><div class="spacer battle-history"><br></div><div class="battle-history">The opposing Hydrangea used <strong>Pursuit</strong>!<br></div><div class="battle-history"><small>(Weaver lost <abbr title="−61/339">18.0%</abbr> of its health!)</small><br></div><div class="spacer battle-history"><br></div><div class="battle-history">Weaver used <strong>Sticky Web</strong>!<br></div><div class="battle-history"><small>A sticky web has been laid out on the ground around the opposing team!</small><br></div><div class="spacer battle-history"><br></div><h2 class="battle-history">Turn 11</h2><div class="chat chatmessage-h2opulse"><strong style="color:#6e8c2b"><small>☆</small><span class="username" data-name="H2OPulse">H2OPulse</span>:</strong> <em>Misclick oops</em></div><div class="spacer battle-history"><br></div><div class="battle-history">The opposing Hydrangea used <strong>Knock Off</strong>!<br></div><div class="battle-history"><small>(Weaver lost <abbr title="−19/339">5.6%</abbr> of its health!)</small><br></div><div class="spacer battle-history"><br></div><div class="battle-history">Weaver fainted!<br></div><div class="spacer battle-history"><br></div><div class="battle-history">Go! Zapmaster 9000 (<strong>Luxray-Mega</strong>)!<br></div><div class="spacer battle-history"><br></div><h2 class="battle-history">Turn 12</h2><div class="spacer battle-history"><br></div><div class="battle-history">Zapmaster 9000 used <strong>Wild Charge</strong>!<br></div><div class="battle-history"><small>A critical hit!</small><br></div><div class="battle-history"><small>(The opposing Hydrangea lost 71% of its health!)</small><br></div><div class="battle-history"><small>Zapmaster 9000 was damaged by the recoil!</small><br></div><div class="spacer battle-history"><br></div><div class="battle-history">The opposing Hydrangea fainted!<br></div><div class="spacer battle-history"><br></div><div class="battle-history">H2OPulse sent out Wheat (<strong>Rotom-Heat</strong>)!<br></div><div class="spacer battle-history"><br></div><h2 class="battle-history">Turn 13</h2><div class="chat chatmessage-inkbug1 mine"><strong style="color:#e46e0f"><small>☆</small><span class="username" data-name="inkbug1">inkbug1</span>:</strong> <em>noo my webs</em></div><div class="spacer battle-history"><br></div><div class="battle-history">The opposing Wheat used <strong>Defog</strong>!<br></div><div class="battle-history"><small>Zapmaster 9000's evasiveness fell!</small><br></div><div class="battle-history"><small>Your team's Light Screen wore off!</small><br></div><div class="battle-history"><small>The sticky web has disappeared from the ground around the opposing team!</small><br></div><div class="spacer battle-history"><br></div><div class="battle-history">Zapmaster 9000 used <strong>Crunch</strong>!<br></div><div class="battle-history"><small>(The opposing Wheat lost 36% of its health!)</small><br></div><div class="battle-history"><small>The opposing Wheat's Defense fell!</small><br></div><div class="spacer battle-history"><br></div><h2 class="battle-history">Turn 14</h2><div class="spacer battle-history"><br></div><div class="battle-history">Zapmaster 9000, come back!<br></div><div class="battle-history">Go! Kellyn (<strong>Keldeo-Resolute</strong>)!<br></div><div class="spacer battle-history"><br></div><div class="battle-history">The opposing Wheat used <strong>Overheat</strong>!<br></div><div class="battle-history"><small>It's not very effective...</small><br></div><div class="battle-history"><small>(Kellyn lost <abbr title="−90/386">23.3%</abbr> of its health!)</small><br></div><div class="battle-history"><small>The opposing Wheat's Sp. Atk fell harshly!</small><br></div><div class="spacer battle-history"><br></div><div class="battle-history"><small>Kellyn restored a little HP using its Leftovers!</small><br></div><div class="spacer battle-history"><br></div><h2 class="battle-history">Turn 15</h2><div class="spacer battle-history"><br></div><div class="battle-history">H2OPulse withdrew Wheat!<br></div><div class="battle-history">H2OPulse sent out Moss Rose (<strong>Slowking</strong>)!<br></div><div class="spacer battle-history"><br></div><div class="battle-history">Kellyn used <strong>Scald</strong>!<br></div><div class="battle-history"><small>It's not very effective...</small><br></div><div class="battle-history"><small>(The opposing Moss Rose lost 14% of its health!)</small><br></div><div class="spacer battle-history"><br></div><div class="battle-history"><small>Kellyn restored a little HP using its Leftovers!</small><br></div><div class="spacer battle-history"><br></div><h2 class="battle-history">Turn 16</h2><div class="spacer battle-history"><br></div><div class="battle-history">Kellyn used <strong>Taunt</strong>!<br></div><div class="battle-history"><small>The opposing Moss Rose fell for the taunt!</small><br></div><div class="spacer battle-history"><br></div><div class="battle-history">The opposing Moss Rose can't use Nasty Plot after the taunt!<br></div><div class="spacer battle-history"><br></div><div class="battle-history"><small>Kellyn restored a little HP using its Leftovers!</small><br></div><div class="spacer battle-history"><br></div><h2 class="battle-history">Turn 17</h2><div class="spacer battle-history"><br></div><div class="battle-history">Kellyn used <strong>Flip Turn</strong>!<br></div><div class="battle-history"><small>It's not very effective...</small><br></div><div class="battle-history"><small>(The opposing Moss Rose lost 5% of its health!)</small><br></div><div class="spacer battle-history"><br></div><div class="battle-history">Kellyn, come back!<br></div><div class="battle-history">Go! Candyfloss (<strong>Eldegoss</strong>)!<br></div><div class="spacer battle-history"><br></div><div class="battle-history">The opposing Moss Rose used <strong>Psyshock</strong>!<br></div><div class="battle-history"><small>(Candyfloss lost <abbr title="−76/261">29.1%</abbr> of its health!)</small><br></div><div class="battle-history">[Candyfloss's Cotton Down]<br></div><div class="battle-history"><small>The opposing Moss Rose's Speed fell!</small><br></div><div class="spacer battle-history"><br></div><h2 class="battle-history">Turn 18</h2><div class="chat chatmessage-inkbug1 mine"><strong style="color:#e46e0f"><small>☆</small><span class="username" data-name="inkbug1">inkbug1</span>:</strong> <em>oh thats not ideal actually</em></div><div class="spacer battle-history"><br></div><div class="battle-history">H2OPulse withdrew Moss Rose!<br></div><div class="battle-history">H2OPulse sent out Wheat (<strong>Rotom-Heat</strong>)!<br></div><div class="spacer battle-history"><br></div><div class="battle-history">Candyfloss used <strong>Leech Seed</strong>!<br></div><div class="battle-history"><small>The opposing Wheat was seeded!</small><br></div><div class="spacer battle-history"><br></div><div class="battle-history"><small>The opposing Wheat's health is sapped by Leech Seed!</small><br></div><div class="spacer battle-history"><br></div><h2 class="battle-history">Turn 19</h2><div class="spacer battle-history"><br></div><div class="battle-history">Candyfloss, come back!<br></div><div class="battle-history">Go! Kellyn (<strong>Keldeo-Resolute</strong>)!<br></div><div class="spacer battle-history"><br></div><div class="battle-history">The opposing Wheat used <strong>Volt Switch</strong>!<br></div><div class="battle-history"><small>It's super effective!</small><br></div><div class="battle-history"><small>(Kellyn lost <abbr title="−206/386">53.4%</abbr> of its health!)</small><br></div><div class="chat chatmessage-inkbug1 mine"><strong style="color:#e46e0f"><small>☆</small><span class="username" data-name="inkbug1">inkbug1</span>:</strong> <em>faaaair enough</em></div><div class="spacer battle-history"><br></div><div class="battle-history">The opposing Wheat went back to H2OPulse!<br></div><div class="battle-history">H2OPulse sent out Moss Rose (<strong>Slowking</strong>)!<br></div><div class="spacer battle-history"><br></div><div class="battle-history"><small>Kellyn restored a little HP using its Leftovers!</small><br></div><div class="spacer battle-history"><br></div><h2 class="battle-history">Turn 20</h2><div class="spacer battle-history"><br></div><div class="battle-history">Kellyn used <strong>Flip Turn</strong>!<br></div><div class="battle-history"><small>It's not very effective...</small><br></div><div class="battle-history"><small>(The opposing Moss Rose lost 5% of its health!)</small><br></div><div class="spacer battle-history"><br></div><div class="battle-history">Kellyn, come back!<br></div><div class="battle-history">Go! Zapmaster 9000 (<strong>Luxray-Mega</strong>)!<br></div><div class="spacer battle-history"><br></div><div class="battle-history">The opposing Moss Rose used <strong>Psyshock</strong>!<br></div><div class="battle-history"><small>(Zapmaster 9000 lost <abbr title="−106/301">35.2%</abbr> of its health!)</small><br></div><div class="spacer battle-history"><br></div><h2 class="battle-history">Turn 21</h2><div class="spacer battle-history"><br></div><div class="battle-history"><small>The opposing Moss Rose's Slowkinite is reacting to the Key Stone!</small><br>The opposing Moss Rose has Mega Evolved into Mega Slowking!<br></div><div class="battle-history">[The opposing Moss Rose's Counter-Clockwise Spiral]<br></div><div class="battle-history"><small>The opposing Moss Rose twisted the dimensions!</small><br></div><div class="chat"><ul class="utilichart"><li class="result"><span class="col pokemonnamecol" style="white-space: nowrap">Slowking-Mega</span> <span class="col typecol"><img src="https://play.pokemonshowdown.com/sprites/types/Water.png" alt="Water" height="14" width="32"><img src="https://play.pokemonshowdown.com/sprites/types/Psychic.png" alt="Psychic" height="14" width="32"></span> <span style="float: left ; min-height: 26px"><span class="col abilitycol">Counter-Clockwise Spiral</span><span class="col abilitycol"></span></span><span style="float: left ; min-height: 26px"><span class="col statcol"><em>HP</em><br>95</span> <span class="col statcol"><em>Atk</em><br>75</span> <span class="col statcol"><em>Def</em><br>80</span> <span class="col statcol"><em>SpA</em><br>145</span> <span class="col statcol"><em>SpD</em><br>110</span> <span class="col statcol"><em>Spe</em><br>85</span> </span></li><li style="clear: both"></li></ul></div><div class="spacer battle-history"><br></div><div class="battle-history">The opposing Moss Rose used <strong>Scald</strong>!<br></div><div class="battle-history"><small>(Zapmaster 9000 lost <abbr title="−96/301">31.9%</abbr> of its health!)</small><br></div><div class="spacer battle-history"><br></div><div class="battle-history">Zapmaster 9000 fainted!<br></div><div class="chat chatmessage-inkbug1 mine"><strong style="color:#e46e0f"><small>☆</small><span class="username" data-name="inkbug1">inkbug1</span>:</strong> <em>oof yea i thought so</em></div><div class="spacer battle-history"><br></div><div class="battle-history">Go! Candyfloss (<strong>Eldegoss</strong>)!<br></div><div class="spacer battle-history"><br></div><h2 class="battle-history">Turn 22</h2><div class="spacer battle-history"><br></div><div class="battle-history">Candyfloss used <strong>Leech Seed</strong>!<br></div><div class="battle-history"><small>The opposing Moss Rose was seeded!</small><br></div><div class="spacer battle-history"><br></div><div class="battle-history">The opposing Moss Rose used <strong>Nasty Plot</strong>!<br></div><div class="battle-history"><small>The opposing Moss Rose's Sp. Atk rose sharply!</small><br></div><div class="spacer battle-history"><br></div><div class="battle-history"><small>The opposing Moss Rose's health is sapped by Leech Seed!</small><br></div><div class="spacer battle-history"><br></div><h2 class="battle-history">Turn 23</h2><div class="spacer battle-history"><br></div><div class="battle-history">Candyfloss used <strong>Giga Drain</strong>!<br></div><div class="battle-history"><small>It's super effective!</small><br></div><div class="battle-history"><small>(The opposing Moss Rose lost 37% of its health!)</small><br></div><div class="spacer battle-history"><br></div><div class="battle-history">The opposing Moss Rose used <strong>Nasty Plot</strong>!<br></div><div class="battle-history"><small>The opposing Moss Rose's Sp. Atk rose sharply!</small><br></div><div class="spacer battle-history"><br></div><div class="battle-history"><small>The opposing Moss Rose's health is sapped by Leech Seed!</small><br></div><div class="spacer battle-history"><br></div><h2 class="battle-history">Turn 24</h2><div class="chat chatmessage-h2opulse"><strong style="color:#6e8c2b"><small>☆</small><span class="username" data-name="H2OPulse">H2OPulse</span>:</strong> <em>Oof I wasn't paying attention there - I should not have done that huh</em></div><div class="chat chatmessage-inkbug1 mine"><strong style="color:#e46e0f"><small>☆</small><span class="username" data-name="inkbug1">inkbug1</span>:</strong> <em>thats fair</em></div><div class="chat chatmessage-inkbug1 mine"><strong style="color:#e46e0f"><small>☆</small><span class="username" data-name="inkbug1">inkbug1</span>:</strong> <em>i think youd still win this</em></div><div class="spacer battle-history"><br></div><div class="battle-history"><small>The twisted dimensions returned to normal!</small><br></div><div class="spacer battle-history"><br></div><div class="battle-history">H2OPulse withdrew Moss Rose!<br></div><div class="battle-history">H2OPulse sent out Delph (<strong>Cobalion</strong>)!<br></div><div class="spacer battle-history"><br></div><div class="battle-history">Candyfloss used <strong>Giga Drain</strong>!<br></div><div class="battle-history"><small>It's not very effective...</small><br></div><div class="battle-history"><small>(The opposing Delph lost 16% of its health!)</small><br></div><div class="spacer battle-history"><br></div><h2 class="battle-history">Turn 25</h2><div class="spacer battle-history"><br></div><div class="battle-history">Candyfloss, come back!<br></div><div class="battle-history">Go! Bespin (<strong>Celesteela</strong>)!<br></div><div class="spacer battle-history"><br></div><div class="battle-history">The opposing Delph used <strong>Iron Head</strong>!<br></div><div class="battle-history"><small>It's not very effective...</small><br></div><div class="battle-history"><small>(Bespin lost <abbr title="−51/398">12.8%</abbr> of its health!)</small><br></div><div class="spacer battle-history"><br></div><div class="battle-history"><small>Bespin restored a little HP using its Leftovers!</small><br></div><div class="spacer battle-history"><br></div><h2 class="battle-history">Turn 26</h2><div class="spacer battle-history"><br></div><div class="battle-history">The opposing Delph used <strong>Volt Switch</strong>!<br></div><div class="battle-history"><small>It's super effective!</small><br></div><div class="battle-history"><small>(Bespin lost <abbr title="−84/398">21.1%</abbr> of its health!)</small><br></div><div class="spacer battle-history"><br></div><div class="battle-history">The opposing Delph went back to H2OPulse!<br></div><div class="battle-history">H2OPulse sent out Strelitzia (<strong>Salamence</strong>)!<br></div><div class="battle-history">[The opposing Strelitzia's Intimidate]<br></div><div class="battle-history"><small>Bespin's Attack fell!</small><br></div><div class="spacer battle-history"><br></div><div class="battle-history">Bespin used <strong>Autotomize</strong>!<br></div><div class="battle-history"><small>Bespin's Speed rose sharply!</small><br></div><div class="battle-history"><small>Bespin became nimble!</small><br></div><div class="spacer battle-history"><br></div><div class="battle-history"><small>Bespin restored a little HP using its Leftovers!</small><br></div><div class="spacer battle-history"><br></div><h2 class="battle-history">Turn 27</h2><div class="spacer battle-history"><br></div><div class="battle-history">Bespin used <strong>Flash Cannon</strong>!<br></div><div class="battle-history"><small>(The opposing Strelitzia lost 30% of its health!)</small><br></div><div class="spacer battle-history"><br></div><div class="battle-history">The opposing Strelitzia used <strong>Fire Blast</strong>!<br></div><div class="battle-history"><small>It's super effective!</small><br></div><div class="battle-history"><small>(Bespin lost <abbr title="−194/398">48.7%</abbr> of its health!)</small><br></div><div class="spacer battle-history"><br></div><div class="battle-history"><small>Bespin restored a little HP using its Leftovers!</small><br></div><div class="spacer battle-history"><br></div><h2 class="battle-history">Turn 28</h2><div class="spacer battle-history"><br></div><div class="battle-history">Bespin, come back!<br></div><div class="battle-history">Go! Lantern (<strong>Claydol</strong>)!<br></div><div class="spacer battle-history"><br></div><div class="battle-history">The opposing Strelitzia used <strong>Fire Blast</strong>!<br></div><div class="battle-history"><small>(Lantern lost <abbr title="−67/324">20.7%</abbr> of its health!)</small><br></div><div class="spacer battle-history"><br></div><h2 class="battle-history">Turn 29</h2><div class="spacer battle-history"><br></div><div class="battle-history">The opposing Strelitzia used <strong>Wish</strong>!<br></div><div class="spacer battle-history"><br></div><div class="battle-history">Lantern used <strong>Light Screen</strong>!<br></div><div class="battle-history"><small>Light Screen made your team stronger against special moves!</small><br></div><div class="spacer battle-history"><br></div><h2 class="battle-history">Turn 30</h2><div class="spacer battle-history"><br></div><div class="battle-history">H2OPulse withdrew Strelitzia!<br></div><div class="battle-history">H2OPulse sent out Moss Rose (<strong>Slowking-Mega</strong>)!<br></div><div class="battle-history">[The opposing Moss Rose's Counter-Clockwise Spiral]<br></div><div class="battle-history"><small>The opposing Moss Rose twisted the dimensions!</small><br></div><div class="spacer battle-history"><br></div><div class="battle-history">Lantern used <strong>Reflect</strong>!<br></div><div class="battle-history"><small>Reflect made your team stronger against physical moves!</small><br></div><div class="spacer battle-history"><br></div><div class="battle-history"><small>Strelitzia's wish came true!</small><br></div><div class="spacer battle-history"><br></div><h2 class="battle-history">Turn 31</h2><div class="spacer battle-history"><br></div><div class="battle-history"><small>The twisted dimensions returned to normal!</small><br></div><div class="spacer battle-history"><br></div><div class="battle-history">H2OPulse withdrew Moss Rose!<br></div><div class="battle-history">H2OPulse sent out Strelitzia (<strong>Salamence</strong>)!<br></div><div class="battle-history">[The opposing Strelitzia's Intimidate]<br></div><div class="battle-history"><small>Lantern's Attack fell!</small><br></div><div class="spacer battle-history"><br></div><div class="battle-history">Lantern used <strong>Teleport</strong>!<br></div><div class="spacer battle-history"><br></div><div class="battle-history">Lantern, come back!<br></div><div class="battle-history">Go! Kellyn (<strong>Keldeo-Resolute</strong>)!<br></div><div class="spacer battle-history"><br></div><div class="battle-history"><small>Kellyn restored a little HP using its Leftovers!</small><br></div><div class="spacer battle-history"><br></div><h2 class="battle-history">Turn 32</h2><div class="spacer battle-history"><br></div><div class="battle-history">Kellyn used <strong>Taunt</strong>!<br></div><div class="battle-history"><small>The opposing Strelitzia fell for the taunt!</small><br></div><div class="spacer battle-history"><br></div><div class="battle-history">The opposing Strelitzia can't use Wish after the taunt!<br></div><div class="spacer battle-history"><br></div><div class="battle-history"><small>Kellyn restored a little HP using its Leftovers!</small><br></div><div class="spacer battle-history"><br></div><h2 class="battle-history">Turn 33</h2><div class="spacer battle-history"><br></div><div class="battle-history">H2OPulse withdrew Strelitzia!<br></div><div class="battle-history">H2OPulse sent out Moss Rose (<strong>Slowking-Mega</strong>)!<br></div><div class="battle-history">[The opposing Moss Rose's Counter-Clockwise Spiral]<br></div><div class="battle-history"><small>The opposing Moss Rose twisted the dimensions!</small><br></div><div class="spacer battle-history"><br></div><div class="battle-history">Kellyn used <strong>Flip Turn</strong>!<br></div><div class="battle-history"><small>It's not very effective...</small><br></div><div class="battle-history"><small>(The opposing Moss Rose lost 5% of its health!)</small><br></div><div class="spacer battle-history"><br></div><div class="battle-history">Kellyn, come back!<br></div><div class="battle-history">Go! Bespin (<strong>Celesteela</strong>)!<br></div><div class="spacer battle-history"><br></div><div class="battle-history"><small>Bespin restored a little HP using its Leftovers!</small><br></div><div class="spacer battle-history"><br></div><h2 class="battle-history">Turn 34</h2><div class="spacer battle-history"><br></div><div class="battle-history">The opposing Moss Rose used <strong>Scald</strong>!<br></div><div class="battle-history"><small>(Bespin lost <abbr title="−60/398">15.1%</abbr> of its health!)</small><br></div><div class="spacer battle-history"><br></div><div class="battle-history">Bespin used <strong>Air Slash</strong>!<br></div><div class="battle-history"><small>(The opposing Moss Rose lost 28% of its health!)</small><br></div><div class="spacer battle-history"><br></div><div class="battle-history"><small>Bespin restored a little HP using its Leftovers!</small><br></div><div class="spacer battle-history"><br></div><h2 class="battle-history">Turn 35</h2><div class="chat chatmessage-inkbug1 mine"><strong style="color:#e46e0f"><small>☆</small><span class="username" data-name="inkbug1">inkbug1</span>:</strong> <em>oh i was rly hoping thatd outspeed haha</em></div><div class="spacer battle-history"><br></div><div class="battle-history">The opposing Moss Rose used <strong>Slack Off</strong>!<br></div><div class="battle-history"><small>The opposing Moss Rose had its HP restored.</small><br></div><div class="spacer battle-history"><br></div><div class="battle-history">Bespin used <strong>Air Slash</strong>!<br></div><div class="battle-history"><small>(The opposing Moss Rose lost 27% of its health!)</small><br></div><div class="spacer battle-history"><br></div><div class="battle-history"><small>Bespin restored a little HP using its Leftovers!</small><br></div><div class="spacer battle-history"><br></div><h2 class="battle-history">Turn 36</h2><div class="spacer battle-history"><br></div><div class="battle-history">Bespin, come back!<br></div><div class="battle-history">Go! Lantern (<strong>Claydol</strong>)!<br></div><div class="spacer battle-history"><br></div><div class="battle-history">The opposing Moss Rose used <strong>Nasty Plot</strong>!<br></div><div class="battle-history"><small>The opposing Moss Rose's Sp. Atk rose sharply!</small><br></div><div class="spacer battle-history"><br></div><div class="battle-history"><small>Your team's Light Screen wore off!</small><br></div><div class="spacer battle-history"><br></div><h2 class="battle-history">Turn 37</h2><div class="spacer battle-history"><br></div><div class="battle-history">The opposing Moss Rose used <strong>Scald</strong>!<br></div><div class="battle-history"><small>It's super effective!</small><br></div><div class="battle-history"><small>(Lantern lost <abbr title="−257/324">79.3%</abbr> of its health!)</small><br></div><div class="spacer battle-history"><br></div><div class="battle-history">Lantern fainted!<br></div><div class="spacer battle-history"><br></div><div class="battle-history"><small>Your team's Reflect wore off!</small><br></div><div class="chat chatmessage-inkbug1 mine"><strong style="color:#e46e0f"><small>☆</small><span class="username" data-name="inkbug1">inkbug1</span>:</strong> <em>thats gg </em></div><div class="spacer battle-history"><br></div><div class="battle-history">Go! Candyfloss (<strong>Eldegoss</strong>)!<br></div><div class="spacer battle-history"><br></div><h2 class="battle-history">Turn 38</h2><div class="chat chatmessage-h2opulse"><strong style="color:#6e8c2b"><small>☆</small><span class="username" data-name="H2OPulse">H2OPulse</span>:</strong> <em>Good game!!!</em></div><div class="spacer battle-history"><br></div><div class="battle-history">Candyfloss used <strong>Giga Drain</strong>!<br></div><div class="battle-history"><small>It's super effective!</small><br></div><div class="battle-history"><small>A critical hit!</small><br></div><div class="battle-history"><small>(The opposing Moss Rose lost 49% of its health!)</small><br></div><div class="spacer battle-history"><br></div><div class="battle-history">The opposing Moss Rose used <strong>Psyshock</strong>!<br></div><div class="battle-history"><small>(Candyfloss lost <abbr title="−207/261">79.3%</abbr> of its health!)</small><br></div><div class="battle-history">[Candyfloss's Cotton Down]<br></div><div class="battle-history"><small>The opposing Moss Rose's Speed fell!</small><br></div><div class="spacer battle-history"><br></div><h2 class="battle-history">Turn 39</h2><div class="chat chatmessage-inkbug1 mine"><strong style="color:#e46e0f"><small>☆</small><span class="username" data-name="inkbug1">inkbug1</span>:</strong> <em>tragic really</em></div><div class="spacer battle-history"><br></div><div class="battle-history">The opposing Moss Rose used <strong>Psyshock</strong>!<br></div><div class="battle-history"><small>(Candyfloss lost <abbr title="−54/261">20.7%</abbr> of its health!)</small><br></div><div class="battle-history">[Candyfloss's Cotton Down]<br></div><div class="battle-history"><small>The opposing Moss Rose's Speed fell!</small><br></div><div class="spacer battle-history"><br></div><div class="battle-history">Candyfloss fainted!<br></div><div class="spacer battle-history"><br></div><div class="battle-history">Go! Kellyn (<strong>Keldeo-Resolute</strong>)!<br></div><div class="spacer battle-history"><br></div><h2 class="battle-history">Turn 40</h2><div class="spacer battle-history"><br></div><div class="battle-history">The opposing Moss Rose used <strong>Psyshock</strong>!<br></div><div class="battle-history"><small>It's super effective!</small><br></div><div class="battle-history"><small>(Kellyn lost <abbr title="−234/386">60.6%</abbr> of its health!)</small><br></div><div class="spacer battle-history"><br></div><div class="battle-history">Kellyn fainted!<br></div><div class="spacer battle-history"><br></div><div class="battle-history">Go! Bespin (<strong>Celesteela</strong>)!<br></div><div class="spacer battle-history"><br></div><h2 class="battle-history">Turn 41</h2><div class="spacer battle-history"><br></div><div class="battle-history">The opposing Moss Rose used <strong>Slack Off</strong>!<br></div><div class="battle-history"><small>The opposing Moss Rose had its HP restored.</small><br></div><div class="spacer battle-history"><br></div><div class="battle-history">Bespin used <strong>Air Slash</strong>!<br></div><div class="battle-history"><small>(The opposing Moss Rose lost 28% of its health!)</small><br></div><div class="spacer battle-history"><br></div><div class="battle-history"><small>Bespin restored a little HP using its Leftovers!</small><br></div><div class="spacer battle-history"><br></div><h2 class="battle-history">Turn 42</h2><div class="spacer battle-history"><br></div><div class="battle-history">The opposing Moss Rose used <strong>Slack Off</strong>!<br></div><div class="battle-history"><small>The opposing Moss Rose had its HP restored.</small><br></div><div class="spacer battle-history"><br></div><div class="battle-history">Bespin used <strong>Air Slash</strong>!<br></div><div class="battle-history"><small>(The opposing Moss Rose lost 31% of its health!)</small><br></div><div class="spacer battle-history"><br></div><div class="battle-history"><small>Bespin restored a little HP using its Leftovers!</small><br></div><div class="spacer battle-history"><br></div><h2 class="battle-history">Turn 43</h2><div class="spacer battle-history"><br></div><div class="battle-history">The opposing Moss Rose used <strong>Scald</strong>!<br></div><div class="battle-history"><small>(Bespin lost <abbr title="−201/398">50.5%</abbr> of its health!)</small><br></div><div class="spacer battle-history"><br></div><div class="battle-history">Bespin fainted!<br></div><div class="spacer battle-history"><br></div><div class="battle-history"><strong>H2OPulse</strong> won the battle!<br></div></div><div class="inner-preempt message-log"></div></div></div>
</div>
<script>
let daily = Math.floor(Date.now()/1000/60/60/24);document.write('<script src="https://play.pokemonshowdown.com/js/replay-embed.js?version'+daily+'"></'+'script>');
</script>
