<!DOCTYPE html>
<meta charset="utf-8" />
<!-- version 1 -->
<title>[Gen 8] Megas for All replay: pupugugu vs. Testes do bos.</title>
<style>
html,body {font-family:Verdana, sans-serif;font-size:10pt;margin:0;padding:0;}body{padding:12px 0;} .battle-log {font-family:Verdana, sans-serif;font-size:10pt;} .battle-log-inline {border:1px solid #AAAAAA;background:#EEF2F5;color:black;max-width:640px;margin:0 auto 80px;padding-bottom:5px;} .battle-log .inner {padding:4px 8px 0px 8px;} .battle-log .inner-preempt {padding:0 8px 4px 8px;} .battle-log .inner-after {margin-top:0.5em;} .battle-log h2 {margin:0.5em -8px;padding:4px 8px;border:1px solid #AAAAAA;background:#E0E7EA;border-left:0;border-right:0;font-family:Verdana, sans-serif;font-size:13pt;} .battle-log .chat {vertical-align:middle;padding:3px 0 3px 0;font-size:8pt;} .battle-log .chat strong {color:#40576A;} .battle-log .chat em {padding:1px 4px 1px 3px;color:#000000;font-style:normal;} .chat.mine {background:rgba(0,0,0,0.05);margin-left:-8px;margin-right:-8px;padding-left:8px;padding-right:8px;} .spoiler {color:#BBBBBB;background:#BBBBBB;padding:0px 3px;} .spoiler:hover, .spoiler:active, .spoiler-shown {color:#000000;background:#E2E2E2;padding:0px 3px;} .spoiler a {color:#BBBBBB;} .spoiler:hover a, .spoiler:active a, .spoiler-shown a {color:#2288CC;} .chat code, .chat .spoiler:hover code, .chat .spoiler:active code, .chat .spoiler-shown code {border:1px solid #C0C0C0;background:#EEEEEE;color:black;padding:0 2px;} .chat .spoiler code {border:1px solid #CCCCCC;background:#CCCCCC;color:#CCCCCC;} .battle-log .rated {padding:3px 4px;} .battle-log .rated strong {color:white;background:#89A;padding:1px 4px;border-radius:4px;} .spacer {margin-top:0.5em;} .message-announce {background:#6688AA;color:white;padding:1px 4px 2px;} .message-announce a, .broadcast-green a, .broadcast-blue a, .broadcast-red a {color:#DDEEFF;} .broadcast-green {background-color:#559955;color:white;padding:2px 4px;} .broadcast-blue {background-color:#6688AA;color:white;padding:2px 4px;} .infobox {border:1px solid #6688AA;padding:2px 4px;} .infobox-limited {max-height:200px;overflow:auto;overflow-x:hidden;} .broadcast-red {background-color:#AA5544;color:white;padding:2px 4px;} .message-learn-canlearn {font-weight:bold;color:#228822;text-decoration:underline;} .message-learn-cannotlearn {font-weight:bold;color:#CC2222;text-decoration:underline;} .message-effect-weak {font-weight:bold;color:#CC2222;} .message-effect-resist {font-weight:bold;color:#6688AA;} .message-effect-immune {font-weight:bold;color:#666666;} .message-learn-list {margin-top:0;margin-bottom:0;} .message-throttle-notice, .message-error {color:#992222;} .message-overflow, .chat small.message-overflow {font-size:0pt;} .message-overflow::before {font-size:9pt;content:'...';} .subtle {color:#3A4A66;}
</style>
<div class="wrapper replay-wrapper" style="max-width:1180px;margin:0 auto">
<input type="hidden" name="replayid" value="gen8megasforall-1318568043" />
<div class="battle"></div><div class="battle-log"></div><div class="replay-controls"></div><div class="replay-controls-2"></div>
<h1 style="font-weight:normal;text-align:center"><strong>[Gen 8] Megas for All</strong><br /><a href="http://pokemonshowdown.com/users/pupugugu" class="subtle" target="_blank">pupugugu</a> vs. <a href="http://pokemonshowdown.com/users/testesdobos" class="subtle" target="_blank">Testes do bos.</a></h1>
<script type="text/plain" class="battle-log-data">|j|☆pupugugu
|j|☆Testes do bos.
|t:|1618013676
|gametype|singles
|player|p1|pupugugu|psychicf|
|player|p2|Testes do bos.|bugcatcher|
|teamsize|p1|6
|teamsize|p2|6
|gen|8
|tier|[Gen 8] Megas for All
|clearpoke
|poke|p1|Empoleon, F|
|poke|p1|Gliscor, F|
|poke|p1|Latios, M|
|poke|p1|Marowak-Alola, M|
|poke|p1|Moltres-Galar|
|poke|p1|Heliolisk, F|
|poke|p2|Meowstic-F, F|
|poke|p2|Hoopa-Unbound|
|poke|p2|Weezing-Galar, F|
|poke|p2|Porygon2|
|poke|p2|Umbreon, F|
|poke|p2|Rhydon, M|
|rule|HP Percentage Mod: HP is shown in percentages
|rule|Endless Battle Clause: Forcing endless battles is banned
|rule|OHKO Clause: OHKO moves are banned
|rule|Evasion Moves Clause: Evasion moves are banned
|rule|Species Clause: Limit one of each Pokémon
|rule|Dynamax Clause: You cannot dynamax
|rule|Sleep Clause Mod: Limit one foe put to sleep
|rule|Freeze Clause Mod: Limit one foe frozen
|raw|<img src="https:\/\/www.smogon.com\/forums\/attachments\/banner_2-png.302358\/" height="65" width="381">
|-message|Welcome to Megas for All!
|-message|This is a National Dex-based format where we aim to give a new Mega Evolution to every Pokémon.
|-message|Just like any official format, you can still only Mega Evolve one Pokémon per team!
|-message|You can find our thread and metagame resources here:
|-message|https:\/\/www.smogon.com\/forums\/threads\/3671140\/
|teampreview
|c|☆pupugugu|glhf for last game!
|inactive|Battle timer is ON: inactive players will automatically lose when time's up. (requested by Testes do bos.)
|
|t:|1618013700
|start
|switch|p1a: Hyperion|Heliolisk, F|100\/100
|switch|p2a: Porygon2|Porygon2|100\/100
|-ability|p2a: Porygon2|Dry Skin|[from] ability: Trace|[of] p1a: Hyperion
|turn|1
|
|t:|1618013725
|switch|p1a: Kamehameha|Marowak-Alola, M|100\/100
|move|p2a: Porygon2|Toxic|p1a: Kamehameha|[miss]
|-miss|p2a: Porygon2|p1a: Kamehameha
|
|upkeep
|turn|2
|
|t:|1618013738
|move|p2a: Porygon2|Toxic|p1a: Kamehameha
|-status|p1a: Kamehameha|tox
|move|p1a: Kamehameha|Toxic|p2a: Porygon2
|-status|p2a: Porygon2|tox
|
|-damage|p2a: Porygon2|94\/100 tox|[from] psn
|-damage|p1a: Kamehameha|94\/100 tox|[from] psn
|upkeep
|turn|3
|inactive|Testes do bos. has 270 seconds left.
|
|t:|1618013766
|switch|p2a: Weezing|Weezing-Galar, F|100\/100
|move|p1a: Kamehameha|Flare Blitz|p2a: Weezing
|-damage|p2a: Weezing|27\/100
|-status|p2a: Weezing|brn
|
|-damage|p2a: Weezing|21\/100 brn|[from] brn
|-damage|p1a: Kamehameha|82\/100 tox|[from] psn
|upkeep
|turn|4
|inactive|Testes do bos. has 270 seconds left.
|
|t:|1618013794
|move|p2a: Weezing|Strange Steam|p1a: Kamehameha
|-resisted|p1a: Kamehameha
|-crit|p1a: Kamehameha
|-damage|p1a: Kamehameha|57\/100 tox
|move|p1a: Kamehameha|Flare Blitz|p2a: Weezing
|-damage|p2a: Weezing|0 fnt
|faint|p2a: Weezing
|
|-damage|p1a: Kamehameha|39\/100 tox|[from] psn
|upkeep
|inactive|Testes do bos. has 270 seconds left.
|
|t:|1618013824
|switch|p2a: Rhydon|Rhydon, M|100\/100
|turn|5
|
|t:|1618013830
|move|p2a: Rhydon|Rock Polish|p2a: Rhydon
|-boost|p2a: Rhydon|spe|2
|move|p1a: Kamehameha|Toxic|p2a: Rhydon|[miss]
|-miss|p1a: Kamehameha|p2a: Rhydon
|
|-damage|p1a: Kamehameha|14\/100 tox|[from] psn
|upkeep
|turn|6
|
|t:|1618013839
|move|p2a: Rhydon|Earthquake|p1a: Kamehameha
|-supereffective|p1a: Kamehameha
|-damage|p1a: Kamehameha|0 fnt
|faint|p1a: Kamehameha
|
|upkeep
|
|t:|1618013861
|switch|p1a: Hyperion|Heliolisk, F|100\/100
|turn|7
|
|t:|1618013871
|switch|p2a: Umbreon|Umbreon, F|100\/100
|move|p1a: Hyperion|Surf|p2a: Umbreon
|-damage|p2a: Umbreon|81\/100
|
|upkeep
|turn|8
|inactive|Testes do bos. has 270 seconds left.
|
|t:|1618013888
|switch|p1a: Vlad Dracula|Gliscor, F|100\/100
|move|p2a: Umbreon|Heal Bell|p2a: Umbreon
|-activate|p2a: Umbreon|move: Heal Bell
|-curestatus|p2: Porygon2|tox|[msg]
|
|-status|p1a: Vlad Dracula|tox|[from] item: Toxic Orb
|upkeep
|turn|9
|
|t:|1618013901
|move|p1a: Vlad Dracula|Toxic|p2a: Umbreon|[miss]
|-miss|p1a: Vlad Dracula|p2a: Umbreon
|move|p2a: Umbreon|Wish|p2a: Umbreon
|
|upkeep
|turn|10
|
|t:|1618013915
|move|p1a: Vlad Dracula|Toxic|p2a: Umbreon
|-status|p2a: Umbreon|tox
|-activate|p2a: Umbreon|ability: Synchronize
|-fail|p1a: Vlad Dracula|tox
|move|p2a: Umbreon|Foul Play|p1a: Vlad Dracula
|-crit|p1a: Vlad Dracula
|-damage|p1a: Vlad Dracula|67\/100 tox
|
|-heal|p2a: Umbreon|100\/100 tox|[from] move: Wish|[wisher] Umbreon
|-heal|p1a: Vlad Dracula|80\/100 tox|[from] ability: Poison Heal
|-damage|p2a: Umbreon|94\/100 tox|[from] psn
|upkeep
|turn|11
|
|t:|1618013929
|move|p1a: Vlad Dracula|Roost|p1a: Vlad Dracula
|-heal|p1a: Vlad Dracula|100\/100 tox
|-singleturn|p1a: Vlad Dracula|move: Roost
|move|p2a: Umbreon|Heal Bell|p2a: Umbreon
|-activate|p2a: Umbreon|move: Heal Bell
|-curestatus|p2a: Umbreon|tox|[msg]
|
|upkeep
|turn|12
|
|t:|1618013945
|switch|p2a: Porygon2|Porygon2|94\/100
|-ability|p2a: Porygon2|Poison Heal|[from] ability: Trace|[of] p1a: Vlad Dracula
|move|p1a: Vlad Dracula|Toxic|p2a: Porygon2
|-status|p2a: Porygon2|tox
|
|-heal|p2a: Porygon2|100\/100 tox|[from] ability: Poison Heal
|upkeep
|turn|13
|
|t:|1618013956
|move|p1a: Vlad Dracula|U-turn|p2a: Porygon2
|-damage|p2a: Porygon2|90\/100 tox
|
|t:|1618013958
|switch|p1a: Neptune|Empoleon, F|100\/100|[from]move: U-turn
|move|p2a: Porygon2|Teleport|p2a: Porygon2
|
|t:|1618013963
|switch|p2a: Hoopa|Hoopa-Unbound|100\/100|[from]move: Teleport
|
|upkeep
|turn|14
|
|t:|1618013973
|switch|p1a: Kertanagara|Moltres-Galar|100\/100
|move|p2a: Hoopa|Hyperspace Fury|p1a: Kertanagara
|-resisted|p1a: Kertanagara
|-damage|p1a: Kertanagara|52\/100
|-unboost|p2a: Hoopa|def|1
|
|upkeep
|turn|15
|inactive|Testes do bos. has 270 seconds left.
|
|t:|1618014005
|switch|p2a: Umbreon|Umbreon, F|94\/100
|move|p1a: Kertanagara|U-turn|p2a: Umbreon
|-supereffective|p2a: Umbreon
|-damage|p2a: Umbreon|79\/100
|
|t:|1618014024
|switch|p1a: Vlad Dracula|Gliscor, F|100\/100 tox|[from]move: U-turn
|
|upkeep
|turn|16
|
|t:|1618014033
|move|p1a: Vlad Dracula|U-turn|p2a: Umbreon
|-supereffective|p2a: Umbreon
|-damage|p2a: Umbreon|62\/100
|
|t:|1618014036
|switch|p1a: Neptune|Empoleon, F|100\/100|[from]move: U-turn
|move|p2a: Umbreon|Heal Bell|p2a: Umbreon
|-activate|p2a: Umbreon|move: Heal Bell
|-curestatus|p2: Porygon2|tox|[msg]
|
|upkeep
|turn|17
|
|t:|1618014045
|detailschange|p1a: Neptune|Empoleon-Mega, F
|-mega|p1a: Neptune|Empoleon|Empoleonite
|-start|p1a: Neptune|typechange|Water\/Steel|[silent]
|raw|<ul class="utilichart"><li class="result"><span class="col pokemonnamecol" style="white-space: nowrap">Empoleon-Mega<\/span> <span class="col typecol"><img src="https:\/\/play.pokemonshowdown.com\/sprites\/types\/Water.png" alt="Water" height="14" width="32"><img src="https:\/\/play.pokemonshowdown.com\/sprites\/types\/Steel.png" alt="Steel" height="14" width="32"><\/span> <span style="float: left ; min-height: 26px"><span class="col abilitycol">Lightning Rod<\/span><span class="col abilitycol"><\/span><\/span><span style="float: left ; min-height: 26px"><span class="col statcol"><em>HP<\/em><br>84<\/span> <span class="col statcol"><em>Atk<\/em><br>86<\/span> <span class="col statcol"><em>Def<\/em><br>103<\/span> <span class="col statcol"><em>SpA<\/em><br>131<\/span> <span class="col statcol"><em>SpD<\/em><br>141<\/span> <span class="col statcol"><em>Spe<\/em><br>85<\/span> <\/span><\/li><li style="clear: both"><\/li><\/ul>
|move|p1a: Neptune|Flip Turn|p2a: Umbreon
|-damage|p2a: Umbreon|52\/100
|
|t:|1618014049
|switch|p1a: Vlad Dracula|Gliscor, F|100\/100 tox|[from]move: Flip Turn
|move|p2a: Umbreon|Wish|p2a: Umbreon
|
|upkeep
|turn|18
|
|t:|1618014058
|move|p1a: Vlad Dracula|Toxic|p2a: Umbreon
|-status|p2a: Umbreon|tox
|-activate|p2a: Umbreon|ability: Synchronize
|-fail|p1a: Vlad Dracula|tox
|move|p2a: Umbreon|Foul Play|p1a: Vlad Dracula
|-damage|p1a: Vlad Dracula|78\/100 tox
|
|-heal|p2a: Umbreon|100\/100 tox|[from] move: Wish|[wisher] Umbreon
|-heal|p1a: Vlad Dracula|91\/100 tox|[from] ability: Poison Heal
|-damage|p2a: Umbreon|94\/100 tox|[from] psn
|upkeep
|turn|19
|
|t:|1618014072
|move|p1a: Vlad Dracula|U-turn|p2a: Umbreon
|-supereffective|p2a: Umbreon
|-damage|p2a: Umbreon|77\/100 tox
|
|t:|1618014074
|switch|p1a: Kertanagara|Moltres-Galar|52\/100|[from]move: U-turn
|move|p2a: Umbreon|Heal Bell|p2a: Umbreon
|-activate|p2a: Umbreon|move: Heal Bell
|-curestatus|p2a: Umbreon|tox|[msg]
|
|upkeep
|turn|20
|
|t:|1618014089
|switch|p2a: Meowstic|Meowstic-F, F|100\/100
|move|p1a: Kertanagara|U-turn|p2a: Meowstic
|-supereffective|p2a: Meowstic
|-damage|p2a: Meowstic|62\/100
|
|t:|1618014092
|switch|p1a: Neptune|Empoleon-Mega, F|100\/100|[from]move: U-turn
|-start|p1a: Neptune|typechange|Water\/Steel|[silent]
|
|upkeep
|turn|21
|
|t:|1618014107
|detailschange|p2a: Meowstic|Meowstic-F-Mega, F
|-mega|p2a: Meowstic|Meowstic|Meowsticite
|-ability|p2a: Meowstic|Fairy Aura
|-start|p2a: Meowstic|typechange|Psychic\/Fairy|[silent]
|raw|<ul class="utilichart"><li class="result"><span class="col pokemonnamecol" style="white-space: nowrap">Meowstic-F-Mega<\/span> <span class="col typecol"><img src="https:\/\/play.pokemonshowdown.com\/sprites\/types\/Psychic.png" alt="Psychic" height="14" width="32"><img src="https:\/\/play.pokemonshowdown.com\/sprites\/types\/Fairy.png" alt="Fairy" height="14" width="32"><\/span> <span style="float: left ; min-height: 26px"><span class="col abilitycol">Fairy Aura<\/span><span class="col abilitycol"><\/span><\/span><span style="float: left ; min-height: 26px"><span class="col statcol"><em>HP<\/em><br>74<\/span> <span class="col statcol"><em>Atk<\/em><br>48<\/span> <span class="col statcol"><em>Def<\/em><br>91<\/span> <span class="col statcol"><em>SpA<\/em><br>133<\/span> <span class="col statcol"><em>SpD<\/em><br>96<\/span> <span class="col statcol"><em>Spe<\/em><br>124<\/span> <\/span><\/li><li style="clear: both"><\/li><\/ul>
|move|p2a: Meowstic|Mystical Fire|p1a: Neptune
|-damage|p1a: Neptune|88\/100
|-unboost|p1a: Neptune|spa|1
|move|p1a: Neptune|Flip Turn|p2a: Meowstic
|-damage|p2a: Meowstic|39\/100
|
|t:|1618014112
|switch|p1a: Hyperion|Heliolisk, F|100\/100|[from]move: Flip Turn
|
|upkeep
|turn|22
|
|t:|1618014124
|switch|p1a: Neptune|Empoleon-Mega, F|88\/100
|-start|p1a: Neptune|typechange|Water\/Steel|[silent]
|switch|p2a: Porygon2|Porygon2|90\/100
|-ability|p2a: Porygon2|Lightning Rod|[from] ability: Trace|[of] p1a: Neptune
|
|upkeep
|turn|23
|
|t:|1618014136
|move|p1a: Neptune|Flash Cannon|p2a: Porygon2
|-damage|p2a: Porygon2|74\/100
|-unboost|p2a: Porygon2|spd|1
|move|p2a: Porygon2|Teleport|p2a: Porygon2
|
|t:|1618014142
|switch|p2a: Hoopa|Hoopa-Unbound|100\/100|[from]move: Teleport
|
|upkeep
|turn|24
|
|t:|1618014147
|switch|p1a: Vlad Dracula|Gliscor, F|91\/100 tox
|move|p2a: Hoopa|Ice Punch|p1a: Vlad Dracula
|-supereffective|p1a: Vlad Dracula
|-damage|p1a: Vlad Dracula|0 fnt
|faint|p1a: Vlad Dracula
|
|upkeep
|
|t:|1618014152
|switch|p1a: Kertanagara|Moltres-Galar|52\/100
|turn|25
|inactive|Testes do bos. has 270 seconds left.
|
|t:|1618014184
|switch|p2a: Meowstic|Meowstic-F-Mega, F|39\/100
|-start|p2a: Meowstic|typechange|Psychic\/Fairy|[silent]
|-ability|p2a: Meowstic|Fairy Aura
|move|p1a: Kertanagara|U-turn|p2a: Meowstic
|-damage|p2a: Meowstic|20\/100
|
|t:|1618014187
|switch|p1a: Neptune|Empoleon-Mega, F|88\/100|[from]move: U-turn
|-start|p1a: Neptune|typechange|Water\/Steel|[silent]
|
|upkeep
|turn|26
|inactive|Testes do bos. has 270 seconds left.
|
|t:|1618014223
|move|p2a: Meowstic|Mystical Fire|p1a: Neptune
|-damage|p1a: Neptune|75\/100
|-unboost|p1a: Neptune|spa|1
|move|p1a: Neptune|Flip Turn|p2a: Meowstic
|-damage|p2a: Meowstic|0 fnt
|faint|p2a: Meowstic
|
|t:|1618014230
|switch|p1a: Hyperion|Heliolisk, F|100\/100|[from]move: Flip Turn
|
|upkeep
|
|t:|1618014241
|switch|p2a: Porygon2|Porygon2|74\/100
|-ability|p2a: Porygon2|Dry Skin|[from] ability: Trace|[of] p1a: Hyperion
|turn|27
|
|t:|1618014247
|move|p1a: Hyperion|Volt Switch|p2a: Porygon2
|-damage|p2a: Porygon2|59\/100
|
|t:|1618014249
|switch|p1a: Neptune|Empoleon-Mega, F|75\/100|[from]move: Volt Switch
|-start|p1a: Neptune|typechange|Water\/Steel|[silent]
|move|p2a: Porygon2|Recover|p2a: Porygon2
|-heal|p2a: Porygon2|100\/100
|
|upkeep
|turn|28
|
|t:|1618014258
|move|p1a: Neptune|Roost|p1a: Neptune
|-heal|p1a: Neptune|100\/100
|-singleturn|p1a: Neptune|move: Roost
|move|p2a: Porygon2|Teleport|p2a: Porygon2
|
|t:|1618014264
|switch|p2a: Hoopa|Hoopa-Unbound|100\/100|[from]move: Teleport
|
|upkeep
|turn|29
|inactive|Testes do bos. has 270 seconds left.
|
|t:|1618014279
|switch|p1a: Kertanagara|Moltres-Galar|52\/100
|move|p2a: Hoopa|Drain Punch|p1a: Kertanagara
|-damage|p1a: Kertanagara|5\/100
|-ability|p1a: Kertanagara|Berserk|boost
|-boost|p1a: Kertanagara|spa|1
|
|upkeep
|turn|30
|inactive|Testes do bos. has 270 seconds left.
|
|t:|1618014293
|switch|p2a: Porygon2|Porygon2|100\/100
|-ability|p2a: Porygon2|Berserk|[from] ability: Trace|[of] p1a: Kertanagara
|move|p1a: Kertanagara|U-turn|p2a: Porygon2
|-damage|p2a: Porygon2|90\/100
|
|t:|1618014304
|switch|p1a: Neptune|Empoleon-Mega, F|100\/100|[from]move: U-turn
|-start|p1a: Neptune|typechange|Water\/Steel|[silent]
|
|upkeep
|turn|31
|
|t:|1618014309
|move|p1a: Neptune|Flash Cannon|p2a: Porygon2
|-damage|p2a: Porygon2|75\/100
|move|p2a: Porygon2|Teleport|p2a: Porygon2
|
|t:|1618014314
|switch|p2a: Hoopa|Hoopa-Unbound|100\/100|[from]move: Teleport
|
|upkeep
|turn|32
|
|t:|1618014323
|move|p2a: Hoopa|Hyperspace Fury|p1a: Neptune
|-damage|p1a: Neptune|7\/100
|-unboost|p2a: Hoopa|def|1
|move|p1a: Neptune|Flip Turn|p2a: Hoopa
|-damage|p2a: Hoopa|56\/100
|
|t:|1618014327
|switch|p1a: Kertanagara|Moltres-Galar|5\/100|[from]move: Flip Turn
|
|upkeep
|turn|33
|
|t:|1618014343
|switch|p2a: Porygon2|Porygon2|75\/100
|-ability|p2a: Porygon2|Berserk|[from] ability: Trace|[of] p1a: Kertanagara
|move|p1a: Kertanagara|U-turn|p2a: Porygon2
|-damage|p2a: Porygon2|65\/100
|
|t:|1618014347
|switch|p1a: Neptune|Empoleon-Mega, F|7\/100|[from]move: U-turn
|-start|p1a: Neptune|typechange|Water\/Steel|[silent]
|
|upkeep
|turn|34
|
|t:|1618014354
|move|p1a: Neptune|Roost|p1a: Neptune
|-heal|p1a: Neptune|57\/100
|-singleturn|p1a: Neptune|move: Roost
|move|p2a: Porygon2|Teleport|p2a: Porygon2
|
|t:|1618014360
|switch|p2a: Hoopa|Hoopa-Unbound|56\/100|[from]move: Teleport
|
|upkeep
|turn|35
|
|t:|1618014370
|move|p2a: Hoopa|Hyperspace Fury|p1a: Neptune
|-damage|p1a: Neptune|0 fnt
|-unboost|p2a: Hoopa|def|1
|faint|p1a: Neptune
|
|upkeep
|
|t:|1618014372
|switch|p1a: Kertanagara|Moltres-Galar|5\/100
|turn|36
|c|☆pupugugu|gg
|
|t:|1618014383
|switch|p2a: Porygon2|Porygon2|65\/100
|-ability|p2a: Porygon2|Berserk|[from] ability: Trace|[of] p1a: Kertanagara
|move|p1a: Kertanagara|Fiery Wrath|p2a: Porygon2
|-damage|p2a: Porygon2|50\/100
|-ability|p2a: Porygon2|Berserk|boost
|-boost|p2a: Porygon2|spa|1
|
|upkeep
|turn|37
|
|t:|1618014395
|move|p1a: Kertanagara|Fiery Wrath|p2a: Porygon2
|-damage|p2a: Porygon2|35\/100
|move|p2a: Porygon2|Recover|p2a: Porygon2
|-heal|p2a: Porygon2|85\/100
|
|upkeep
|turn|38
|-message|pupugugu forfeited.
|
|win|Testes do bos.
|c|☆pupugugu|well played! good adaptation ^^
|c|☆pupugugu|i should've expected the ice punch haha
</script>
</div>
<div class="battle-log battle-log-inline"><div class="inner"><div class="battle-options"></div><div class="inner message-log"><div class="chat"><small>☆pupugugu and ☆Testes do bos. joined</small></div><div class=""><small>Format:</small> <br><strong>[Gen 8] Megas for All</strong></div><div class=""><small><em>HP Percentage Mod:</em> HP is shown in percentages</small></div><div class=""><small><em>Endless Battle Clause:</em> Forcing endless battles is banned</small></div><div class=""><small><em>OHKO Clause:</em> OHKO moves are banned</small></div><div class=""><small><em>Evasion Moves Clause:</em> Evasion moves are banned</small></div><div class=""><small><em>Species Clause:</em> Limit one of each Pokémon</small></div><div class=""><small><em>Dynamax Clause:</em> You cannot dynamax</small></div><div class=""><small><em>Sleep Clause Mod:</em> Limit one foe put to sleep</small></div><div class=""><small><em>Freeze Clause Mod:</em> Limit one foe frozen</small></div><div class="chat"><img src="https://www.smogon.com/forums/attachments/banner_2-png.302358/" height="65" width="381"></div><div class="spacer battle-history"><br></div><div class="battle-history"><small>Welcome to Megas for All!</small><br></div><div class="battle-history"><small>This is a National Dex-based format where we aim to give a new Mega Evolution to every Pokémon.</small><br></div><div class="battle-history"><small>Just like any official format, you can still only Mega Evolve one Pokémon per team!</small><br></div><div class="battle-history"><small>You can find our thread and metagame resources here:</small><br></div><div class="battle-history"><small>https://www.smogon.com/forums/threads/3671140/</small><br></div><div class="chat battle-history"><strong>pupugugu's team:</strong> <em style="color:#445566;display:block;">Empoleon / Gliscor / Latios / Marowak-Alola / Moltres-Galar / Heliolisk</em></div><div class="chat battle-history"><strong>Testes do bos.'s team:</strong> <em style="color:#445566;display:block;">Meowstic-F / Hoopa-Unbound / Weezing-Galar / Porygon2 / Umbreon / Rhydon</em></div><div class="chat chatmessage-pupugugu"><strong style="color:#2b7b91"><small>☆</small><span class="username" data-name="pupugugu">pupugugu</span>:</strong> <em>glhf for last game!</em></div><div class="chat message-error">Battle timer is ON: inactive players will automatically lose when time's up. (requested by Testes do bos.)</div><div class="spacer battle-history"><br></div><div class="battle-history">Battle started between pupugugu and Testes do bos.!<br></div><div class="spacer battle-history"><br></div><div class="battle-history">Go! Hyperion (<strong>Heliolisk</strong>)!<br></div><div class="spacer battle-history"><br></div><div class="battle-history">Testes do bos. sent out <strong>Porygon2</strong>!<br></div><div class="battle-history">[The opposing Porygon2's Trace]<br>[The opposing Porygon2's Dry Skin]<br><small>The opposing Porygon2 traced Hyperion's Dry Skin!</small><br></div><div class="spacer battle-history"><br></div><h2 class="battle-history">Turn 1</h2><div class="spacer battle-history"><br></div><div class="battle-history">Hyperion, come back!<br></div><div class="battle-history">Go! Kamehameha (<strong>Marowak-Alola</strong>)!<br></div><div class="spacer battle-history"><br></div><div class="battle-history">The opposing Porygon2 used <strong>Toxic</strong>!<br></div><div class="battle-history"><small>Kamehameha avoided the attack!</small><br></div><div class="spacer battle-history"><br></div><h2 class="battle-history">Turn 2</h2><div class="spacer battle-history"><br></div><div class="battle-history">The opposing Porygon2 used <strong>Toxic</strong>!<br></div><div class="battle-history"><small>Kamehameha was badly poisoned!</small><br></div><div class="spacer battle-history"><br></div><div class="battle-history">Kamehameha used <strong>Toxic</strong>!<br></div><div class="battle-history"><small>The opposing Porygon2 was badly poisoned!</small><br></div><div class="spacer battle-history"><br></div><div class="battle-history"><small>The opposing Porygon2 was hurt by poison!</small><br></div><div class="battle-history"><small>Kamehameha was hurt by poison!</small><br></div><div class="spacer battle-history"><br></div><h2 class="battle-history">Turn 3</h2><div class="chat message-error">Testes do bos. has 270 seconds left.</div><div class="spacer battle-history"><br></div><div class="battle-history">Testes do bos. withdrew Porygon2!<br></div><div class="battle-history">Testes do bos. sent out Weezing (<strong>Weezing-Galar</strong>)!<br></div><div class="spacer battle-history"><br></div><div class="battle-history">Kamehameha used <strong>Flare Blitz</strong>!<br></div><div class="battle-history"><small>(The opposing Weezing lost 73% of its health!)</small><br></div><div class="battle-history"><small>The opposing Weezing was burned!</small><br></div><div class="spacer battle-history"><br></div><div class="battle-history"><small>The opposing Weezing was hurt by its burn!</small><br></div><div class="battle-history"><small>Kamehameha was hurt by poison!</small><br></div><div class="spacer battle-history"><br></div><h2 class="battle-history">Turn 4</h2><div class="chat message-error">Testes do bos. has 270 seconds left.</div><div class="spacer battle-history"><br></div><div class="battle-history">The opposing Weezing used <strong>Strange Steam</strong>!<br></div><div class="battle-history"><small>It's not very effective...</small><br></div><div class="battle-history"><small>A critical hit!</small><br></div><div class="battle-history"><small>(Kamehameha lost 25% of its health!)</small><br></div><div class="spacer battle-history"><br></div><div class="battle-history">Kamehameha used <strong>Flare Blitz</strong>!<br></div><div class="battle-history"><small>(The opposing Weezing lost 21% of its health!)</small><br></div><div class="spacer battle-history"><br></div><div class="battle-history">The opposing Weezing fainted!<br></div><div class="spacer battle-history"><br></div><div class="battle-history"><small>Kamehameha was hurt by poison!</small><br></div><div class="chat message-error">Testes do bos. has 270 seconds left.</div><div class="spacer battle-history"><br></div><div class="battle-history">Testes do bos. sent out <strong>Rhydon</strong>!<br></div><div class="spacer battle-history"><br></div><h2 class="battle-history">Turn 5</h2><div class="spacer battle-history"><br></div><div class="battle-history">The opposing Rhydon used <strong>Rock Polish</strong>!<br></div><div class="battle-history"><small>The opposing Rhydon's Speed rose sharply!</small><br></div><div class="spacer battle-history"><br></div><div class="battle-history">Kamehameha used <strong>Toxic</strong>!<br></div><div class="battle-history"><small>The opposing Rhydon avoided the attack!</small><br></div><div class="spacer battle-history"><br></div><div class="battle-history"><small>Kamehameha was hurt by poison!</small><br></div><div class="spacer battle-history"><br></div><h2 class="battle-history">Turn 6</h2><div class="spacer battle-history"><br></div><div class="battle-history">The opposing Rhydon used <strong>Earthquake</strong>!<br></div><div class="battle-history"><small>It's super effective!</small><br></div><div class="battle-history"><small>(Kamehameha lost 14% of its health!)</small><br></div><div class="spacer battle-history"><br></div><div class="battle-history">Kamehameha fainted!<br></div><div class="spacer battle-history"><br></div><div class="battle-history">Go! Hyperion (<strong>Heliolisk</strong>)!<br></div><div class="spacer battle-history"><br></div><h2 class="battle-history">Turn 7</h2><div class="spacer battle-history"><br></div><div class="battle-history">Testes do bos. withdrew Rhydon!<br></div><div class="battle-history">Testes do bos. sent out <strong>Umbreon</strong>!<br></div><div class="spacer battle-history"><br></div><div class="battle-history">Hyperion used <strong>Surf</strong>!<br></div><div class="battle-history"><small>(The opposing Umbreon lost 19% of its health!)</small><br></div><div class="spacer battle-history"><br></div><h2 class="battle-history">Turn 8</h2><div class="chat message-error">Testes do bos. has 270 seconds left.</div><div class="spacer battle-history"><br></div><div class="battle-history">Hyperion, come back!<br></div><div class="battle-history">Go! Vlad Dracula (<strong>Gliscor</strong>)!<br></div><div class="spacer battle-history"><br></div><div class="battle-history">The opposing Umbreon used <strong>Heal Bell</strong>!<br></div><div class="battle-history"><small>A bell chimed!</small><br></div><div class="battle-history"><small>The opposing Porygon2 was cured of its poisoning!</small><br></div><div class="spacer battle-history"><br></div><div class="battle-history"><small>Vlad Dracula was badly poisoned!</small><br></div><div class="spacer battle-history"><br></div><h2 class="battle-history">Turn 9</h2><div class="spacer battle-history"><br></div><div class="battle-history">Vlad Dracula used <strong>Toxic</strong>!<br></div><div class="battle-history"><small>The opposing Umbreon avoided the attack!</small><br></div><div class="spacer battle-history"><br></div><div class="battle-history">The opposing Umbreon used <strong>Wish</strong>!<br></div><div class="spacer battle-history"><br></div><h2 class="battle-history">Turn 10</h2><div class="spacer battle-history"><br></div><div class="battle-history">Vlad Dracula used <strong>Toxic</strong>!<br></div><div class="battle-history"><small>The opposing Umbreon was badly poisoned!</small><br></div><div class="battle-history">[The opposing Umbreon's Synchronize]<br></div><div class="battle-history"><small>But it failed!</small><br></div><div class="spacer battle-history"><br></div><div class="battle-history">The opposing Umbreon used <strong>Foul Play</strong>!<br></div><div class="battle-history"><small>A critical hit!</small><br></div><div class="battle-history"><small>(Vlad Dracula lost 33% of its health!)</small><br></div><div class="spacer battle-history"><br></div><div class="battle-history"><small>Umbreon's wish came true!</small><br></div><div class="battle-history">[Vlad Dracula's Poison Heal]<br><small>Vlad Dracula had its HP restored.</small><br></div><div class="battle-history"><small>The opposing Umbreon was hurt by poison!</small><br></div><div class="spacer battle-history"><br></div><h2 class="battle-history">Turn 11</h2><div class="spacer battle-history"><br></div><div class="battle-history">Vlad Dracula used <strong>Roost</strong>!<br></div><div class="battle-history"><small>Vlad Dracula had its HP restored.</small><br></div><div class="battle-history"><small>(Vlad Dracula loses Flying type this turn.)</small><br></div><div class="spacer battle-history"><br></div><div class="battle-history">The opposing Umbreon used <strong>Heal Bell</strong>!<br></div><div class="battle-history"><small>A bell chimed!</small><br></div><div class="battle-history"><small>The opposing Umbreon was cured of its poisoning!</small><br></div><div class="spacer battle-history"><br></div><h2 class="battle-history">Turn 12</h2><div class="spacer battle-history"><br></div><div class="battle-history">Testes do bos. withdrew Umbreon!<br></div><div class="battle-history">Testes do bos. sent out <strong>Porygon2</strong>!<br></div><div class="battle-history">[The opposing Porygon2's Trace]<br>[The opposing Porygon2's Poison Heal]<br><small>The opposing Porygon2 traced Vlad Dracula's Poison Heal!</small><br></div><div class="spacer battle-history"><br></div><div class="battle-history">Vlad Dracula used <strong>Toxic</strong>!<br></div><div class="battle-history"><small>The opposing Porygon2 was badly poisoned!</small><br></div><div class="spacer battle-history"><br></div><div class="battle-history">[The opposing Porygon2's Poison Heal]<br><small>The opposing Porygon2 had its HP restored.</small><br></div><div class="spacer battle-history"><br></div><h2 class="battle-history">Turn 13</h2><div class="spacer battle-history"><br></div><div class="battle-history">Vlad Dracula used <strong>U-turn</strong>!<br></div><div class="battle-history"><small>(The opposing Porygon2 lost 10% of its health!)</small><br></div><div class="spacer battle-history"><br></div><div class="battle-history">Vlad Dracula went back to pupugugu!<br></div><div class="battle-history">Go! Neptune (<strong>Empoleon</strong>)!<br></div><div class="spacer battle-history"><br></div><div class="battle-history">The opposing Porygon2 used <strong>Teleport</strong>!<br></div><div class="spacer battle-history"><br></div><div class="battle-history">Testes do bos. withdrew Porygon2!<br></div><div class="battle-history">Testes do bos. sent out Hoopa (<strong>Hoopa-Unbound</strong>)!<br></div><div class="spacer battle-history"><br></div><h2 class="battle-history">Turn 14</h2><div class="spacer battle-history"><br></div><div class="battle-history">Neptune, come back!<br></div><div class="battle-history">Go! Kertanagara (<strong>Moltres-Galar</strong>)!<br></div><div class="spacer battle-history"><br></div><div class="battle-history">The opposing Hoopa used <strong>Hyperspace Fury</strong>!<br></div><div class="battle-history"><small>It's not very effective...</small><br></div><div class="battle-history"><small>(Kertanagara lost 48% of its health!)</small><br></div><div class="battle-history"><small>The opposing Hoopa's Defense fell!</small><br></div><div class="spacer battle-history"><br></div><h2 class="battle-history">Turn 15</h2><div class="chat message-error">Testes do bos. has 270 seconds left.</div><div class="spacer battle-history"><br></div><div class="battle-history">Testes do bos. withdrew Hoopa!<br></div><div class="battle-history">Testes do bos. sent out <strong>Umbreon</strong>!<br></div><div class="spacer battle-history"><br></div><div class="battle-history">Kertanagara used <strong>U-turn</strong>!<br></div><div class="battle-history"><small>It's super effective!</small><br></div><div class="battle-history"><small>(The opposing Umbreon lost 15% of its health!)</small><br></div><div class="spacer battle-history"><br></div><div class="battle-history">Kertanagara went back to pupugugu!<br></div><div class="battle-history">Go! Vlad Dracula (<strong>Gliscor</strong>)!<br></div><div class="spacer battle-history"><br></div><h2 class="battle-history">Turn 16</h2><div class="spacer battle-history"><br></div><div class="battle-history">Vlad Dracula used <strong>U-turn</strong>!<br></div><div class="battle-history"><small>It's super effective!</small><br></div><div class="battle-history"><small>(The opposing Umbreon lost 17% of its health!)</small><br></div><div class="spacer battle-history"><br></div><div class="battle-history">Vlad Dracula went back to pupugugu!<br></div><div class="battle-history">Go! Neptune (<strong>Empoleon</strong>)!<br></div><div class="spacer battle-history"><br></div><div class="battle-history">The opposing Umbreon used <strong>Heal Bell</strong>!<br></div><div class="battle-history"><small>A bell chimed!</small><br></div><div class="battle-history"><small>The opposing Porygon2 was cured of its poisoning!</small><br></div><div class="spacer battle-history"><br></div><h2 class="battle-history">Turn 17</h2><div class="spacer battle-history"><br></div><div class="battle-history"><small>Neptune's Empoleonite is reacting to the Key Stone!</small><br>Neptune has Mega Evolved into Mega Empoleon!<br></div><div class="chat"><ul class="utilichart"><li class="result"><span class="col pokemonnamecol">Empoleon-Mega</span> <span class="col typecol"><img src="https://play.pokemonshowdown.com/sprites/types/Water.png" alt="Water" height="14" width="32"><img src="https://play.pokemonshowdown.com/sprites/types/Steel.png" alt="Steel" height="14" width="32"></span> <span><span class="col abilitycol">Lightning Rod</span><span class="col abilitycol"></span></span><span><span class="col statcol"><em>HP</em><br>84</span> <span class="col statcol"><em>Atk</em><br>86</span> <span class="col statcol"><em>Def</em><br>103</span> <span class="col statcol"><em>SpA</em><br>131</span> <span class="col statcol"><em>SpD</em><br>141</span> <span class="col statcol"><em>Spe</em><br>85</span> </span></li><li></li></ul></div><div class="spacer battle-history"><br></div><div class="battle-history">Neptune used <strong>Flip Turn</strong>!<br></div><div class="battle-history"><small>(The opposing Umbreon lost 10% of its health!)</small><br></div><div class="spacer battle-history"><br></div><div class="battle-history">Neptune, come back!<br></div><div class="battle-history">Go! Vlad Dracula (<strong>Gliscor</strong>)!<br></div><div class="spacer battle-history"><br></div><div class="battle-history">The opposing Umbreon used <strong>Wish</strong>!<br></div><div class="spacer battle-history"><br></div><h2 class="battle-history">Turn 18</h2><div class="spacer battle-history"><br></div><div class="battle-history">Vlad Dracula used <strong>Toxic</strong>!<br></div><div class="battle-history"><small>The opposing Umbreon was badly poisoned!</small><br></div><div class="battle-history">[The opposing Umbreon's Synchronize]<br></div><div class="battle-history"><small>But it failed!</small><br></div><div class="spacer battle-history"><br></div><div class="battle-history">The opposing Umbreon used <strong>Foul Play</strong>!<br></div><div class="battle-history"><small>(Vlad Dracula lost 22% of its health!)</small><br></div><div class="spacer battle-history"><br></div><div class="battle-history"><small>Umbreon's wish came true!</small><br></div><div class="battle-history">[Vlad Dracula's Poison Heal]<br><small>Vlad Dracula had its HP restored.</small><br></div><div class="battle-history"><small>The opposing Umbreon was hurt by poison!</small><br></div><div class="spacer battle-history"><br></div><h2 class="battle-history">Turn 19</h2><div class="spacer battle-history"><br></div><div class="battle-history">Vlad Dracula used <strong>U-turn</strong>!<br></div><div class="battle-history"><small>It's super effective!</small><br></div><div class="battle-history"><small>(The opposing Umbreon lost 17% of its health!)</small><br></div><div class="spacer battle-history"><br></div><div class="battle-history">Vlad Dracula went back to pupugugu!<br></div><div class="battle-history">Go! Kertanagara (<strong>Moltres-Galar</strong>)!<br></div><div class="spacer battle-history"><br></div><div class="battle-history">The opposing Umbreon used <strong>Heal Bell</strong>!<br></div><div class="battle-history"><small>A bell chimed!</small><br></div><div class="battle-history"><small>The opposing Umbreon was cured of its poisoning!</small><br></div><div class="spacer battle-history"><br></div><h2 class="battle-history">Turn 20</h2><div class="spacer battle-history"><br></div><div class="battle-history">Testes do bos. withdrew Umbreon!<br></div><div class="battle-history">Testes do bos. sent out Meowstic (<strong>Meowstic-F</strong>)!<br></div><div class="spacer battle-history"><br></div><div class="battle-history">Kertanagara used <strong>U-turn</strong>!<br></div><div class="battle-history"><small>It's super effective!</small><br></div><div class="battle-history"><small>(The opposing Meowstic lost 38% of its health!)</small><br></div><div class="spacer battle-history"><br></div><div class="battle-history">Kertanagara went back to pupugugu!<br></div><div class="battle-history">Go! Neptune (<strong>Empoleon-Mega</strong>)!<br></div><div class="spacer battle-history"><br></div><h2 class="battle-history">Turn 21</h2><div class="spacer battle-history"><br></div><div class="battle-history"><small>The opposing Meowstic's Meowsticite is reacting to the Key Stone!</small><br>The opposing Meowstic has Mega Evolved into Mega Meowstic!<br></div><div class="battle-history">[The opposing Meowstic's Fairy Aura]<br><small>The opposing Meowstic is radiating a fairy aura!</small><br></div><div class="chat"><ul class="utilichart"><li class="result"><span class="col pokemonnamecol">Meowstic-F-Mega</span> <span class="col typecol"><img src="https://play.pokemonshowdown.com/sprites/types/Psychic.png" alt="Psychic" height="14" width="32"><img src="https://play.pokemonshowdown.com/sprites/types/Fairy.png" alt="Fairy" height="14" width="32"></span> <span><span class="col abilitycol">Fairy Aura</span><span class="col abilitycol"></span></span><span><span class="col statcol"><em>HP</em><br>74</span> <span class="col statcol"><em>Atk</em><br>48</span> <span class="col statcol"><em>Def</em><br>91</span> <span class="col statcol"><em>SpA</em><br>133</span> <span class="col statcol"><em>SpD</em><br>96</span> <span class="col statcol"><em>Spe</em><br>124</span> </span></li><li></li></ul></div><div class="spacer battle-history"><br></div><div class="battle-history">The opposing Meowstic used <strong>Mystical Fire</strong>!<br></div><div class="battle-history"><small>(Neptune lost 12% of its health!)</small><br></div><div class="battle-history"><small>Neptune's Sp. Atk fell!</small><br></div><div class="spacer battle-history"><br></div><div class="battle-history">Neptune used <strong>Flip Turn</strong>!<br></div><div class="battle-history"><small>(The opposing Meowstic lost 23% of its health!)</small><br></div><div class="spacer battle-history"><br></div><div class="battle-history">Neptune, come back!<br></div><div class="battle-history">Go! Hyperion (<strong>Heliolisk</strong>)!<br></div><div class="spacer battle-history"><br></div><h2 class="battle-history">Turn 22</h2><div class="spacer battle-history"><br></div><div class="battle-history">Hyperion, come back!<br></div><div class="battle-history">Go! Neptune (<strong>Empoleon-Mega</strong>)!<br></div><div class="spacer battle-history"><br></div><div class="battle-history">Testes do bos. withdrew Meowstic!<br></div><div class="battle-history">Testes do bos. sent out <strong>Porygon2</strong>!<br></div><div class="battle-history">[The opposing Porygon2's Trace]<br>[The opposing Porygon2's Lightning Rod]<br><small>The opposing Porygon2 traced Neptune's Lightning Rod!</small><br></div><div class="spacer battle-history"><br></div><h2 class="battle-history">Turn 23</h2><div class="spacer battle-history"><br></div><div class="battle-history">Neptune used <strong>Flash Cannon</strong>!<br></div><div class="battle-history"><small>(The opposing Porygon2 lost 16% of its health!)</small><br></div><div class="battle-history"><small>The opposing Porygon2's Sp. Def fell!</small><br></div><div class="spacer battle-history"><br></div><div class="battle-history">The opposing Porygon2 used <strong>Teleport</strong>!<br></div><div class="spacer battle-history"><br></div><div class="battle-history">Testes do bos. withdrew Porygon2!<br></div><div class="battle-history">Testes do bos. sent out Hoopa (<strong>Hoopa-Unbound</strong>)!<br></div><div class="spacer battle-history"><br></div><h2 class="battle-history">Turn 24</h2><div class="spacer battle-history"><br></div><div class="battle-history">Neptune, come back!<br></div><div class="battle-history">Go! Vlad Dracula (<strong>Gliscor</strong>)!<br></div><div class="spacer battle-history"><br></div><div class="battle-history">The opposing Hoopa used <strong>Ice Punch</strong>!<br></div><div class="battle-history"><small>It's super effective!</small><br></div><div class="battle-history"><small>(Vlad Dracula lost 91% of its health!)</small><br></div><div class="spacer battle-history"><br></div><div class="battle-history">Vlad Dracula fainted!<br></div><div class="spacer battle-history"><br></div><div class="battle-history">Go! Kertanagara (<strong>Moltres-Galar</strong>)!<br></div><div class="spacer battle-history"><br></div><h2 class="battle-history">Turn 25</h2><div class="chat message-error">Testes do bos. has 270 seconds left.</div><div class="spacer battle-history"><br></div><div class="battle-history">Testes do bos. withdrew Hoopa!<br></div><div class="battle-history">Testes do bos. sent out Meowstic (<strong>Meowstic-F-Mega</strong>)!<br></div><div class="battle-history">[The opposing Meowstic's Fairy Aura]<br><small>The opposing Meowstic is radiating a fairy aura!</small><br></div><div class="spacer battle-history"><br></div><div class="battle-history">Kertanagara used <strong>U-turn</strong>!<br></div><div class="battle-history"><small>(The opposing Meowstic lost 19% of its health!)</small><br></div><div class="spacer battle-history"><br></div><div class="battle-history">Kertanagara went back to pupugugu!<br></div><div class="battle-history">Go! Neptune (<strong>Empoleon-Mega</strong>)!<br></div><div class="spacer battle-history"><br></div><h2 class="battle-history">Turn 26</h2><div class="chat message-error">Testes do bos. has 270 seconds left.</div><div class="spacer battle-history"><br></div><div class="battle-history">The opposing Meowstic used <strong>Mystical Fire</strong>!<br></div><div class="battle-history"><small>(Neptune lost 13% of its health!)</small><br></div><div class="battle-history"><small>Neptune's Sp. Atk fell!</small><br></div><div class="spacer battle-history"><br></div><div class="battle-history">Neptune used <strong>Flip Turn</strong>!<br></div><div class="battle-history"><small>(The opposing Meowstic lost 20% of its health!)</small><br></div><div class="spacer battle-history"><br></div><div class="battle-history">The opposing Meowstic fainted!<br></div><div class="spacer battle-history"><br></div><div class="battle-history">Neptune, come back!<br></div><div class="battle-history">Go! Hyperion (<strong>Heliolisk</strong>)!<br></div><div class="spacer battle-history"><br></div><div class="battle-history">Testes do bos. sent out <strong>Porygon2</strong>!<br></div><div class="battle-history">[The opposing Porygon2's Trace]<br>[The opposing Porygon2's Dry Skin]<br><small>The opposing Porygon2 traced Hyperion's Dry Skin!</small><br></div><div class="spacer battle-history"><br></div><h2 class="battle-history">Turn 27</h2><div class="spacer battle-history"><br></div><div class="battle-history">Hyperion used <strong>Volt Switch</strong>!<br></div><div class="battle-history"><small>(The opposing Porygon2 lost 15% of its health!)</small><br></div><div class="spacer battle-history"><br></div><div class="battle-history">Hyperion went back to pupugugu!<br></div><div class="battle-history">Go! Neptune (<strong>Empoleon-Mega</strong>)!<br></div><div class="spacer battle-history"><br></div><div class="battle-history">The opposing Porygon2 used <strong>Recover</strong>!<br></div><div class="battle-history"><small>The opposing Porygon2 had its HP restored.</small><br></div><div class="spacer battle-history"><br></div><h2 class="battle-history">Turn 28</h2><div class="spacer battle-history"><br></div><div class="battle-history">Neptune used <strong>Roost</strong>!<br></div><div class="battle-history"><small>Neptune had its HP restored.</small><br></div><div class="spacer battle-history"><br></div><div class="battle-history">The opposing Porygon2 used <strong>Teleport</strong>!<br></div><div class="spacer battle-history"><br></div><div class="battle-history">Testes do bos. withdrew Porygon2!<br></div><div class="battle-history">Testes do bos. sent out Hoopa (<strong>Hoopa-Unbound</strong>)!<br></div><div class="spacer battle-history"><br></div><h2 class="battle-history">Turn 29</h2><div class="chat message-error">Testes do bos. has 270 seconds left.</div><div class="spacer battle-history"><br></div><div class="battle-history">Neptune, come back!<br></div><div class="battle-history">Go! Kertanagara (<strong>Moltres-Galar</strong>)!<br></div><div class="spacer battle-history"><br></div><div class="battle-history">The opposing Hoopa used <strong>Drain Punch</strong>!<br></div><div class="battle-history"><small>(Kertanagara lost 47% of its health!)</small><br></div><div class="battle-history">[Kertanagara's Berserk]<br></div><div class="battle-history"><small>Kertanagara's Sp. Atk rose!</small><br></div><div class="spacer battle-history"><br></div><h2 class="battle-history">Turn 30</h2><div class="chat message-error">Testes do bos. has 270 seconds left.</div><div class="spacer battle-history"><br></div><div class="battle-history">Testes do bos. withdrew Hoopa!<br></div><div class="battle-history">Testes do bos. sent out <strong>Porygon2</strong>!<br></div><div class="battle-history">[The opposing Porygon2's Trace]<br>[The opposing Porygon2's Berserk]<br><small>The opposing Porygon2 traced Kertanagara's Berserk!</small><br></div><div class="spacer battle-history"><br></div><div class="battle-history">Kertanagara used <strong>U-turn</strong>!<br></div><div class="battle-history"><small>(The opposing Porygon2 lost 10% of its health!)</small><br></div><div class="spacer battle-history"><br></div><div class="battle-history">Kertanagara went back to pupugugu!<br></div><div class="battle-history">Go! Neptune (<strong>Empoleon-Mega</strong>)!<br></div><div class="spacer battle-history"><br></div><h2 class="battle-history">Turn 31</h2><div class="spacer battle-history"><br></div><div class="battle-history">Neptune used <strong>Flash Cannon</strong>!<br></div><div class="battle-history"><small>(The opposing Porygon2 lost 15% of its health!)</small><br></div><div class="spacer battle-history"><br></div><div class="battle-history">The opposing Porygon2 used <strong>Teleport</strong>!<br></div><div class="spacer battle-history"><br></div><div class="battle-history">Testes do bos. withdrew Porygon2!<br></div><div class="battle-history">Testes do bos. sent out Hoopa (<strong>Hoopa-Unbound</strong>)!<br></div><div class="spacer battle-history"><br></div><h2 class="battle-history">Turn 32</h2><div class="spacer battle-history"><br></div><div class="battle-history">The opposing Hoopa used <strong>Hyperspace Fury</strong>!<br></div><div class="battle-history"><small>(Neptune lost 93% of its health!)</small><br></div><div class="battle-history"><small>The opposing Hoopa's Defense fell!</small><br></div><div class="spacer battle-history"><br></div><div class="battle-history">Neptune used <strong>Flip Turn</strong>!<br></div><div class="battle-history"><small>(The opposing Hoopa lost 44% of its health!)</small><br></div><div class="spacer battle-history"><br></div><div class="battle-history">Neptune, come back!<br></div><div class="battle-history">Go! Kertanagara (<strong>Moltres-Galar</strong>)!<br></div><div class="spacer battle-history"><br></div><h2 class="battle-history">Turn 33</h2><div class="spacer battle-history"><br></div><div class="battle-history">Testes do bos. withdrew Hoopa!<br></div><div class="battle-history">Testes do bos. sent out <strong>Porygon2</strong>!<br></div><div class="battle-history">[The opposing Porygon2's Trace]<br>[The opposing Porygon2's Berserk]<br><small>The opposing Porygon2 traced Kertanagara's Berserk!</small><br></div><div class="spacer battle-history"><br></div><div class="battle-history">Kertanagara used <strong>U-turn</strong>!<br></div><div class="battle-history"><small>(The opposing Porygon2 lost 10% of its health!)</small><br></div><div class="spacer battle-history"><br></div><div class="battle-history">Kertanagara went back to pupugugu!<br></div><div class="battle-history">Go! Neptune (<strong>Empoleon-Mega</strong>)!<br></div><div class="spacer battle-history"><br></div><h2 class="battle-history">Turn 34</h2><div class="spacer battle-history"><br></div><div class="battle-history">Neptune used <strong>Roost</strong>!<br></div><div class="battle-history"><small>Neptune had its HP restored.</small><br></div><div class="spacer battle-history"><br></div><div class="battle-history">The opposing Porygon2 used <strong>Teleport</strong>!<br></div><div class="spacer battle-history"><br></div><div class="battle-history">Testes do bos. withdrew Porygon2!<br></div><div class="battle-history">Testes do bos. sent out Hoopa (<strong>Hoopa-Unbound</strong>)!<br></div><div class="spacer battle-history"><br></div><h2 class="battle-history">Turn 35</h2><div class="spacer battle-history"><br></div><div class="battle-history">The opposing Hoopa used <strong>Hyperspace Fury</strong>!<br></div><div class="battle-history"><small>(Neptune lost 57% of its health!)</small><br></div><div class="battle-history"><small>The opposing Hoopa's Defense fell!</small><br></div><div class="spacer battle-history"><br></div><div class="battle-history">Neptune fainted!<br></div><div class="spacer battle-history"><br></div><div class="battle-history">Go! Kertanagara (<strong>Moltres-Galar</strong>)!<br></div><div class="spacer battle-history"><br></div><h2 class="battle-history">Turn 36</h2><div class="chat chatmessage-pupugugu"><strong style="color:#2b7b91"><small>☆</small><span class="username" data-name="pupugugu">pupugugu</span>:</strong> <em>gg</em></div><div class="spacer battle-history"><br></div><div class="battle-history">Testes do bos. withdrew Hoopa!<br></div><div class="battle-history">Testes do bos. sent out <strong>Porygon2</strong>!<br></div><div class="battle-history">[The opposing Porygon2's Trace]<br>[The opposing Porygon2's Berserk]<br><small>The opposing Porygon2 traced Kertanagara's Berserk!</small><br></div><div class="spacer battle-history"><br></div><div class="battle-history">Kertanagara used <strong>Fiery Wrath</strong>!<br></div><div class="battle-history"><small>(The opposing Porygon2 lost 15% of its health!)</small><br></div><div class="battle-history">[The opposing Porygon2's Berserk]<br></div><div class="battle-history"><small>The opposing Porygon2's Sp. Atk rose!</small><br></div><div class="spacer battle-history"><br></div><h2 class="battle-history">Turn 37</h2><div class="spacer battle-history"><br></div><div class="battle-history">Kertanagara used <strong>Fiery Wrath</strong>!<br></div><div class="battle-history"><small>(The opposing Porygon2 lost 15% of its health!)</small><br></div><div class="spacer battle-history"><br></div><div class="battle-history">The opposing Porygon2 used <strong>Recover</strong>!<br></div><div class="battle-history"><small>The opposing Porygon2 had its HP restored.</small><br></div><div class="spacer battle-history"><br></div><h2 class="battle-history">Turn 38</h2><div class="spacer battle-history"><br></div><div class="battle-history"><small>pupugugu forfeited.</small><br></div><div class="spacer battle-history"><br></div><div class="battle-history"><strong>Testes do bos.</strong> won the battle!<br></div><div class="chat chatmessage-pupugugu"><strong style="color:#2b7b91"><small>☆</small><span class="username" data-name="pupugugu">pupugugu</span>:</strong> <em>well played! good adaptation ^^</em></div><div class="chat chatmessage-pupugugu"><strong style="color:#2b7b91"><small>☆</small><span class="username" data-name="pupugugu">pupugugu</span>:</strong> <em>i should've expected the ice punch haha</em></div></div><div class="inner-preempt message-log"></div></div></div>
</div>
<script>
let daily = Math.floor(Date.now()/1000/60/60/24);document.write('<script src="https://play.pokemonshowdown.com/js/replay-embed.js?version'+daily+'"></'+'script>');
</script>
