<!DOCTYPE html>
<meta charset="utf-8" />
<!-- version 1 -->
<title>[Gen 8] Megas for All replay: aausma vs. Hematemesis</title>
<style>
html,body {font-family:Verdana, sans-serif;font-size:10pt;margin:0;padding:0;}body{padding:12px 0;} .battle-log {font-family:Verdana, sans-serif;font-size:10pt;} .battle-log-inline {border:1px solid #AAAAAA;background:#EEF2F5;color:black;max-width:640px;margin:0 auto 80px;padding-bottom:5px;} .battle-log .inner {padding:4px 8px 0px 8px;} .battle-log .inner-preempt {padding:0 8px 4px 8px;} .battle-log .inner-after {margin-top:0.5em;} .battle-log h2 {margin:0.5em -8px;padding:4px 8px;border:1px solid #AAAAAA;background:#E0E7EA;border-left:0;border-right:0;font-family:Verdana, sans-serif;font-size:13pt;} .battle-log .chat {vertical-align:middle;padding:3px 0 3px 0;font-size:8pt;} .battle-log .chat strong {color:#40576A;} .battle-log .chat em {padding:1px 4px 1px 3px;color:#000000;font-style:normal;} .chat.mine {background:rgba(0,0,0,0.05);margin-left:-8px;margin-right:-8px;padding-left:8px;padding-right:8px;} .spoiler {color:#BBBBBB;background:#BBBBBB;padding:0px 3px;} .spoiler:hover, .spoiler:active, .spoiler-shown {color:#000000;background:#E2E2E2;padding:0px 3px;} .spoiler a {color:#BBBBBB;} .spoiler:hover a, .spoiler:active a, .spoiler-shown a {color:#2288CC;} .chat code, .chat .spoiler:hover code, .chat .spoiler:active code, .chat .spoiler-shown code {border:1px solid #C0C0C0;background:#EEEEEE;color:black;padding:0 2px;} .chat .spoiler code {border:1px solid #CCCCCC;background:#CCCCCC;color:#CCCCCC;} .battle-log .rated {padding:3px 4px;} .battle-log .rated strong {color:white;background:#89A;padding:1px 4px;border-radius:4px;} .spacer {margin-top:0.5em;} .message-announce {background:#6688AA;color:white;padding:1px 4px 2px;} .message-announce a, .broadcast-green a, .broadcast-blue a, .broadcast-red a {color:#DDEEFF;} .broadcast-green {background-color:#559955;color:white;padding:2px 4px;} .broadcast-blue {background-color:#6688AA;color:white;padding:2px 4px;} .infobox {border:1px solid #6688AA;padding:2px 4px;} .infobox-limited {max-height:200px;overflow:auto;overflow-x:hidden;} .broadcast-red {background-color:#AA5544;color:white;padding:2px 4px;} .message-learn-canlearn {font-weight:bold;color:#228822;text-decoration:underline;} .message-learn-cannotlearn {font-weight:bold;color:#CC2222;text-decoration:underline;} .message-effect-weak {font-weight:bold;color:#CC2222;} .message-effect-resist {font-weight:bold;color:#6688AA;} .message-effect-immune {font-weight:bold;color:#666666;} .message-learn-list {margin-top:0;margin-bottom:0;} .message-throttle-notice, .message-error {color:#992222;} .message-overflow, .chat small.message-overflow {font-size:0pt;} .message-overflow::before {font-size:9pt;content:'...';} .subtle {color:#3A4A66;}
</style>
<div class="wrapper replay-wrapper" style="max-width:1180px;margin:0 auto">
<input type="hidden" name="replayid" value="dragonheaven-gen8megasforall-5144" />
<div class="battle"></div><div class="battle-log"></div><div class="replay-controls"></div><div class="replay-controls-2"></div>
<h1 style="font-weight:normal;text-align:center"><strong>[Gen 8] Megas for All</strong><br /><a href="http://pokemonshowdown.com/users/aausma" class="subtle" target="_blank">aausma</a> vs. <a href="http://pokemonshowdown.com/users/hematemesis" class="subtle" target="_blank">Hematemesis</a></h1>
<script type="text/plain" class="battle-log-data">|j|☆aausma
|j|☆Hematemesis
|player|p1|aausma|scientistf|
|player|p2|Hematemesis|1|
|teamsize|p1|6
|teamsize|p2|6
|gametype|singles
|gen|8
|tier|[Gen 8] Megas for All
|clearpoke
|poke|p1|Archeops, M|
|poke|p1|Jolteon, M|
|poke|p1|Rillaboom, M|
|poke|p1|Grimmsnarl, M|
|poke|p1|Bisharp, M|
|poke|p1|Volcarona, M|
|poke|p2|Clefable, M|
|poke|p2|Kommo-o, F|
|poke|p2|Celesteela|
|poke|p2|Rotom-Heat|
|poke|p2|Mew|
|poke|p2|Thundurus-Therian, M|
|rule|HP Percentage Mod: HP is shown in percentages
|rule|Endless Battle Clause: Forcing endless battles is banned
|rule|OHKO Clause: OHKO moves are banned
|rule|Evasion Moves Clause: Evasion moves are banned
|rule|Species Clause: Limit one of each Pokémon
|rule|Dynamax Clause: You cannot dynamax
|rule|Sleep Clause Mod: Limit one foe put to sleep
|teampreview
|c|☆aausma|oh lord
|j| Coppersmith
|c|☆aausma|not the steela
|
|start
|switch|p1a: Archeops|Archeops, M|100\/100
|switch|p2a: Rotom|Rotom-Heat|100\/100
|turn|1
|l|☆aausma
|player|p1|
|j|☆aausma
|player|p1|aausma|scientistf
|c|☆aausma|pog
|c|☆aausma|pog
|
|move|p1a: Archeops|Head Smash|p2a: Rotom
|-supereffective|p2a: Rotom
|-crit|p2a: Rotom
|-damage|p2a: Rotom|0 fnt
|-damage|p1a: Archeops|59\/100|[from] Recoil
|faint|p2a: Rotom
|
|upkeep
|
|switch|p2a: Celesteela|Celesteela|100\/100
|turn|2
|
|move|p1a: Archeops|Stealth Rock|p2a: Celesteela
|-sidestart|p2: Hematemesis|move: Stealth Rock
|move|p2a: Celesteela|Heavy Slam|p1a: Archeops
|-supereffective|p1a: Archeops
|-damage|p1a: Archeops|0 fnt
|faint|p1a: Archeops
|-ability|p2a: Celesteela|Beast Boost|boost
|-boost|p2a: Celesteela|spd|1
|
|upkeep
|
|switch|p1a: Jolteon|Jolteon, M|100\/100
|turn|3
|j| inkbug1
|j| H2OPulse


|
|detailschange|p1a: Jolteon|Jolteon-Mega, M
|-mega|p1a: Jolteon|Jolteon|Jolteonite
|-ability|p1a: Jolteon|Tempestuous|boost
|-boost|p1a: Jolteon|spd|1
|move|p1a: Jolteon|Calm Mind|p1a: Jolteon
|-boost|p1a: Jolteon|spa|1
|-boost|p1a: Jolteon|spd|1
|move|p2a: Celesteela|Leech Seed|p1a: Jolteon
|-start|p1a: Jolteon|move: Leech Seed
|
|-damage|p1a: Jolteon|88\/100|[from] Leech Seed|[of] p2a: Celesteela
|upkeep
|turn|4


|c| H2OPulse|Oh nice!!! Good luck both! O:


|
|switch|p2a: Thundurus|Thundurus-Therian, M|100\/100
|-damage|p2a: Thundurus|76\/100|[from] Stealth Rock
|move|p1a: Jolteon|Thunderbolt|p2a: Thundurus
|-heal|p2a: Thundurus|100\/100|[from] ability: Volt Absorb|[of] p1a: Jolteon
|
|-damage|p1a: Jolteon|76\/100|[from] Leech Seed|[of] p2a: Thundurus
|upkeep
|turn|5


|c| H2OPulse|Aaaa Mega Jolteon sweet


|c|☆aausma|frick


|
|move|p1a: Jolteon|Hidden Power|p2a: Thundurus
|-supereffective|p2a: Thundurus
|-damage|p2a: Thundurus|6\/100
|move|p2a: Thundurus|Agility|p2a: Thundurus
|-boost|p2a: Thundurus|spe|2
|
|-damage|p1a: Jolteon|64\/100|[from] Leech Seed|[of] p2a: Thundurus
|-heal|p2a: Thundurus|19\/100|[silent]
|upkeep
|turn|6


|c|☆aausma|IT LIVED


|
|-zpower|p2a: Thundurus
|move|p2a: Thundurus|All-Out Pummeling|p1a: Jolteon|[zeffect]
|-damage|p1a: Jolteon|30\/100
|move|p1a: Jolteon|Hidden Power|p2a: Thundurus
|-supereffective|p2a: Thundurus
|-crit|p2a: Thundurus
|-damage|p2a: Thundurus|0 fnt
|faint|p2a: Thundurus
|
|upkeep


|c|☆aausma|IM DEAD


|c|☆aausma|wait im alive


|
|switch|p2a: Kommo-o|Kommo-o, F|100\/100
|-damage|p2a: Kommo-o|94\/100|[from] Stealth Rock
|turn|7


|c| H2OPulse|yeah there is so much SpD on this


|
|detailschange|p2a: Kommo-o|Kommo-o-Mega, F
|-mega|p2a: Kommo-o|Kommo-o|Kommonite
|move|p1a: Jolteon|Hidden Power|p2a: Kommo-o
|-supereffective|p2a: Kommo-o
|-damage|p2a: Kommo-o|29\/100
|move|p2a: Kommo-o|Dragon Dance|p2a: Kommo-o
|-boost|p2a: Kommo-o|atk|1
|-boost|p2a: Kommo-o|spe|1
|
|-damage|p1a: Jolteon|17\/100|[from] Leech Seed|[of] p2a: Kommo-o
|-heal|p2a: Kommo-o|41\/100|[silent]
|upkeep
|turn|8


|
|move|p1a: Jolteon|Hidden Power|p2a: Kommo-o
|-supereffective|p2a: Kommo-o
|-damage|p2a: Kommo-o|0 fnt
|faint|p2a: Kommo-o
|
|upkeep


|c|☆Hematemesis|i thought you'd switch


|
|switch|p2a: Clefable|Clefable, M|100\/100
|turn|9


|c|☆aausma|jolteon going crazy


|c|☆aausma|i had no reason to


|
|move|p1a: Jolteon|Thunderbolt|p2a: Clefable
|-damage|p2a: Clefable|46\/100
|move|p2a: Clefable|Wish|p2a: Clefable
|
|-heal|p2a: Clefable|52\/100|[from] item: Leftovers
|-damage|p1a: Jolteon|5\/100|[from] Leech Seed|[of] p2a: Clefable
|-heal|p2a: Clefable|62\/100|[silent]
|upkeep
|turn|10


|
|switch|p1a: Bisharp|Bisharp, M|100\/100
|move|p2a: Clefable|Protect||[still]
|-fail|p2a: Clefable
|
|-heal|p2a: Clefable|100\/100|[from] move: Wish|[wisher] Clefable
|upkeep
|turn|11


|
|move|p1a: Bisharp|Swords Dance|p1a: Bisharp
|-boost|p1a: Bisharp|atk|2
|move|p2a: Clefable|Teleport|p2a: Clefable


|
|switch|p2a: Celesteela|Celesteela|100\/100|[from]move: Teleport
|-damage|p2a: Celesteela|88\/100|[from] Stealth Rock
|
|-heal|p2a: Celesteela|94\/100|[from] item: Leftovers
|upkeep
|turn|12


|
|move|p1a: Bisharp|Knock Off|p2a: Celesteela
|-damage|p2a: Celesteela|0 fnt
|-enditem|p2a: Celesteela|Leftovers|[from] move: Knock Off|[of] p1a: Bisharp
|faint|p2a: Celesteela
|
|upkeep


|
|switch|p2a: Mew|Mew|100\/100
|-damage|p2a: Mew|88\/100|[from] Stealth Rock
|turn|13


|c| H2OPulse|wHEW


|c|☆Hematemesis|f


|c| Coppersmith|wow


|-message|Hematemesis forfeited.


|
|win|aausma


|c|☆Hematemesis|again


|c|☆aausma|gg


|c|☆Hematemesis|I got faked out


|c|☆Hematemesis|I thought Archeops was mega for some reason


|c|☆Hematemesis|ggs


|c|☆aausma|it is


|c| Coppersmith|tempestuous rly good holy crap


|c|☆aausma|this is double mega
</script>
</div>
<div class="battle-log battle-log-inline"><div class="inner"><div class="battle-options"><div style="padding-top: 3px; padding-right: 3px; text-align: right"><button class="icon button" name="openBattleOptions" title="Options">Battle Options</button></div></div><div class="inner message-log"><div class="chat"><small>☆aausma and ☆Hematemesis joined</small></div><div class=""><small>Format:</small> <br><strong>[Gen 8] Megas for All</strong></div><div class=""><small><em>HP Percentage Mod:</em> HP is shown in percentages</small></div><div class=""><small><em>Endless Battle Clause:</em> Forcing endless battles is banned</small></div><div class=""><small><em>OHKO Clause:</em> OHKO moves are banned</small></div><div class=""><small><em>Evasion Moves Clause:</em> Evasion moves are banned</small></div><div class=""><small><em>Species Clause:</em> Limit one of each Pokémon</small></div><div class=""><small><em>Dynamax Clause:</em> You cannot dynamax</small></div><div class=""><small><em>Sleep Clause Mod:</em> Limit one foe put to sleep</small></div><div class="chat battle-history"><strong>aausma's team:</strong> <em style="color:#445566;display:block;">Archeops / Jolteon / Rillaboom / Grimmsnarl / Bisharp / Volcarona</em></div><div class="chat battle-history"><strong>Hematemesis's team:</strong> <em style="color:#445566;display:block;">Clefable / Kommo-o / Celesteela / Rotom-Heat / Mew / Thundurus-Therian</em></div><div class="chat chatmessage-aausma"><strong style="color:#18a81f"><small>☆</small><span class="username" data-name="aausma">aausma</span>:</strong> <em>oh lord</em></div><div class="chat"><small> Coppersmith joined</small></div><div class="chat chatmessage-aausma"><strong style="color:#18a81f"><small>☆</small><span class="username" data-name="aausma">aausma</span>:</strong> <em>not the steela</em></div><div class="spacer battle-history"><br></div><div class="battle-history">Battle started between aausma and Hematemesis!<br></div><div class="spacer battle-history"><br></div><div class="battle-history">Go! <strong>Archeops</strong>!<br></div><div class="spacer battle-history"><br></div><div class="battle-history">Hematemesis sent out Rotom (<strong>Rotom-Heat</strong>)!<br></div><div class="spacer battle-history"><br></div><h2 class="battle-history">Turn 1</h2><div class="chat"><small>☆aausma left</small></div><div class="chat"><small>☆aausma joined</small></div><div class="chat chatmessage-aausma"><strong style="color:#18a81f"><small>☆</small><span class="username" data-name="aausma">aausma</span>:</strong> <em>pog</em></div><div class="chat chatmessage-aausma"><strong style="color:#18a81f"><small>☆</small><span class="username" data-name="aausma">aausma</span>:</strong> <em>pog</em></div><div class="spacer battle-history"><br></div><div class="battle-history">Archeops used <strong>Head Smash</strong>!<br></div><div class="battle-history"><small>It's super effective!</small><br></div><div class="battle-history"><small>A critical hit!</small><br></div><div class="battle-history"><small>(The opposing Rotom lost 100% of its health!)</small><br></div><div class="battle-history"><small>Archeops was damaged by the recoil!</small><br></div><div class="spacer battle-history"><br></div><div class="battle-history">The opposing Rotom fainted!<br></div><div class="spacer battle-history"><br></div><div class="battle-history">Hematemesis sent out <strong>Celesteela</strong>!<br></div><div class="spacer battle-history"><br></div><h2 class="battle-history">Turn 2</h2><div class="spacer battle-history"><br></div><div class="battle-history">Archeops used <strong>Stealth Rock</strong>!<br></div><div class="battle-history"><small>Pointed stones float in the air around the opposing team!</small><br></div><div class="spacer battle-history"><br></div><div class="battle-history">The opposing Celesteela used <strong>Heavy Slam</strong>!<br></div><div class="battle-history"><small>It's super effective!</small><br></div><div class="battle-history"><small>(Archeops lost 59% of its health!)</small><br></div><div class="spacer battle-history"><br></div><div class="battle-history">Archeops fainted!<br></div><div class="battle-history">[The opposing Celesteela's Beast Boost]<br></div><div class="battle-history"><small>The opposing Celesteela's Sp. Def rose!</small><br></div><div class="spacer battle-history"><br></div><div class="battle-history">Go! <strong>Jolteon</strong>!<br></div><div class="spacer battle-history"><br></div><h2 class="battle-history">Turn 3</h2><div class="chat"><small> inkbug1 and  H2OPulse joined</small></div><div class="spacer battle-history"><br></div><div class="battle-history"><small>Jolteon's Jolteonite is reacting to the Key Stone!</small><br>Jolteon has Mega Evolved into Mega Jolteon!<br></div><div class="battle-history">[Jolteon's Tempestuous]<br></div><div class="battle-history"><small>Jolteon's Sp. Def rose!</small><br></div><div class="spacer battle-history"><br></div><div class="battle-history">Jolteon used <strong>Calm Mind</strong>!<br></div><div class="battle-history"><small>Jolteon's Sp. Atk rose!</small><br></div><div class="battle-history"><small>Jolteon's Sp. Def rose!</small><br></div><div class="spacer battle-history"><br></div><div class="battle-history">The opposing Celesteela used <strong>Leech Seed</strong>!<br></div><div class="battle-history"><small>Jolteon was seeded!</small><br></div><div class="spacer battle-history"><br></div><div class="battle-history"><small>Jolteon's health is sapped by Leech Seed!</small><br></div><div class="spacer battle-history"><br></div><h2 class="battle-history">Turn 4</h2><div class="chat chatmessage-h2opulse mine"><strong style="color:#6e8c2b"><small> </small><span class="username" data-name="H2OPulse">H2OPulse</span>:</strong> <em>Oh nice!!! Good luck both! O:</em></div><div class="spacer battle-history"><br></div><div class="battle-history">Hematemesis withdrew Celesteela!<br></div><div class="battle-history">Hematemesis sent out Thundurus (<strong>Thundurus-Therian</strong>)!<br></div><div class="battle-history"><small>Pointed stones dug into the opposing Thundurus!</small><br></div><div class="spacer battle-history"><br></div><div class="battle-history">Jolteon used <strong>Thunderbolt</strong>!<br></div><div class="battle-history">[The opposing Thundurus's Volt Absorb]<br><small>The opposing Thundurus had its HP restored.</small><br></div><div class="spacer battle-history"><br></div><div class="battle-history"><small>Jolteon's health is sapped by Leech Seed!</small><br></div><div class="spacer battle-history"><br></div><h2 class="battle-history">Turn 5</h2><div class="chat chatmessage-h2opulse mine"><strong style="color:#6e8c2b"><small> </small><span class="username" data-name="H2OPulse">H2OPulse</span>:</strong> <em>Aaaa Mega Jolteon sweet</em></div><div class="chat chatmessage-aausma"><strong style="color:#18a81f"><small>☆</small><span class="username" data-name="aausma">aausma</span>:</strong> <em>frick</em></div><div class="spacer battle-history"><br></div><div class="battle-history">Jolteon used <strong>Hidden Power</strong>!<br></div><div class="battle-history"><small>It's super effective!</small><br></div><div class="battle-history"><small>(The opposing Thundurus lost 94% of its health!)</small><br></div><div class="spacer battle-history"><br></div><div class="battle-history">The opposing Thundurus used <strong>Agility</strong>!<br></div><div class="battle-history"><small>The opposing Thundurus's Speed rose sharply!</small><br></div><div class="spacer battle-history"><br></div><div class="battle-history"><small>Jolteon's health is sapped by Leech Seed!</small><br></div><div class="spacer battle-history"><br></div><h2 class="battle-history">Turn 6</h2><div class="chat chatmessage-aausma"><strong style="color:#18a81f"><small>☆</small><span class="username" data-name="aausma">aausma</span>:</strong> <em>IT LIVED</em></div><div class="spacer battle-history"><br></div><div class="battle-history"><small>The opposing Thundurus surrounded itself with its Z-Power!</small><br></div><div class="spacer battle-history"><br></div><div class="battle-history"><small>The opposing Thundurus unleashes its full-force Z-Move!</small><br>The opposing Thundurus used <strong>All-Out Pummeling</strong>!<br></div><div class="battle-history"><small>(Jolteon lost 34% of its health!)</small><br></div><div class="spacer battle-history"><br></div><div class="battle-history">Jolteon used <strong>Hidden Power</strong>!<br></div><div class="battle-history"><small>It's super effective!</small><br></div><div class="battle-history"><small>A critical hit!</small><br></div><div class="battle-history"><small>(The opposing Thundurus lost 19% of its health!)</small><br></div><div class="spacer battle-history"><br></div><div class="battle-history">The opposing Thundurus fainted!<br></div><div class="chat chatmessage-aausma"><strong style="color:#18a81f"><small>☆</small><span class="username" data-name="aausma">aausma</span>:</strong> <em>IM DEAD</em></div><div class="chat chatmessage-aausma"><strong style="color:#18a81f"><small>☆</small><span class="username" data-name="aausma">aausma</span>:</strong> <em>wait im alive</em></div><div class="spacer battle-history"><br></div><div class="battle-history">Hematemesis sent out <strong>Kommo-o</strong>!<br></div><div class="battle-history"><small>Pointed stones dug into the opposing Kommo-o!</small><br></div><div class="spacer battle-history"><br></div><h2 class="battle-history">Turn 7</h2><div class="chat chatmessage-h2opulse mine"><strong style="color:#6e8c2b"><small> </small><span class="username" data-name="H2OPulse">H2OPulse</span>:</strong> <em>yeah there is so much SpD on this</em></div><div class="spacer battle-history"><br></div><div class="battle-history"><small>The opposing Kommo-o's Kommonite is reacting to the Key Stone!</small><br>The opposing Kommo-o has Mega Evolved into Mega Kommo-o!<br></div><div class="spacer battle-history"><br></div><div class="battle-history">Jolteon used <strong>Hidden Power</strong>!<br></div><div class="battle-history"><small>It's super effective!</small><br></div><div class="battle-history"><small>(The opposing Kommo-o lost 65% of its health!)</small><br></div><div class="spacer battle-history"><br></div><div class="battle-history">The opposing Kommo-o used <strong>Dragon Dance</strong>!<br></div><div class="battle-history"><small>The opposing Kommo-o's Attack rose!</small><br></div><div class="battle-history"><small>The opposing Kommo-o's Speed rose!</small><br></div><div class="spacer battle-history"><br></div><div class="battle-history"><small>Jolteon's health is sapped by Leech Seed!</small><br></div><div class="spacer battle-history"><br></div><h2 class="battle-history">Turn 8</h2><div class="spacer battle-history"><br></div><div class="battle-history">Jolteon used <strong>Hidden Power</strong>!<br></div><div class="battle-history"><small>It's super effective!</small><br></div><div class="battle-history"><small>(The opposing Kommo-o lost 41% of its health!)</small><br></div><div class="spacer battle-history"><br></div><div class="battle-history">The opposing Kommo-o fainted!<br></div><div class="chat chatmessage-hematemesis"><strong style="color:#9412d5"><small>☆</small><span class="username" data-name="Hematemesis">Hematemesis</span>:</strong> <em>i thought you'd switch</em></div><div class="spacer battle-history"><br></div><div class="battle-history">Hematemesis sent out <strong>Clefable</strong>!<br></div><div class="spacer battle-history"><br></div><h2 class="battle-history">Turn 9</h2><div class="chat chatmessage-aausma"><strong style="color:#18a81f"><small>☆</small><span class="username" data-name="aausma">aausma</span>:</strong> <em>jolteon going crazy</em></div><div class="chat chatmessage-aausma"><strong style="color:#18a81f"><small>☆</small><span class="username" data-name="aausma">aausma</span>:</strong> <em>i had no reason to</em></div><div class="spacer battle-history"><br></div><div class="battle-history">Jolteon used <strong>Thunderbolt</strong>!<br></div><div class="battle-history"><small>(The opposing Clefable lost 54% of its health!)</small><br></div><div class="spacer battle-history"><br></div><div class="battle-history">The opposing Clefable used <strong>Wish</strong>!<br></div><div class="spacer battle-history"><br></div><div class="battle-history"><small>The opposing Clefable restored a little HP using its Leftovers!</small><br></div><div class="battle-history"><small>Jolteon's health is sapped by Leech Seed!</small><br></div><div class="spacer battle-history"><br></div><h2 class="battle-history">Turn 10</h2><div class="spacer battle-history"><br></div><div class="battle-history">Jolteon, come back!<br></div><div class="battle-history">Go! <strong>Bisharp</strong>!<br></div><div class="spacer battle-history"><br></div><div class="battle-history">The opposing Clefable used <strong>Protect</strong>!<br></div><div class="battle-history"><small>But it failed!</small><br></div><div class="spacer battle-history"><br></div><div class="battle-history"><small>Clefable's wish came true!</small><br></div><div class="spacer battle-history"><br></div><h2 class="battle-history">Turn 11</h2><div class="spacer battle-history"><br></div><div class="battle-history">Bisharp used <strong>Swords Dance</strong>!<br></div><div class="battle-history"><small>Bisharp's Attack rose sharply!</small><br></div><div class="spacer battle-history"><br></div><div class="battle-history">The opposing Clefable used <strong>Teleport</strong>!<br></div><div class="spacer battle-history"><br></div><div class="battle-history">Hematemesis withdrew Clefable!<br></div><div class="battle-history">Hematemesis sent out <strong>Celesteela</strong>!<br></div><div class="battle-history"><small>Pointed stones dug into the opposing Celesteela!</small><br></div><div class="spacer battle-history"><br></div><div class="battle-history"><small>The opposing Celesteela restored a little HP using its Leftovers!</small><br></div><div class="spacer battle-history"><br></div><h2 class="battle-history">Turn 12</h2><div class="spacer battle-history"><br></div><div class="battle-history">Bisharp used <strong>Knock Off</strong>!<br></div><div class="battle-history"><small>(The opposing Celesteela lost 94% of its health!)</small><br></div><div class="battle-history"><small>Bisharp knocked off the opposing Celesteela's Leftovers!</small><br></div><div class="spacer battle-history"><br></div><div class="battle-history">The opposing Celesteela fainted!<br></div><div class="spacer battle-history"><br></div><div class="battle-history">Hematemesis sent out <strong>Mew</strong>!<br></div><div class="battle-history"><small>Pointed stones dug into the opposing Mew!</small><br></div><div class="spacer battle-history"><br></div><h2 class="battle-history">Turn 13</h2><div class="chat chatmessage-h2opulse mine"><strong style="color:#6e8c2b"><small> </small><span class="username" data-name="H2OPulse">H2OPulse</span>:</strong> <em>wHEW</em></div><div class="chat chatmessage-hematemesis"><strong style="color:#9412d5"><small>☆</small><span class="username" data-name="Hematemesis">Hematemesis</span>:</strong> <em>f</em></div><div class="chat chatmessage-coppersmith"><strong style="color:#0aa445"><small> </small><span class="username" data-name="Coppersmith">Coppersmith</span>:</strong> <em>wow</em></div><div class="spacer battle-history"><br></div><div class="battle-history"><small>Hematemesis forfeited.</small><br></div><div class="spacer battle-history"><br></div><div class="battle-history"><strong>aausma</strong> won the battle!<br></div><div class="chat chatmessage-hematemesis"><strong style="color:#9412d5"><small>☆</small><span class="username" data-name="Hematemesis">Hematemesis</span>:</strong> <em>again</em></div><div class="chat chatmessage-aausma"><strong style="color:#18a81f"><small>☆</small><span class="username" data-name="aausma">aausma</span>:</strong> <em>gg</em></div><div class="chat chatmessage-hematemesis"><strong style="color:#9412d5"><small>☆</small><span class="username" data-name="Hematemesis">Hematemesis</span>:</strong> <em>I got faked out</em></div><div class="chat chatmessage-hematemesis"><strong style="color:#9412d5"><small>☆</small><span class="username" data-name="Hematemesis">Hematemesis</span>:</strong> <em>I thought Archeops was mega for some reason</em></div><div class="chat chatmessage-hematemesis"><strong style="color:#9412d5"><small>☆</small><span class="username" data-name="Hematemesis">Hematemesis</span>:</strong> <em>ggs</em></div><div class="chat chatmessage-aausma"><strong style="color:#18a81f"><small>☆</small><span class="username" data-name="aausma">aausma</span>:</strong> <em>it is</em></div><div class="chat chatmessage-coppersmith"><strong style="color:#0aa445"><small> </small><span class="username" data-name="Coppersmith">Coppersmith</span>:</strong> <em>tempestuous rly good holy crap</em></div><div class="chat chatmessage-aausma"><strong style="color:#18a81f"><small>☆</small><span class="username" data-name="aausma">aausma</span>:</strong> <em>this is double mega</em></div></div><div class="inner-preempt message-log"></div></div></div>
</div>
<script>
let daily = Math.floor(Date.now()/1000/60/60/24);document.write('<script src="https://play.pokemonshowdown.com/js/replay-embed.js?version'+daily+'"></'+'script>');
</script>
