<!DOCTYPE html>
<meta charset="utf-8" />
<!-- version 1 -->
<title>[Gen 8] M4A VGC replay: pupugugu vs. ASnomPlaysShowdown</title>
<style>
html,body {font-family:Verdana, sans-serif;font-size:10pt;margin:0;padding:0;}body{padding:12px 0;} .battle-log {font-family:Verdana, sans-serif;font-size:10pt;} .battle-log-inline {border:1px solid #AAAAAA;background:#EEF2F5;color:black;max-width:640px;margin:0 auto 80px;padding-bottom:5px;} .battle-log .inner {padding:4px 8px 0px 8px;} .battle-log .inner-preempt {padding:0 8px 4px 8px;} .battle-log .inner-after {margin-top:0.5em;} .battle-log h2 {margin:0.5em -8px;padding:4px 8px;border:1px solid #AAAAAA;background:#E0E7EA;border-left:0;border-right:0;font-family:Verdana, sans-serif;font-size:13pt;} .battle-log .chat {vertical-align:middle;padding:3px 0 3px 0;font-size:8pt;} .battle-log .chat strong {color:#40576A;} .battle-log .chat em {padding:1px 4px 1px 3px;color:#000000;font-style:normal;} .chat.mine {background:rgba(0,0,0,0.05);margin-left:-8px;margin-right:-8px;padding-left:8px;padding-right:8px;} .spoiler {color:#BBBBBB;background:#BBBBBB;padding:0px 3px;} .spoiler:hover, .spoiler:active, .spoiler-shown {color:#000000;background:#E2E2E2;padding:0px 3px;} .spoiler a {color:#BBBBBB;} .spoiler:hover a, .spoiler:active a, .spoiler-shown a {color:#2288CC;} .chat code, .chat .spoiler:hover code, .chat .spoiler:active code, .chat .spoiler-shown code {border:1px solid #C0C0C0;background:#EEEEEE;color:black;padding:0 2px;} .chat .spoiler code {border:1px solid #CCCCCC;background:#CCCCCC;color:#CCCCCC;} .battle-log .rated {padding:3px 4px;} .battle-log .rated strong {color:white;background:#89A;padding:1px 4px;border-radius:4px;} .spacer {margin-top:0.5em;} .message-announce {background:#6688AA;color:white;padding:1px 4px 2px;} .message-announce a, .broadcast-green a, .broadcast-blue a, .broadcast-red a {color:#DDEEFF;} .broadcast-green {background-color:#559955;color:white;padding:2px 4px;} .broadcast-blue {background-color:#6688AA;color:white;padding:2px 4px;} .infobox {border:1px solid #6688AA;padding:2px 4px;} .infobox-limited {max-height:200px;overflow:auto;overflow-x:hidden;} .broadcast-red {background-color:#AA5544;color:white;padding:2px 4px;} .message-learn-canlearn {font-weight:bold;color:#228822;text-decoration:underline;} .message-learn-cannotlearn {font-weight:bold;color:#CC2222;text-decoration:underline;} .message-effect-weak {font-weight:bold;color:#CC2222;} .message-effect-resist {font-weight:bold;color:#6688AA;} .message-effect-immune {font-weight:bold;color:#666666;} .message-learn-list {margin-top:0;margin-bottom:0;} .message-throttle-notice, .message-error {color:#992222;} .message-overflow, .chat small.message-overflow {font-size:0pt;} .message-overflow::before {font-size:9pt;content:'...';} .subtle {color:#3A4A66;}
</style>
<div class="wrapper replay-wrapper" style="max-width:1180px;margin:0 auto">
<input type="hidden" name="replayid" value="dragonheaven-gen8m4avgc-283" />
<div class="battle"></div><div class="battle-log"></div><div class="replay-controls"></div><div class="replay-controls-2"></div>
<h1 style="font-weight:normal;text-align:center"><strong>[Gen 8] M4A VGC</strong><br /><a href="http://pokemonshowdown.com/users/pupugugu" class="subtle" target="_blank">pupugugu</a> vs. <a href="http://pokemonshowdown.com/users/asnomplaysshowdown" class="subtle" target="_blank">ASnomPlaysShowdown</a></h1>
<script type="text/plain" class="battle-log-data">|j|☆pupugugu
|j|☆ASnomPlaysShowdown
|t:|1615143959
|player|p1|pupugugu|acetrainerf|
|player|p2|ASnomPlaysShowdown|hugh|
|teamsize|p1|6
|teamsize|p2|6
|gametype|doubles
|gen|8
|tier|[Gen 8] M4A VGC
|clearpoke
|poke|p1|Moltres-Galar, L50|
|poke|p1|Delibird, L50, M|
|poke|p1|Raichu, L50, M|
|poke|p1|Vivillon, L50, F|
|poke|p1|Tapu Fini, L50|
|poke|p1|Celesteela, L50|
|poke|p2|Araquanid, L50, M|
|poke|p2|Dusclops, L50, M|
|poke|p2|Landorus-Therian, L50, M|
|poke|p2|Incineroar, L50, F|
|poke|p2|Regieleki, L50|
|poke|p2|Amoonguss, L50, F|
|rule|Species Clause: Limit one of each Pokémon
|rule|Item Clause: Limit one of each item
|rule|Dynamax Clause: You cannot dynamax
|raw|<img src="https:\/\/www.smogon.com\/forums\/attachments\/banner_2-png.302358\/" height="65" width="381">
|-message|Welcome to Megas for All!
|-message|This is a National Dex-based format where we aim to give a new Mega Evolution to every Pokémon.
|-message|Just like any official format, you can still only Mega Evolve one Pokémon per team!
|-message|You can find our thread and metagame resources here:
|-message|https:\/\/www.smogon.com\/forums\/threads\/3671140\/
|teampreview|4
|j| Woopersons42 ☭
|c|☆ASnomPlaysShowdown|Gl hf
|l| Woopersons42 ☭
|c|☆pupugugu|glhf
|
|t:|1615143993
|start
|switch|p1a: Moltres|Moltres-Galar, L50|48\/48
|switch|p1b: Vivillon|Vivillon, L50, F|48\/48
|switch|p2a: Regieleki|Regieleki, L50|48\/48
|switch|p2b: Incineroar|Incineroar, L50, F|48\/48
|-ability|p2b: Incineroar|Intimidate|boost
|-unboost|p1a: Moltres|atk|1
|-unboost|p1b: Vivillon|atk|1
|turn|1
|j|+inkbug1

|
|t:|1615144009
|move|p1b: Vivillon|Protect|p1b: Vivillon
|-singleturn|p1b: Vivillon|Protect
|move|p1a: Moltres|Protect|p1a: Moltres
|-singleturn|p1a: Moltres|Protect
|move|p2a: Regieleki|Light Screen|p2a: Regieleki
|-sidestart|p2: ASnomPlaysShowdown|move: Light Screen
|move|p2b: Incineroar|Darkest Lariat|p1b: Vivillon
|-activate|p1b: Vivillon|move: Protect
|
|upkeep
|turn|2
|
|t:|1615144022
|move|p2a: Regieleki|Reflect|p2a: Regieleki
|-sidestart|p2: ASnomPlaysShowdown|Reflect
|move|p1b: Vivillon|Sleep Powder|p2a: Regieleki
|-status|p2a: Regieleki|slp|[from] move: Sleep Powder
|move|p1a: Moltres|Agility|p1a: Moltres
|-boost|p1a: Moltres|spe|2
|move|p2b: Incineroar|Flare Blitz|p1b: Vivillon
|-supereffective|p1b: Vivillon
|-enditem|p1b: Vivillon|Focus Sash
|-damage|p1b: Vivillon|1\/48
|-damage|p2b: Incineroar|33\/48|[from] Recoil
|
|upkeep
|turn|3
|
|t:|1615144038
|move|p1a: Moltres|Air Slash|p2b: Incineroar|[miss]
|-miss|p1a: Moltres|p2b: Incineroar
|cant|p2a: Regieleki|slp
|move|p1b: Vivillon|Draining Kiss|p2b: Incineroar
|-damage|p2b: Incineroar|31\/48
|-heal|p1b: Vivillon|2\/48|[from] drain|[of] p2b: Incineroar
|move|p2b: Incineroar|Parting Shot|p1a: Moltres
|-unboost|p1a: Moltres|atk|1
|-unboost|p1a: Moltres|spa|1
|c|☆pupugugu|oh i misclicked whoops
|c|☆ASnomPlaysShowdown|F
|c|☆pupugugu|ah well! nbd
|
|t:|1615144058
|switch|p2b: Araquanid|Araquanid, L50, M|48\/48|[from]move: Parting Shot
|
|upkeep
|turn|4
|
|t:|1615144076
|detailschange|p2b: Araquanid|Araquanid-Mega, L50, M
|-mega|p2b: Araquanid|Araquanid|Araquanite
|-start|p2b: Araquanid|typechange|Water\/Bug|[silent]
|raw|<ul class="utilichart"><li class="result"><span class="col pokemonnamecol" style="white-space: nowrap">Araquanid-Mega<\/span> <span class="col typecol"><img src="https:\/\/play.pokemonshowdown.com\/sprites\/types\/Water.png" alt="Water" height="14" width="32"><img src="https:\/\/play.pokemonshowdown.com\/sprites\/types\/Bug.png" alt="Bug" height="14" width="32"><\/span> <span style="float: left ; min-height: 26px"><span class="col abilitycol">Body of Water<\/span><span class="col abilitycol"><\/span><\/span><span style="float: left ; min-height: 26px"><span class="col statcol"><em>HP<\/em><br>68<\/span> <span class="col statcol"><em>Atk<\/em><br>70<\/span> <span class="col statcol"><em>Def<\/em><br>147<\/span> <span class="col statcol"><em>SpA<\/em><br>50<\/span> <span class="col statcol"><em>SpD<\/em><br>177<\/span> <span class="col statcol"><em>Spe<\/em><br>42<\/span> <\/span><\/li><li style="clear: both"><\/li><\/ul>
|move|p2b: Araquanid|Protect|p2b: Araquanid
|-singleturn|p2b: Araquanid|Protect
|move|p1a: Moltres|Fiery Wrath|p2a: Regieleki|[spread] p2a
|-activate|p2b: Araquanid|move: Protect
|-damage|p2a: Regieleki|34\/48 slp
|-curestatus|p2a: Regieleki|slp|[msg]
|move|p2a: Regieleki|Electroweb|p1b: Vivillon|[spread] p1a,p1b
|-supereffective|p1a: Moltres
|-supereffective|p1b: Vivillon
|-damage|p1a: Moltres|22\/48
|-damage|p1b: Vivillon|0 fnt
|-unboost|p1a: Moltres|spe|1
|-enditem|p1a: Moltres|Weakness Policy
|-boost|p1a: Moltres|atk|2|[from] item: Weakness Policy
|-boost|p1a: Moltres|spa|2|[from] item: Weakness Policy
|-ability|p1a: Moltres|Berserk|boost
|-boost|p1a: Moltres|spa|1
|faint|p1b: Vivillon
|
|upkeep
|
|t:|1615144082
|switch|p1b: Delibird|Delibird, L50, M|48\/48
|turn|5
|
|t:|1615144100
|move|p1b: Delibird|Fake Out|p2a: Regieleki
|-damage|p2a: Regieleki|30\/48
|cant|p2a: Regieleki|flinch
|move|p1a: Moltres|Fiery Wrath|p2a: Regieleki|[spread] p2a,p2b
|-damage|p2a: Regieleki|0 fnt
|-damage|p2b: Araquanid|36\/48
|faint|p2a: Regieleki
|move|p2b: Araquanid|Iron Defense|p2b: Araquanid
|-boost|p2b: Araquanid|def|2
|
|upkeep
|
|t:|1615144108
|switch|p2a: Incineroar|Incineroar, L50, F|31\/48
|-ability|p2a: Incineroar|Intimidate|boost
|-unboost|p1a: Moltres|atk|1
|-unboost|p1b: Delibird|atk|1
|turn|6
|
|t:|1615144118
|detailschange|p1b: Delibird|Delibird-Mega, L50, M
|-mega|p1b: Delibird|Delibird|Delibirdite
|-ability|p1b: Delibird|Spirit of Giving
|-item|p1a: Moltres|Weakness Policy|[from] Ability: Spirit of Giving
|-start|p1b: Delibird|typechange|Ice\/Flying|[silent]
|raw|<ul class="utilichart"><li class="result"><span class="col pokemonnamecol" style="white-space: nowrap">Delibird-Mega<\/span> <span class="col typecol"><img src="https:\/\/play.pokemonshowdown.com\/sprites\/types\/Ice.png" alt="Ice" height="14" width="32"><img src="https:\/\/play.pokemonshowdown.com\/sprites\/types\/Flying.png" alt="Flying" height="14" width="32"><\/span> <span style="float: left ; min-height: 26px"><span class="col abilitycol">Spirit of Giving<\/span><span class="col abilitycol"><\/span><\/span><span style="float: left ; min-height: 26px"><span class="col statcol"><em>HP<\/em><br>45<\/span> <span class="col statcol"><em>Atk<\/em><br>25<\/span> <span class="col statcol"><em>Def<\/em><br>120<\/span> <span class="col statcol"><em>SpA<\/em><br>85<\/span> <span class="col statcol"><em>SpD<\/em><br>120<\/span> <span class="col statcol"><em>Spe<\/em><br>35<\/span> <\/span><\/li><li style="clear: both"><\/li><\/ul>
|move|p2a: Incineroar|Fake Out|p1b: Delibird
|-damage|p1b: Delibird|42\/48
|cant|p1b: Delibird|flinch
|move|p1a: Moltres|Fiery Wrath|p2b: Araquanid|[spread] p2a,p2b
|-resisted|p2a: Incineroar
|-damage|p2a: Incineroar|23\/48
|-damage|p2b: Araquanid|25\/48
|move|p2b: Araquanid|Liquidation|p1b: Delibird
|-damage|p1b: Delibird|0 fnt
|faint|p1b: Delibird
|
|upkeep
|
|t:|1615144122
|switch|p1b: Raichu|Raichu, L50, M|48\/48
|turn|7
|
|t:|1615144131
|switch|p2a: Amoonguss|Amoonguss, L50, F|48\/48
|move|p2b: Araquanid|Protect|p2b: Araquanid
|-singleturn|p2b: Araquanid|Protect
|move|p1b: Raichu|Fake Out|p2b: Araquanid
|-activate|p2b: Araquanid|move: Protect
|move|p1a: Moltres|Fiery Wrath|p2a: Amoonguss|[spread] p2a
|-activate|p2b: Araquanid|move: Protect
|-damage|p2a: Amoonguss|31\/48
|
|upkeep
|turn|8
|
|t:|1615144146
|move|p2a: Amoonguss|Rage Powder|p2a: Amoonguss
|-singleturn|p2a: Amoonguss|move: Rage Powder
|move|p1a: Moltres|Fiery Wrath|p2b: Araquanid|[spread] p2a,p2b
|-damage|p2a: Amoonguss|13\/48
|-damage|p2b: Araquanid|14\/48
|move|p1b: Raichu|Nuzzle|p2a: Amoonguss
|-resisted|p2a: Amoonguss
|-damage|p2a: Amoonguss|12\/48
|-status|p2a: Amoonguss|par
|cant|p2b: Araquanid|flinch
|
|-sideend|p2: ASnomPlaysShowdown|move: Light Screen
|upkeep
|turn|9
|c|☆ASnomPlaysShowdown|Oof.
|
|t:|1615144171
|move|p2a: Amoonguss|Rage Powder|p2a: Amoonguss
|-singleturn|p2a: Amoonguss|move: Rage Powder
|move|p1a: Moltres|Fiery Wrath|p2a: Amoonguss|[spread] p2a,p2b
|-damage|p2a: Amoonguss|0 fnt
|-damage|p2b: Araquanid|0 fnt
|faint|p2a: Amoonguss
|faint|p2b: Araquanid
|move|p1b: Raichu|Volt Switch|p2: Amoonguss|[notarget]
|-fail|p1b: Raichu
|
|-sideend|p2: ASnomPlaysShowdown|Reflect
|upkeep
|
|t:|1615144177
|switch|p2a: Incineroar|Incineroar, L50, F|23\/48
|-ability|p2a: Incineroar|Intimidate|boost
|-unboost|p1a: Moltres|atk|1
|-unboost|p1b: Raichu|atk|1
|turn|10
|
|t:|1615144185
|move|p2a: Incineroar|Fake Out|p1b: Raichu
|-damage|p1b: Raichu|35\/48
|move|p1a: Moltres|Air Slash|p2a: Incineroar
|-damage|p2a: Incineroar|0 fnt
|faint|p2a: Incineroar
|
|win|pupugugu
|c|☆ASnomPlaysShowdown|Gg
|c|☆pupugugu|gg
|l|☆pupugugu
|j| H2OPulse
|l|☆ASnomPlaysShowdown
|l| H2OPulse</script>
</div>
<div class="battle-log battle-log-inline"><div class="inner"><div class="battle-options"><div style="padding-top: 3px; padding-right: 3px; text-align: right"><button class="icon button" name="openBattleOptions" title="Options">Battle Options</button></div></div><div class="inner message-log"><div class="chat"><small>☆pupugugu and ☆ASnomPlaysShowdown joined</small></div><div class=""><small>Format:</small> <br><strong>[Gen 8] M4A VGC</strong></div><div class=""><small><em>Species Clause:</em> Limit one of each Pokémon</small></div><div class=""><small><em>Item Clause:</em> Limit one of each item</small></div><div class=""><small><em>Dynamax Clause:</em> You cannot dynamax</small></div><div class="chat"><img src="https://www.smogon.com/forums/attachments/banner_2-png.302358/" height="65" width="381"></div><div class="spacer battle-history"><br></div><div class="battle-history"><small>Welcome to Megas for All!</small><br></div><div class="battle-history"><small>This is a National Dex-based format where we aim to give a new Mega Evolution to every Pokémon.</small><br></div><div class="battle-history"><small>Just like any official format, you can still only Mega Evolve one Pokémon per team!</small><br></div><div class="battle-history"><small>You can find our thread and metagame resources here:</small><br></div><div class="battle-history"><small>https://www.smogon.com/forums/threads/3671140/</small><br></div><div class="chat battle-history"><strong>pupugugu's team:</strong> <em style="color:#445566;display:block;">Moltres-Galar / Delibird / Raichu / Vivillon / Tapu Fini / Celesteela</em></div><div class="chat battle-history"><strong>ASnomPlaysShowdown's team:</strong> <em style="color:#445566;display:block;">Araquanid / Dusclops / Landorus-Therian / Incineroar / Regieleki / Amoonguss</em></div><div class="chat"><small> Woopersons42 ☭ joined</small></div><div class="chat chatmessage-asnomplaysshowdown"><strong style="color:#1bb1b6"><small>☆</small><span class="username" data-name="ASnomPlaysShowdown">ASnomPlaysShowdown</span>:</strong> <em>Gl hf</em></div><div class="chat"><small> Woopersons42 ☭ left</small></div><div class="chat chatmessage-pupugugu"><strong style="color:#2b7b91"><small>☆</small><span class="username" data-name="pupugugu">pupugugu</span>:</strong> <em>glhf</em></div><div class="spacer battle-history"><br></div><div class="battle-history">Battle started between pupugugu and ASnomPlaysShowdown!<br></div><div class="spacer battle-history"><br></div><div class="battle-history">Go! Moltres (<strong>Moltres-Galar</strong>)!<br></div><div class="spacer battle-history"><br></div><div class="battle-history">Go! <strong>Vivillon</strong>!<br></div><div class="spacer battle-history"><br></div><div class="battle-history">ASnomPlaysShowdown sent out <strong>Regieleki</strong>!<br></div><div class="spacer battle-history"><br></div><div class="battle-history">ASnomPlaysShowdown sent out <strong>Incineroar</strong>!<br></div><div class="battle-history">[The opposing Incineroar's Intimidate]<br></div><div class="battle-history"><small>Moltres's Attack fell!</small><br></div><div class="battle-history"><small>Vivillon's Attack fell!</small><br></div><div class="spacer battle-history"><br></div><h2 class="battle-history">Turn 1</h2><div class="chat"><small>+inkbug1 joined</small></div><div class="spacer battle-history"><br></div><div class="battle-history">Vivillon used <strong>Protect</strong>!<br></div><div class="battle-history"><small>Vivillon protected itself!</small><br></div><div class="spacer battle-history"><br></div><div class="battle-history">Moltres used <strong>Protect</strong>!<br></div><div class="battle-history"><small>Moltres protected itself!</small><br></div><div class="spacer battle-history"><br></div><div class="battle-history">The opposing Regieleki used <strong>Light Screen</strong>!<br></div><div class="battle-history"><small>Light Screen made the opposing team stronger against special moves!</small><br></div><div class="spacer battle-history"><br></div><div class="battle-history">The opposing Incineroar used <strong>Darkest Lariat</strong>!<br></div><div class="battle-history"><small>Vivillon protected itself!</small><br></div><div class="spacer battle-history"><br></div><h2 class="battle-history">Turn 2</h2><div class="spacer battle-history"><br></div><div class="battle-history">The opposing Regieleki used <strong>Reflect</strong>!<br></div><div class="battle-history"><small>Reflect made the opposing team stronger against physical moves!</small><br></div><div class="spacer battle-history"><br></div><div class="battle-history">Vivillon used <strong>Sleep Powder</strong>!<br></div><div class="battle-history"><small>The opposing Regieleki fell asleep!</small><br></div><div class="spacer battle-history"><br></div><div class="battle-history">Moltres used <strong>Agility</strong>!<br></div><div class="battle-history"><small>Moltres's Speed rose sharply!</small><br></div><div class="spacer battle-history"><br></div><div class="battle-history">The opposing Incineroar used <strong>Flare Blitz</strong>!<br></div><div class="battle-history"><small>It's super effective!</small><br></div><div class="battle-history"><small>Vivillon hung on using its Focus Sash!</small><br></div><div class="battle-history"><small>(Vivillon lost <abbr title="−47/48 pixels">95.9–99.9%</abbr> of its health!)</small><br></div><div class="battle-history"><small>The opposing Incineroar was damaged by the recoil!</small><br></div><div class="spacer battle-history"><br></div><h2 class="battle-history">Turn 3</h2><div class="spacer battle-history"><br></div><div class="battle-history">Moltres used <strong>Air Slash</strong>!<br></div><div class="battle-history"><small>The opposing Incineroar avoided the attack!</small><br></div><div class="spacer battle-history"><br></div><div class="battle-history">The opposing Regieleki is fast asleep.<br></div><div class="spacer battle-history"><br></div><div class="battle-history">Vivillon used <strong>Draining Kiss</strong>!<br></div><div class="battle-history"><small>(The opposing Incineroar lost <abbr title="−2/48 pixels">2.2–6.2%</abbr> of its health!)</small><br></div><div class="battle-history"><small>The opposing Incineroar had its energy drained!</small><br></div><div class="spacer battle-history"><br></div><div class="battle-history">The opposing Incineroar used <strong>Parting Shot</strong>!<br></div><div class="battle-history"><small>Moltres's Attack fell!</small><br></div><div class="battle-history"><small>Moltres's Sp. Atk fell!</small><br></div><div class="chat chatmessage-pupugugu"><strong style="color:#2b7b91"><small>☆</small><span class="username" data-name="pupugugu">pupugugu</span>:</strong> <em>oh i misclicked whoops</em></div><div class="chat chatmessage-asnomplaysshowdown"><strong style="color:#1bb1b6"><small>☆</small><span class="username" data-name="ASnomPlaysShowdown">ASnomPlaysShowdown</span>:</strong> <em>F</em></div><div class="chat chatmessage-pupugugu"><strong style="color:#2b7b91"><small>☆</small><span class="username" data-name="pupugugu">pupugugu</span>:</strong> <em>ah well! nbd</em></div><div class="spacer battle-history"><br></div><div class="battle-history">ASnomPlaysShowdown withdrew Incineroar!<br></div><div class="battle-history">ASnomPlaysShowdown sent out <strong>Araquanid</strong>!<br></div><div class="spacer battle-history"><br></div><h2 class="battle-history">Turn 4</h2><div class="spacer battle-history"><br></div><div class="battle-history"><small>The opposing Araquanid's Araquanite is reacting to the Key Stone!</small><br>The opposing Araquanid has Mega Evolved into Mega Araquanid!<br></div><div class="chat"><ul class="utilichart"><li class="result"><span class="col pokemonnamecol" style="white-space: nowrap">Araquanid-Mega</span> <span class="col typecol"><img src="https://play.pokemonshowdown.com/sprites/types/Water.png" alt="Water" height="14" width="32"><img src="https://play.pokemonshowdown.com/sprites/types/Bug.png" alt="Bug" height="14" width="32"></span> <span style="float: left ; min-height: 26px"><span class="col abilitycol">Body of Water</span><span class="col abilitycol"></span></span><span style="float: left ; min-height: 26px"><span class="col statcol"><em>HP</em><br>68</span> <span class="col statcol"><em>Atk</em><br>70</span> <span class="col statcol"><em>Def</em><br>147</span> <span class="col statcol"><em>SpA</em><br>50</span> <span class="col statcol"><em>SpD</em><br>177</span> <span class="col statcol"><em>Spe</em><br>42</span> </span></li><li style="clear: both"></li></ul></div><div class="spacer battle-history"><br></div><div class="battle-history">The opposing Araquanid used <strong>Protect</strong>!<br></div><div class="battle-history"><small>The opposing Araquanid protected itself!</small><br></div><div class="spacer battle-history"><br></div><div class="battle-history">Moltres used <strong>Fiery Wrath</strong>!<br></div><div class="battle-history"><small>The opposing Araquanid protected itself!</small><br></div><div class="battle-history"><small>(The opposing Regieleki lost <abbr title="−14/48 pixels">27.2–29.2%</abbr> of its health!)</small><br></div><div class="battle-history"><small>The opposing Regieleki woke up!</small><br></div><div class="spacer battle-history"><br></div><div class="battle-history">The opposing Regieleki used <strong>Electroweb</strong>!<br></div><div class="battle-history"><small>It's super effective on Moltres!</small><br></div><div class="battle-history"><small>It's super effective on Vivillon!</small><br></div><div class="battle-history"><small>(Moltres lost <abbr title="−26/48 pixels">52.2–54.2%</abbr> of its health!)</small><br></div><div class="battle-history"><small>(Vivillon lost <abbr title="−2/48 pixels">4.2–6.2%</abbr> of its health!)</small><br></div><div class="battle-history"><small>Moltres's Speed fell!</small><br></div><div class="battle-history"><small>(Moltres used its Weakness Policy!)</small><br></div><div class="battle-history"><small>The Weakness Policy sharply raised Moltres's Attack!</small><br></div><div class="battle-history"><small>The Weakness Policy sharply raised Moltres's Sp. Atk!</small><br></div><div class="battle-history">[Moltres's Berserk]<br></div><div class="battle-history"><small>Moltres's Sp. Atk rose!</small><br></div><div class="spacer battle-history"><br></div><div class="battle-history">Vivillon fainted!<br></div><div class="spacer battle-history"><br></div><div class="battle-history">Go! <strong>Delibird</strong>!<br></div><div class="spacer battle-history"><br></div><h2 class="battle-history">Turn 5</h2><div class="spacer battle-history"><br></div><div class="battle-history">Delibird used <strong>Fake Out</strong>!<br></div><div class="battle-history"><small>(The opposing Regieleki lost <abbr title="−4/48 pixels">6.3–10.3%</abbr> of its health!)</small><br></div><div class="spacer battle-history"><br></div><div class="battle-history">The opposing Regieleki flinched and couldn't move!<br></div><div class="spacer battle-history"><br></div><div class="battle-history">Moltres used <strong>Fiery Wrath</strong>!<br></div><div class="battle-history"><small>(The opposing Regieleki lost <abbr title="−30/48 pixels">62.5–64.5%</abbr> of its health!)</small><br></div><div class="battle-history"><small>(The opposing Araquanid lost <abbr title="−12/48 pixels">23.0–25.0%</abbr> of its health!)</small><br></div><div class="spacer battle-history"><br></div><div class="battle-history">The opposing Regieleki fainted!<br></div><div class="battle-history">The opposing Araquanid used <strong>Iron Defense</strong>!<br></div><div class="battle-history"><small>The opposing Araquanid's Defense rose sharply!</small><br></div><div class="spacer battle-history"><br></div><div class="battle-history">ASnomPlaysShowdown sent out <strong>Incineroar</strong>!<br></div><div class="battle-history">[The opposing Incineroar's Intimidate]<br></div><div class="battle-history"><small>Moltres's Attack fell!</small><br></div><div class="battle-history"><small>Delibird's Attack fell!</small><br></div><div class="spacer battle-history"><br></div><h2 class="battle-history">Turn 6</h2><div class="spacer battle-history"><br></div><div class="battle-history"><small>Delibird's Delibirdite is reacting to the Key Stone!</small><br>Delibird has Mega Evolved into Mega Delibird!<br></div><div class="battle-history">[Delibird's Spirit of Giving]<br></div><div class="battle-history"><small>Moltres obtained one Weakness Policy.</small><br></div><div class="chat"><ul class="utilichart"><li class="result"><span class="col pokemonnamecol" style="white-space: nowrap">Delibird-Mega</span> <span class="col typecol"><img src="https://play.pokemonshowdown.com/sprites/types/Ice.png" alt="Ice" height="14" width="32"><img src="https://play.pokemonshowdown.com/sprites/types/Flying.png" alt="Flying" height="14" width="32"></span> <span style="float: left ; min-height: 26px"><span class="col abilitycol">Spirit of Giving</span><span class="col abilitycol"></span></span><span style="float: left ; min-height: 26px"><span class="col statcol"><em>HP</em><br>45</span> <span class="col statcol"><em>Atk</em><br>25</span> <span class="col statcol"><em>Def</em><br>120</span> <span class="col statcol"><em>SpA</em><br>85</span> <span class="col statcol"><em>SpD</em><br>120</span> <span class="col statcol"><em>Spe</em><br>35</span> </span></li><li style="clear: both"></li></ul></div><div class="spacer battle-history"><br></div><div class="battle-history">The opposing Incineroar used <strong>Fake Out</strong>!<br></div><div class="battle-history"><small>(Delibird lost <abbr title="−6/48 pixels">10.5–12.5%</abbr> of its health!)</small><br></div><div class="spacer battle-history"><br></div><div class="battle-history">Delibird flinched and couldn't move!<br></div><div class="spacer battle-history"><br></div><div class="battle-history">Moltres used <strong>Fiery Wrath</strong>!<br></div><div class="battle-history"><small>It's not very effective on the opposing Incineroar.</small><br></div><div class="battle-history"><small>(The opposing Incineroar lost <abbr title="−8/48 pixels">14.7–18.7%</abbr> of its health!)</small><br></div><div class="battle-history"><small>(The opposing Araquanid lost <abbr title="−11/48 pixels">20.9–24.9%</abbr> of its health!)</small><br></div><div class="spacer battle-history"><br></div><div class="battle-history">The opposing Araquanid used <strong>Liquidation</strong>!<br></div><div class="battle-history"><small>(Delibird lost <abbr title="−42/48 pixels">87.5–89.5%</abbr> of its health!)</small><br></div><div class="spacer battle-history"><br></div><div class="battle-history">Delibird fainted!<br></div><div class="spacer battle-history"><br></div><div class="battle-history">Go! <strong>Raichu</strong>!<br></div><div class="spacer battle-history"><br></div><h2 class="battle-history">Turn 7</h2><div class="spacer battle-history"><br></div><div class="battle-history">ASnomPlaysShowdown withdrew Incineroar!<br></div><div class="battle-history">ASnomPlaysShowdown sent out <strong>Amoonguss</strong>!<br></div><div class="spacer battle-history"><br></div><div class="battle-history">The opposing Araquanid used <strong>Protect</strong>!<br></div><div class="battle-history"><small>The opposing Araquanid protected itself!</small><br></div><div class="spacer battle-history"><br></div><div class="battle-history">Raichu used <strong>Fake Out</strong>!<br></div><div class="battle-history"><small>The opposing Araquanid protected itself!</small><br></div><div class="spacer battle-history"><br></div><div class="battle-history">Moltres used <strong>Fiery Wrath</strong>!<br></div><div class="battle-history"><small>The opposing Araquanid protected itself!</small><br></div><div class="battle-history"><small>(The opposing Amoonguss lost <abbr title="−17/48 pixels">33.4–35.4%</abbr> of its health!)</small><br></div><div class="spacer battle-history"><br></div><h2 class="battle-history">Turn 8</h2><div class="spacer battle-history"><br></div><div class="battle-history">The opposing Amoonguss used <strong>Rage Powder</strong>!<br></div><div class="battle-history"><small>The opposing Amoonguss became the center of attention!</small><br></div><div class="spacer battle-history"><br></div><div class="battle-history">Moltres used <strong>Fiery Wrath</strong>!<br></div><div class="battle-history"><small>(The opposing Amoonguss lost <abbr title="−18/48 pixels">35.5–39.5%</abbr> of its health!)</small><br></div><div class="battle-history"><small>(The opposing Araquanid lost <abbr title="−11/48 pixels">20.9–24.9%</abbr> of its health!)</small><br></div><div class="spacer battle-history"><br></div><div class="battle-history">Raichu used <strong>Nuzzle</strong>!<br></div><div class="battle-history"><small>It's not very effective...</small><br></div><div class="battle-history"><small>(The opposing Amoonguss lost <abbr title="−1/48 pixels">0.1–4.1%</abbr> of its health!)</small><br></div><div class="battle-history"><small>The opposing Amoonguss is paralyzed! It may be unable to move!</small><br></div><div class="spacer battle-history"><br></div><div class="battle-history">The opposing Araquanid flinched and couldn't move!<br></div><div class="spacer battle-history"><br></div><div class="battle-history"><small>The opposing team's Light Screen wore off!</small><br></div><div class="spacer battle-history"><br></div><h2 class="battle-history">Turn 9</h2><div class="chat chatmessage-asnomplaysshowdown"><strong style="color:#1bb1b6"><small>☆</small><span class="username" data-name="ASnomPlaysShowdown">ASnomPlaysShowdown</span>:</strong> <em>Oof.</em></div><div class="spacer battle-history"><br></div><div class="battle-history">The opposing Amoonguss used <strong>Rage Powder</strong>!<br></div><div class="battle-history"><small>The opposing Amoonguss became the center of attention!</small><br></div><div class="spacer battle-history"><br></div><div class="battle-history">Moltres used <strong>Fiery Wrath</strong>!<br></div><div class="battle-history"><small>(The opposing Amoonguss lost <abbr title="−12/48 pixels">25.0–27.0%</abbr> of its health!)</small><br></div><div class="battle-history"><small>(The opposing Araquanid lost <abbr title="−14/48 pixels">29.2–31.2%</abbr> of its health!)</small><br></div><div class="spacer battle-history"><br></div><div class="battle-history">The opposing Amoonguss fainted!<br></div><div class="battle-history">The opposing Araquanid fainted!<br></div><div class="battle-history">Raichu used <strong>Volt Switch</strong>!<br></div><div class="battle-history"><small>But it failed!</small><br></div><div class="spacer battle-history"><br></div><div class="battle-history"><small>The opposing team's Reflect wore off!</small><br></div><div class="spacer battle-history"><br></div><div class="battle-history">ASnomPlaysShowdown sent out <strong>Incineroar</strong>!<br></div><div class="battle-history">[The opposing Incineroar's Intimidate]<br></div><div class="battle-history"><small>Moltres's Attack fell!</small><br></div><div class="battle-history"><small>Raichu's Attack fell!</small><br></div><div class="spacer battle-history"><br></div><h2 class="battle-history">Turn 10</h2><div class="spacer battle-history"><br></div><div class="battle-history">The opposing Incineroar used <strong>Fake Out</strong>!<br></div><div class="battle-history"><small>(Raichu lost <abbr title="−13/48 pixels">25.1–27.1%</abbr> of its health!)</small><br></div><div class="spacer battle-history"><br></div><div class="battle-history">Moltres used <strong>Air Slash</strong>!<br></div><div class="battle-history"><small>(The opposing Incineroar lost <abbr title="−23/48 pixels">47.9–49.9%</abbr> of its health!)</small><br></div><div class="spacer battle-history"><br></div><div class="battle-history">The opposing Incineroar fainted!<br></div><div class="spacer battle-history"><br></div><div class="battle-history"><strong>pupugugu</strong> won the battle!<br></div><div class="chat chatmessage-asnomplaysshowdown"><strong style="color:#1bb1b6"><small>☆</small><span class="username" data-name="ASnomPlaysShowdown">ASnomPlaysShowdown</span>:</strong> <em>Gg</em></div><div class="chat chatmessage-pupugugu"><strong style="color:#2b7b91"><small>☆</small><span class="username" data-name="pupugugu">pupugugu</span>:</strong> <em>gg</em></div><div class="chat"><small> H2OPulse joined; ☆pupugugu, ☆ASnomPlaysShowdown, and  H2OPulse left</small></div></div><div class="inner-preempt message-log"></div></div></div>
</div>
<script>
let daily = Math.floor(Date.now()/1000/60/60/24);document.write('<script src="https://dragonheaven.herokuapp.com/js/replay-embed.js?version'+daily+'"></'+'script>');
</script>
