<!DOCTYPE html>
<meta charset="utf-8" />
<!-- version 1 -->
<title>[Gen 8] Megas for All replay: H2OPulse vs. inkbug1</title>
<style>
html,body {font-family:Verdana, sans-serif;font-size:10pt;margin:0;padding:0;}body{padding:12px 0;} .battle-log {font-family:Verdana, sans-serif;font-size:10pt;} .battle-log-inline {border:1px solid #AAAAAA;background:#EEF2F5;color:black;max-width:640px;margin:0 auto 80px;padding-bottom:5px;} .battle-log .inner {padding:4px 8px 0px 8px;} .battle-log .inner-preempt {padding:0 8px 4px 8px;} .battle-log .inner-after {margin-top:0.5em;} .battle-log h2 {margin:0.5em -8px;padding:4px 8px;border:1px solid #AAAAAA;background:#E0E7EA;border-left:0;border-right:0;font-family:Verdana, sans-serif;font-size:13pt;} .battle-log .chat {vertical-align:middle;padding:3px 0 3px 0;font-size:8pt;} .battle-log .chat strong {color:#40576A;} .battle-log .chat em {padding:1px 4px 1px 3px;color:#000000;font-style:normal;} .chat.mine {background:rgba(0,0,0,0.05);margin-left:-8px;margin-right:-8px;padding-left:8px;padding-right:8px;} .spoiler {color:#BBBBBB;background:#BBBBBB;padding:0px 3px;} .spoiler:hover, .spoiler:active, .spoiler-shown {color:#000000;background:#E2E2E2;padding:0px 3px;} .spoiler a {color:#BBBBBB;} .spoiler:hover a, .spoiler:active a, .spoiler-shown a {color:#2288CC;} .chat code, .chat .spoiler:hover code, .chat .spoiler:active code, .chat .spoiler-shown code {border:1px solid #C0C0C0;background:#EEEEEE;color:black;padding:0 2px;} .chat .spoiler code {border:1px solid #CCCCCC;background:#CCCCCC;color:#CCCCCC;} .battle-log .rated {padding:3px 4px;} .battle-log .rated strong {color:white;background:#89A;padding:1px 4px;border-radius:4px;} .spacer {margin-top:0.5em;} .message-announce {background:#6688AA;color:white;padding:1px 4px 2px;} .message-announce a, .broadcast-green a, .broadcast-blue a, .broadcast-red a {color:#DDEEFF;} .broadcast-green {background-color:#559955;color:white;padding:2px 4px;} .broadcast-blue {background-color:#6688AA;color:white;padding:2px 4px;} .infobox {border:1px solid #6688AA;padding:2px 4px;} .infobox-limited {max-height:200px;overflow:auto;overflow-x:hidden;} .broadcast-red {background-color:#AA5544;color:white;padding:2px 4px;} .message-learn-canlearn {font-weight:bold;color:#228822;text-decoration:underline;} .message-learn-cannotlearn {font-weight:bold;color:#CC2222;text-decoration:underline;} .message-effect-weak {font-weight:bold;color:#CC2222;} .message-effect-resist {font-weight:bold;color:#6688AA;} .message-effect-immune {font-weight:bold;color:#666666;} .message-learn-list {margin-top:0;margin-bottom:0;} .message-throttle-notice, .message-error {color:#992222;} .message-overflow, .chat small.message-overflow {font-size:0pt;} .message-overflow::before {font-size:9pt;content:'...';} .subtle {color:#3A4A66;}
</style>
<div class="wrapper replay-wrapper" style="max-width:1180px;margin:0 auto">
<input type="hidden" name="replayid" value="dragonheaven-gen8megasforall-340" />
<div class="battle"></div><div class="battle-log"></div><div class="replay-controls"></div><div class="replay-controls-2"></div>
<h1 style="font-weight:normal;text-align:center"><strong>[Gen 8] Megas for All</strong><br /><a href="http://pokemonshowdown.com/users/h2opulse" class="subtle" target="_blank">H2OPulse</a> vs. <a href="http://pokemonshowdown.com/users/inkbug1" class="subtle" target="_blank">inkbug1</a></h1>
<script type="text/plain" class="battle-log-data">|j|☆H2OPulse
|j|☆inkbug1

|t:|1608444487
|player|p1|H2OPulse|aetherfoundation|
|player|p2|inkbug1|burgh|
|teamsize|p1|6
|teamsize|p2|6
|gametype|singles
|gen|8
|tier|[Gen 8] Megas for All
|clearpoke
|poke|p1|Lycanroc, F|
|poke|p1|Vaporeon, F|
|poke|p1|Araquanid, M|
|poke|p1|Kartana|
|poke|p1|Breloom, M|
|poke|p1|Thundurus-Therian, M|
|poke|p2|Frosmoth, M|
|poke|p2|Ninetales-Alola, M|
|poke|p2|Sandslash-Alola, F|
|poke|p2|Glaceon, M|
|poke|p2|Aurorus, M|
|poke|p2|Walrein, F|
|rule|HP Percentage Mod: HP is shown in percentages
|rule|Endless Battle Clause: Forcing endless battles is banned
|rule|OHKO Clause: OHKO moves are banned
|rule|Evasion Moves Clause: Evasion moves are banned
|rule|Species Clause: Limit one of each Pokémon
|rule|Dynamax Clause: You cannot dynamax
|rule|Sleep Clause Mod: Limit one foe put to sleep
|rule|Freeze Clause Mod: Limit one foe frozen
|teampreview
|c|☆H2OPulse|OH fun!!!
|
|t:|1608444515
|start
|switch|p1a: Spilly|Araquanid, M|100\/100
|switch|p2a: Pierre|Ninetales-Alola, M|350\/350
|-weather|Hail|[from] ability: Snow Warning|[of] p2a: Pierre
|turn|1
|
|t:|1608444525
|move|p2a: Pierre|Hypnosis|p1a: Spilly
|-status|p1a: Spilly|slp|[from] move: Hypnosis
|cant|p1a: Spilly|slp
|
|-weather|Hail|[upkeep]
|-damage|p1a: Spilly|94\/100 slp|[from] Hail
|upkeep
|turn|2
|
|t:|1608444531
|move|p2a: Pierre|Aurora Veil|p2a: Pierre
|-sidestart|p2: inkbug1|move: Aurora Veil
|-curestatus|p1a: Spilly|slp|[msg]
|move|p1a: Spilly|Sticky Web|p2a: Pierre
|-sidestart|p2: inkbug1|move: Sticky Web
|
|-weather|Hail|[upkeep]
|-damage|p1a: Spilly|88\/100|[from] Hail
|upkeep
|turn|3
|
|t:|1608444555
|switch|p2a: Bailey|Aurorus, M|450\/450
|-activate|p2a: Bailey|move: Sticky Web
|-unboost|p2a: Bailey|spe|1
|move|p1a: Spilly|Toxic|p2a: Bailey
|-status|p2a: Bailey|tox
|
|-weather|Hail|[upkeep]
|-damage|p1a: Spilly|82\/100|[from] Hail
|-damage|p2a: Bailey|422\/450 tox|[from] psn
|upkeep
|turn|4
|
|t:|1608444575
|switch|p1a: Convolvulus|Thundurus-Therian, M|100\/100
|detailschange|p2a: Bailey|Aurorus-Mega, M
|-mega|p2a: Bailey|Aurorus|Aurorite
|raw|<ul class="utilichart"><li class="result"><span class="col pokemonnamecol" style="white-space: nowrap">Aurorus-Mega<\/span> <span class="col typecol"><img src="https:\/\/play.pokemonshowdown.com\/sprites\/types\/Electric.png" alt="Electric" height="14" width="32"><img src="https:\/\/play.pokemonshowdown.com\/sprites\/types\/Ice.png" alt="Ice" height="14" width="32"><\/span> <span style="float: left ; min-height: 26px"><span class="col abilitycol">Diamond Dust<\/span><span class="col abilitycol"><\/span><\/span><span style="float: left ; min-height: 26px"><span class="col statcol"><em>HP<\/em><br>123<\/span> <span class="col statcol"><em>Atk<\/em><br>77<\/span> <span class="col statcol"><em>Def<\/em><br>102<\/span> <span class="col statcol"><em>SpA<\/em><br>131<\/span> <span class="col statcol"><em>SpD<\/em><br>122<\/span> <span class="col statcol"><em>Spe<\/em><br>66<\/span> <\/span><\/li><li style="clear: both"><\/li><\/ul>
|move|p2a: Bailey|Rapid Spin|p1a: Convolvulus
|-damage|p1a: Convolvulus|90\/100
|-boost|p2a: Bailey|spe|1
|-sideend|p2: inkbug1|Sticky Web|[from] move: Rapid Spin|[of] p2a: Bailey
|
|-weather|Hail|[upkeep]
|-damage|p1a: Convolvulus|84\/100|[from] Hail
|-damage|p2a: Bailey|366\/450 tox|[from] psn
|upkeep
|turn|5
|
|t:|1608444607
|switch|p2a: Leif|Frosmoth, M|281\/281
|-zpower|p1a: Convolvulus
|move|p1a: Convolvulus|All-Out Pummeling|p2a: Leif|[zeffect]
|-damage|p2a: Leif|202\/281
|
|-weather|none
|upkeep
|turn|6
|c|☆inkbug1|avalugg should have regenerator
|c|☆inkbug1|like logically and competitively 
|c|☆H2OPulse|f
|c|☆H2OPulse|fair but also
|c|☆H2OPulse|fear
|c|☆inkbug1|jmfd
|c|☆inkbug1|i mean it already has recover
|c|☆inkbug1|what are u afraid of
|c|☆H2OPulse|Yeah :'D
|
|t:|1608444654
|move|p1a: Convolvulus|Nasty Plot|p1a: Convolvulus
|-boost|p1a: Convolvulus|spa|2
|move|p2a: Leif|Quiver Dance|p2a: Leif
|-boost|p2a: Leif|spa|1
|-boost|p2a: Leif|spd|1
|-boost|p2a: Leif|spe|1
|
|upkeep
|turn|7
|c|☆H2OPulse|wHY DIDN'T I---
|
|t:|1608444668
|move|p2a: Leif|Ice Beam|p1a: Convolvulus
|-supereffective|p1a: Convolvulus
|-damage|p1a: Convolvulus|0 fnt
|faint|p1a: Convolvulus
|
|upkeep
|c|☆H2OPulse|I have Taunt right here
|c|☆inkbug1|pfff 
|c|☆H2OPulse|well
|c|☆H2OPulse|had
|c|☆inkbug1|thats ok
|
|t:|1608444682
|switch|p1a: Spilly|Araquanid, M|82\/100
|turn|8
|
|t:|1608444688
|move|p2a: Leif|Giga Drain|p1a: Spilly
|-damage|p1a: Spilly|47\/100
|-heal|p2a: Leif|262\/281|[from] drain|[of] p1a: Spilly
|move|p1a: Spilly|Toxic|p2a: Leif
|-status|p2a: Leif|tox
|
|-damage|p2a: Leif|245\/281 tox|[from] psn
|upkeep
|turn|9
|c|☆inkbug1|oh shit right this ver of clara has the wrong moves still 
|c|☆inkbug1|whoops
|c|☆inkbug1|ill fix that later
|
|t:|1608444727
|switch|p2a: Pierre|Ninetales-Alola, M|350\/350
|-weather|Hail|[from] ability: Snow Warning|[of] p2a: Pierre
|switch|p1a: Pipa|Kartana, shiny|100\/100
|
|-weather|Hail|[upkeep]
|-damage|p1a: Pipa|95\/100|[from] Hail
|-sideend|p2: inkbug1|move: Aurora Veil
|upkeep
|turn|10
|
|t:|1608444739
|switch|p2a: Iceberg|Walrein, F|362\/362
|move|p1a: Pipa|Smart Strike|p2a: Iceberg
|-damage|p2a: Iceberg|244\/362
|
|-weather|Hail|[upkeep]
|-damage|p1a: Pipa|89\/100|[from] Hail
|upkeep
|turn|11
|l|☆H2OPulse
|player|p1|
|j|☆H2OPulse
|player|p1|H2OPulse|aetherfoundation
|
|t:|1608444787
|switch|p1a: Cattail|Vaporeon, F|100\/100
|move|p2a: Iceberg|Body Press|p1a: Cattail
|-damage|p1a: Cattail|84\/100
|
|-weather|Hail|[upkeep]
|-damage|p1a: Cattail|77\/100|[from] Hail
|-heal|p1a: Cattail|84\/100|[from] item: Leftovers
|upkeep
|turn|12
|l|☆H2OPulse
|player|p1|
|
|t:|1608444823
|switch|p2a: Spearmint|Glaceon, M|334\/334
|move|p1a: Cattail|Flip Turn|p2a: Spearmint|[miss]
|-miss|p1a: Cattail|p2a: Spearmint
|
|-weather|Hail|[upkeep]
|-damage|p1a: Cattail|77\/100|[from] Hail
|-heal|p1a: Cattail|84\/100|[from] item: Leftovers
|upkeep
|turn|13
|j|☆H2OPulse
|player|p1|H2OPulse|aetherfoundation
|
|t:|1608444833
|move|p1a: Cattail|Flip Turn|p2a: Spearmint
|-damage|p2a: Spearmint|303\/334
|c|☆H2OPulse|Hm
|c|☆H2OPulse|You're using
|c|☆H2OPulse|Roar...?
|
|t:|1608444850
|switch|p1a: Champignon|Breloom, M, shiny|100\/100|[from]move: Flip Turn
|move|p2a: Spearmint|Heal Bell|p2a: Spearmint
|-activate|p2a: Spearmint|move: Heal Bell
|-curestatus|p2: Bailey|tox|[msg]
|-curestatus|p2: Leif|tox|[msg]
|
|-weather|none
|-heal|p2a: Spearmint|323\/334|[from] item: Leftovers
|-status|p1a: Champignon|tox|[from] item: Toxic Orb
|upkeep
|turn|14
|c|☆H2OPulse|n
|c|☆H2OPulse|why were you so slow what
|c|☆inkbug1|no idea
|
|t:|1608444876
|switch|p2a: Leif|Frosmoth, M|245\/281
|move|p1a: Champignon|Spore|p2a: Leif
|-status|p2a: Leif|slp|[from] move: Spore
|
|upkeep
|turn|15
|c|☆inkbug1|rude
|
|t:|1608444885
|-singleturn|p1a: Champignon|move: Focus Punch
|cant|p2a: Leif|slp
|move|p1a: Champignon|Focus Punch|p2a: Leif
|-damage|p2a: Leif|0 fnt
|faint|p2a: Leif
|
|upkeep
|c|☆inkbug1|ok i shouldnt have stayed in on that this is a problem
|
|t:|1608444904
|switch|p2a: Pierre|Ninetales-Alola, M|350\/350
|-weather|Hail|[from] ability: Snow Warning|[of] p2a: Pierre
|turn|16
|raw|<div class="message"><ul class="utilichart"><li class="result"><span class="col numcol">(PU)<\/span> <span class="col iconcol"><psicon pokemon="glaceon"\/><\/span> <span class="col pokemonnamecol" style="white-space:nowrap"><a href="https:\/\/dex.pokemonshowdown.com\/pokemon\/glaceon" target="_blank">Glaceon<\/a><\/span> <span class="col typecol"><img src="https:\/\/play.pokemonshowdown.com\/sprites\/types\/Ice.png" alt="Ice" height="14" width="32"><\/span> <span style="float:left;min-height:26px"><span class="col abilitycol">Snow Cloak<\/span><span class="col abilitycol"><em>Ice Body<\/em><\/span><\/span><span style="float:left;min-height:26px"><span class="col statcol"><em>HP<\/em><br \/>65<\/span> <span class="col statcol"><em>Atk<\/em><br \/>60<\/span> <span class="col statcol"><em>Def<\/em><br \/>110<\/span> <span class="col statcol"><em>SpA<\/em><br \/>130<\/span> <span class="col statcol"><em>SpD<\/em><br \/>95<\/span> <span class="col statcol"><em>Spe<\/em><br \/>65<\/span> <span class="col bstcol"><em>BST<br \/>525<\/em><\/span> <\/span><\/li><li style="clear:both"><\/li><\/ul><\/div>
|raw|<font size="1"><font color="#686868">Dex#:<\/font> 471&nbsp;|&ThickSpace;<font color="#686868">Gen:<\/font> 4&nbsp;|&ThickSpace;<font color="#686868">Height:<\/font> 0.8 m&nbsp;|&ThickSpace;<font color="#686868">Weight:<\/font> 25.9 kg <em>(60 BP)<\/em>&nbsp;|&ThickSpace;<font color="#686868">Dex Colour:<\/font> Blue&nbsp;|&ThickSpace;<font color="#686868">Egg Group(s):<\/font> Field&nbsp;|&ThickSpace;<font color="#686868">Does Not Evolve<\/font><\/font>

|
|t:|1608444936
|switch|p1a: Cattail|Vaporeon, F|84\/100
|move|p2a: Pierre|Freeze-Dry|p1a: Cattail
|-supereffective|p1a: Cattail
|-damage|p1a: Cattail|51\/100
|
|-weather|Hail|[upkeep]
|-damage|p1a: Cattail|45\/100|[from] Hail
|-heal|p1a: Cattail|51\/100|[from] item: Leftovers
|upkeep
|turn|17
|raw|<div class="message"><ul class="utilichart"><li class="result"><span class="col numcol">NU<\/span> <span class="col iconcol"><psicon pokemon="vaporeon"\/><\/span> <span class="col pokemonnamecol" style="white-space:nowrap"><a href="https:\/\/dex.pokemonshowdown.com\/pokemon\/vaporeon" target="_blank">Vaporeon<\/a><\/span> <span class="col typecol"><img src="https:\/\/play.pokemonshowdown.com\/sprites\/types\/Water.png" alt="Water" height="14" width="32"><\/span> <span style="float:left;min-height:26px"><span class="col abilitycol">Water Absorb<\/span><span class="col abilitycol"><em>Hydration<\/em><\/span><\/span><span style="float:left;min-height:26px"><span class="col statcol"><em>HP<\/em><br \/>130<\/span> <span class="col statcol"><em>Atk<\/em><br \/>65<\/span> <span class="col statcol"><em>Def<\/em><br \/>60<\/span> <span class="col statcol"><em>SpA<\/em><br \/>110<\/span> <span class="col statcol"><em>SpD<\/em><br \/>95<\/span> <span class="col statcol"><em>Spe<\/em><br \/>65<\/span> <span class="col bstcol"><em>BST<br \/>525<\/em><\/span> <\/span><\/li><li style="clear:both"><\/li><\/ul><\/div>
|raw|<font size="1"><font color="#686868">Dex#:<\/font> 134&nbsp;|&ThickSpace;<font color="#686868">Gen:<\/font> 1&nbsp;|&ThickSpace;<font color="#686868">Height:<\/font> 1 m&nbsp;|&ThickSpace;<font color="#686868">Weight:<\/font> 29 kg <em>(60 BP)<\/em>&nbsp;|&ThickSpace;<font color="#686868">Dex Colour:<\/font> Blue&nbsp;|&ThickSpace;<font color="#686868">Egg Group(s):<\/font> Field&nbsp;|&ThickSpace;<font color="#686868">Does Not Evolve<\/font><\/font>

|c|☆inkbug1|well glaceon and vaporeon seem to have the same base speed
|c|☆inkbug1|maybe they tie
|
|t:|1608444964
|move|p2a: Pierre|Aurora Veil|p2a: Pierre
|-sidestart|p2: inkbug1|move: Aurora Veil
|move|p1a: Cattail|Flip Turn|p2a: Pierre
|-damage|p2a: Pierre|320\/350
|c|☆H2OPulse|Ohhhh fair
|l|☆H2OPulse
|player|p1|
|j|☆H2OPulse
|player|p1|H2OPulse|aetherfoundation
|c|☆inkbug1|mine is 0ev neutral so 
|
|t:|1608445010
|switch|p1a: Pipa|Kartana, shiny|89\/100|[from]move: Flip Turn
|
|-weather|Hail|[upkeep]
|-damage|p1a: Pipa|83\/100|[from] Hail
|upkeep
|turn|18
|
|t:|1608445020
|switch|p2a: Clara|Sandslash-Alola, F|291\/291
|move|p1a: Pipa|Leaf Blade|p2a: Clara
|-resisted|p2a: Clara
|-damage|p2a: Clara|251\/291
|
|-weather|Hail|[upkeep]
|-damage|p1a: Pipa|77\/100|[from] Hail
|upkeep
|turn|19
|c|☆inkbug1|oh dang good switch me
|
|t:|1608445041
|switch|p1a: Spilly|Araquanid, M|47\/100
|move|p2a: Clara|Icicle Crash|p1a: Spilly
|-resisted|p1a: Spilly
|-crit|p1a: Spilly
|-damage|p1a: Spilly|7\/100
|-damage|p2a: Clara|222\/291|[from] item: Life Orb
|
|-weather|Hail|[upkeep]
|-damage|p1a: Spilly|1\/100|[from] Hail
|upkeep
|turn|20
|c|☆inkbug1|man remember when triple axel didnt exist those were dark days
|c|☆H2OPulse|Fhfjgjjg
|
|t:|1608445060
|switch|p2a: Bailey|Aurorus-Mega, M|366\/450
|move|p1a: Spilly|Sticky Web|p2a: Bailey
|-sidestart|p2: inkbug1|move: Sticky Web
|
|-weather|none
|upkeep
|turn|21
|c|☆inkbug1|oh i was counting on the hail to ko there.
|c|☆inkbug1|haha oops
|
|t:|1608445076
|move|p2a: Bailey|Rapid Spin|p1a: Spilly
|-damage|p1a: Spilly|0 fnt
|-boost|p2a: Bailey|spe|1
|-sideend|p2: inkbug1|Sticky Web|[from] move: Rapid Spin|[of] p2a: Bailey
|faint|p1a: Spilly
|
|upkeep
|
|t:|1608445080
|switch|p1a: Miko|Lycanroc, F|100\/100
|turn|22
|c|☆inkbug1|that will do
|
|t:|1608445099
|detailschange|p1a: Miko|Lycanroc-Mega, F
|-mega|p1a: Miko|Lycanroc|Lycanite
|raw|<ul class="utilichart"><li class="result"><span class="col pokemonnamecol" style="white-space: nowrap">Lycanroc-Mega<\/span> <span class="col typecol"><img src="https:\/\/play.pokemonshowdown.com\/sprites\/types\/Rock.png" alt="Rock" height="14" width="32"><img src="https:\/\/play.pokemonshowdown.com\/sprites\/types\/Normal.png" alt="Normal" height="14" width="32"><\/span> <span style="float: left ; min-height: 26px"><span class="col abilitycol">Down-to-Earth<\/span><span class="col abilitycol"><\/span><\/span><span style="float: left ; min-height: 26px"><span class="col statcol"><em>HP<\/em><br>75<\/span> <span class="col statcol"><em>Atk<\/em><br>130<\/span> <span class="col statcol"><em>Def<\/em><br>115<\/span> <span class="col statcol"><em>SpA<\/em><br>55<\/span> <span class="col statcol"><em>SpD<\/em><br>75<\/span> <span class="col statcol"><em>Spe<\/em><br>137<\/span> <\/span><\/li><li style="clear: both"><\/li><\/ul>
|move|p1a: Miko|Substitute|p1a: Miko
|-start|p1a: Miko|Substitute
|-damage|p1a: Miko|76\/100
|move|p2a: Bailey|Volt Switch|p1a: Miko
|-end|p1a: Miko|Substitute
|c|☆inkbug1|oh damn that hits 
|c|☆inkbug1|i was high key expecting that not to break it
|
|t:|1608445122
|switch|p2a: Iceberg|Walrein, F|244\/362
|
|upkeep
|turn|23
|c|☆H2OPulse|Fjjfjgjg fai r
|
|t:|1608445133
|switch|p1a: Cattail|Vaporeon, F|51\/100
|move|p2a: Iceberg|Body Press|p1a: Cattail
|-damage|p1a: Cattail|34\/100
|
|-heal|p1a: Cattail|41\/100|[from] item: Leftovers
|upkeep
|turn|24
|
|t:|1608445157
|switch|p2a: Bailey|Aurorus-Mega, M|366\/450
|move|p1a: Cattail|Wish|p1a: Cattail
|
|-heal|p1a: Cattail|47\/100|[from] item: Leftovers
|-sideend|p2: inkbug1|move: Aurora Veil
|upkeep
|turn|25
|
|t:|1608445173
|switch|p1a: Miko|Lycanroc-Mega, F|76\/100
|move|p2a: Bailey|Calm Mind|p2a: Bailey
|-boost|p2a: Bailey|spa|1
|-boost|p2a: Bailey|spd|1
|
|-heal|p1a: Miko|100\/100|[from] move: Wish|[wisher] Cattail
|upkeep
|turn|26
|
|t:|1608445180
|move|p1a: Miko|Stone Edge|p2a: Bailey
|-supereffective|p2a: Bailey
|-damage|p2a: Bailey|58\/450
|move|p2a: Bailey|Earth Power|p1a: Miko
|-supereffective|p1a: Miko
|-damage|p1a: Miko|0 fnt
|faint|p1a: Miko
|
|upkeep
|c|☆H2OPulse|OW FAIR
|c|☆inkbug1|oh my god? why did you live that? 
|
|t:|1608445192
|switch|p1a: Pipa|Kartana, shiny|77\/100
|turn|27
|c|☆inkbug1|252 def okay thats fair
|c|☆inkbug1|why did i do its evs like that
|
|t:|1608445228
|move|p1a: Pipa|Sacred Sword|p2a: Bailey
|-supereffective|p2a: Bailey
|-damage|p2a: Bailey|0 fnt
|faint|p2a: Bailey
|-ability|p1a: Pipa|Beast Boost|boost
|-boost|p1a: Pipa|atk|1
|
|upkeep
|
|t:|1608445235
|switch|p2a: Pierre|Ninetales-Alola, M|320\/350
|-weather|Hail|[from] ability: Snow Warning|[of] p2a: Pierre
|turn|28
|c|☆H2OPulse|W
|c|☆H2OPulse|wh
|
|t:|1608445269
|move|p1a: Pipa|Sacred Sword|p2a: Pierre
|-damage|p2a: Pierre|111\/350
|move|p2a: Pierre|Aurora Veil|p2a: Pierre
|-sidestart|p2: inkbug1|move: Aurora Veil
|
|-weather|Hail|[upkeep]
|-damage|p1a: Pipa|71\/100|[from] Hail
|upkeep
|turn|29
|
|t:|1608445290
|move|p1a: Pipa|Sacred Sword|p2a: Pierre
|-damage|p2a: Pierre|7\/350
|move|p2a: Pierre|Hypnosis|p1a: Pipa|[miss]
|-miss|p2a: Pierre|p1a: Pipa
|
|-weather|Hail|[upkeep]
|-damage|p1a: Pipa|65\/100|[from] Hail
|upkeep
|turn|30
|c|☆inkbug1|worth a try
|
|t:|1608445301
|switch|p2a: Iceberg|Walrein, F|244\/362
|move|p1a: Pipa|Sacred Sword|p2a: Iceberg
|-supereffective|p2a: Iceberg
|-damage|p2a: Iceberg|95\/362
|
|-weather|Hail|[upkeep]
|-damage|p1a: Pipa|59\/100|[from] Hail
|upkeep
|turn|31
|c|☆inkbug1|oof okay nevermind
|
|t:|1608445314
|move|p1a: Pipa|Sacred Sword|p2a: Iceberg
|-supereffective|p2a: Iceberg
|-damage|p2a: Iceberg|0 fnt
|faint|p2a: Iceberg
|-ability|p1a: Pipa|Beast Boost|boost
|-boost|p1a: Pipa|atk|1
|
|-weather|Hail|[upkeep]
|-damage|p1a: Pipa|53\/100|[from] Hail
|upkeep
|c|☆inkbug1|gg
|
|t:|1608445327
|switch|p2a: Clara|Sandslash-Alola, F|222\/291
|turn|32
|c|☆H2OPulse|Good game!!!
|
|t:|1608445335
|move|p1a: Pipa|Sacred Sword|p2a: Clara
|-supereffective|p2a: Clara
|-damage|p2a: Clara|0 fnt
|faint|p2a: Clara
|-ability|p1a: Pipa|Beast Boost|boost
|-boost|p1a: Pipa|atk|1
|
|-weather|none
|upkeep
|
|t:|1608445342
|switch|p2a: Spearmint|Glaceon, M|323\/334
|turn|33
|c|☆H2OPulse|Man that was close though actually,,,
|
|t:|1608445352
|move|p1a: Pipa|Sacred Sword|p2a: Spearmint
|-supereffective|p2a: Spearmint
|-damage|p2a: Spearmint|118\/334
|move|p2a: Spearmint|Roar|p1a: Pipa
|drag|p1a: Champignon|Breloom, M, shiny|100\/100 tox
|
|-heal|p2a: Spearmint|138\/334|[from] item: Leftovers
|upkeep
|turn|34
|c|☆inkbug1|what
|c|☆inkbug1|i shoulda done that sooner
|c|☆H2OPulse|Pffff
|
|t:|1608445381
|move|p1a: Champignon|Spore|p2a: Spearmint
|-status|p2a: Spearmint|slp|[from] move: Spore
|cant|p2a: Spearmint|slp
|
|-heal|p2a: Spearmint|158\/334 slp|[from] item: Leftovers
|upkeep
|turn|35
|c|☆inkbug1|oh god
|c|☆inkbug1|wind got rly loud for a sec
|
|t:|1608445395
|move|p1a: Champignon|Substitute|p1a: Champignon
|-start|p1a: Champignon|Substitute
|-damage|p1a: Champignon|75\/100 tox
|-curestatus|p2a: Spearmint|slp|[msg]
|move|p2a: Spearmint|Roar|p1a: Champignon
|drag|p1a: Cattail|Vaporeon, F|47\/100
|
|-heal|p2a: Spearmint|178\/334|[from] item: Leftovers
|-heal|p1a: Cattail|53\/100|[from] item: Leftovers
|-sideend|p2: inkbug1|move: Aurora Veil
|upkeep
|turn|36
|
|t:|1608445405
|move|p2a: Spearmint|Wish|p2a: Spearmint
|move|p1a: Cattail|Toxic|p2a: Spearmint
|-status|p2a: Spearmint|tox
|
|-heal|p2a: Spearmint|198\/334 tox|[from] item: Leftovers
|-heal|p1a: Cattail|59\/100|[from] item: Leftovers
|-damage|p2a: Spearmint|178\/334 tox|[from] psn
|upkeep
|turn|37
|
|t:|1608445414
|switch|p2a: Pierre|Ninetales-Alola, M|7\/350
|-weather|Hail|[from] ability: Snow Warning|[of] p2a: Pierre
|move|p1a: Cattail|Flip Turn|p2a: Pierre
|-damage|p2a: Pierre|0 fnt
|faint|p2a: Pierre
|
|t:|1608445419
|switch|p1a: Champignon|Breloom, M, shiny|75\/100 tox|[from]move: Flip Turn
|
|-weather|Hail|[upkeep]
|-damage|p1a: Champignon|69\/100 tox|[from] Hail
|-heal|p1a: Champignon|82\/100 tox|[from] ability: Poison Heal
|upkeep
|c|☆inkbug1|nope ok
|c|☆inkbug1|adasd
|
|t:|1608445426
|switch|p2a: Spearmint|Glaceon, M|178\/334 tox
|turn|38
|
|t:|1608445436
|-singleturn|p1a: Champignon|move: Focus Punch
|move|p2a: Spearmint|Weather Ball|p1a: Champignon
|-supereffective|p1a: Champignon
|-damage|p1a: Champignon|0 fnt
|faint|p1a: Champignon
|
|-weather|Hail|[upkeep]
|-heal|p2a: Spearmint|198\/334 tox|[from] item: Leftovers
|-damage|p2a: Spearmint|178\/334 tox|[from] psn
|upkeep
|
|t:|1608445438
|switch|p1a: Pipa|Kartana, shiny|53\/100
|turn|39
|c|☆inkbug1|oh y god
|c|☆H2OPulse|Worth a shot,,,
|
|t:|1608445447
|move|p1a: Pipa|Smart Strike|p2a: Spearmint
|-supereffective|p2a: Spearmint
|-damage|p2a: Spearmint|0 fnt
|faint|p2a: Spearmint
|
|win|H2OPulse
|c|☆inkbug1|gg! 
|c|☆H2OPulse|Good game!!!!
|c|☆inkbug1|that went a bit better than i expected tbh
|c|☆inkbug1|wanna do like 1 more random b4 i call it or
|c|☆inkbug1|or another normal match 
|c|☆H2OPulse|Oh sure!!! Would do either one!</script>
</div>
<div class="battle-log battle-log-inline"><div class="inner"><div class="battle-options"><div style="padding-top: 3px; padding-right: 3px; text-align: right"><button class="icon button" name="openBattleOptions" title="Options">Battle Options</button></div></div><div class="inner message-log"><div class="chat"><small>☆H2OPulse and ☆inkbug1 joined</small></div><div class=""><small>Format:</small> <br><strong>[Gen 8] Megas for All</strong></div><div class=""><small><em>HP Percentage Mod:</em> HP is shown in percentages</small></div><div class=""><small><em>Endless Battle Clause:</em> Forcing endless battles is banned</small></div><div class=""><small><em>OHKO Clause:</em> OHKO moves are banned</small></div><div class=""><small><em>Evasion Moves Clause:</em> Evasion moves are banned</small></div><div class=""><small><em>Species Clause:</em> Limit one of each Pokémon</small></div><div class=""><small><em>Dynamax Clause:</em> You cannot dynamax</small></div><div class=""><small><em>Sleep Clause Mod:</em> Limit one foe put to sleep</small></div><div class=""><small><em>Freeze Clause Mod:</em> Limit one foe frozen</small></div><div class="chat battle-history"><strong>H2OPulse's team:</strong> <em style="color:#445566;display:block;">Lycanroc / Vaporeon / Araquanid / Kartana / Breloom / Thundurus-Therian</em></div><div class="chat battle-history"><strong>inkbug1's team:</strong> <em style="color:#445566;display:block;">Frosmoth / Ninetales-Alola / Sandslash-Alola / Glaceon / Aurorus / Walrein</em></div><div class="chat chatmessage-h2opulse"><strong style="color:#6e8c2b"><small>☆</small><span class="username" data-name="H2OPulse">H2OPulse</span>:</strong> <em>OH fun!!!</em></div><div class="spacer battle-history"><br></div><div class="battle-history">Battle started between H2OPulse and inkbug1!<br></div><div class="spacer battle-history"><br></div><div class="battle-history">H2OPulse sent out Spilly (<strong>Araquanid</strong>)!<br></div><div class="spacer battle-history"><br></div><div class="battle-history">Go! Pierre (<strong>Ninetales-Alola</strong>)!<br></div><div class="battle-history">[Pierre's Snow Warning]<br><small>It started to hail!</small><br></div><div class="spacer battle-history"><br></div><h2 class="battle-history">Turn 1</h2><div class="spacer battle-history"><br></div><div class="battle-history">Pierre used <strong>Hypnosis</strong>!<br></div><div class="battle-history"><small>The opposing Spilly fell asleep!</small><br></div><div class="spacer battle-history"><br></div><div class="battle-history">The opposing Spilly is fast asleep.<br></div><div class="spacer battle-history"><br></div><div class="battle-history"><small>(The hail is crashing down.)</small><br></div><div class="battle-history"><small>The opposing Spilly is buffeted by the hail!</small><br></div><div class="spacer battle-history"><br></div><h2 class="battle-history">Turn 2</h2><div class="spacer battle-history"><br></div><div class="battle-history">Pierre used <strong>Aurora Veil</strong>!<br></div><div class="battle-history"><small>Aurora Veil made your team stronger against physical and special moves!</small><br></div><div class="battle-history"><small>The opposing Spilly woke up!</small><br></div><div class="spacer battle-history"><br></div><div class="battle-history">The opposing Spilly used <strong>Sticky Web</strong>!<br></div><div class="battle-history"><small>A sticky web has been laid out on the ground around your team!</small><br></div><div class="spacer battle-history"><br></div><div class="battle-history"><small>(The hail is crashing down.)</small><br></div><div class="battle-history"><small>The opposing Spilly is buffeted by the hail!</small><br></div><div class="spacer battle-history"><br></div><h2 class="battle-history">Turn 3</h2><div class="spacer battle-history"><br></div><div class="battle-history">Pierre, come back!<br></div><div class="battle-history">Go! Bailey (<strong>Aurorus</strong>)!<br></div><div class="battle-history"><small>Bailey was caught in a sticky web!</small><br></div><div class="battle-history"><small>Bailey's Speed fell!</small><br></div><div class="spacer battle-history"><br></div><div class="battle-history">The opposing Spilly used <strong>Toxic</strong>!<br></div><div class="battle-history"><small>Bailey was badly poisoned!</small><br></div><div class="spacer battle-history"><br></div><div class="battle-history"><small>(The hail is crashing down.)</small><br></div><div class="battle-history"><small>The opposing Spilly is buffeted by the hail!</small><br></div><div class="battle-history"><small>Bailey was hurt by poison!</small><br></div><div class="spacer battle-history"><br></div><h2 class="battle-history">Turn 4</h2><div class="spacer battle-history"><br></div><div class="battle-history">H2OPulse withdrew Spilly!<br></div><div class="battle-history">H2OPulse sent out Convolvulus (<strong>Thundurus-Therian</strong>)!<br></div><div class="spacer battle-history"><br></div><div class="battle-history"><small>Bailey's Aurorite is reacting to the Key Stone!</small><br>Bailey has Mega Evolved into Mega Aurorus!<br></div><div class="chat"><ul class="utilichart"><li class="result"><span class="col pokemonnamecol" style="white-space: nowrap">Aurorus-Mega</span> <span class="col typecol"><img src="https://play.pokemonshowdown.com/sprites/types/Electric.png" alt="Electric" height="14" width="32"><img src="https://play.pokemonshowdown.com/sprites/types/Ice.png" alt="Ice" height="14" width="32"></span> <span style="float: left ; min-height: 26px"><span class="col abilitycol">Diamond Dust</span><span class="col abilitycol"></span></span><span style="float: left ; min-height: 26px"><span class="col statcol"><em>HP</em><br>123</span> <span class="col statcol"><em>Atk</em><br>77</span> <span class="col statcol"><em>Def</em><br>102</span> <span class="col statcol"><em>SpA</em><br>131</span> <span class="col statcol"><em>SpD</em><br>122</span> <span class="col statcol"><em>Spe</em><br>66</span> </span></li><li style="clear: both"></li></ul></div><div class="spacer battle-history"><br></div><div class="battle-history">Bailey used <strong>Rapid Spin</strong>!<br></div><div class="battle-history"><small>(The opposing Convolvulus lost 10% of its health!)</small><br></div><div class="battle-history"><small>Bailey's Speed rose!</small><br></div><div class="battle-history"><small>The sticky web has disappeared from the ground around your team!</small><br></div><div class="spacer battle-history"><br></div><div class="battle-history"><small>(The hail is crashing down.)</small><br></div><div class="battle-history"><small>The opposing Convolvulus is buffeted by the hail!</small><br></div><div class="battle-history"><small>Bailey was hurt by poison!</small><br></div><div class="spacer battle-history"><br></div><h2 class="battle-history">Turn 5</h2><div class="spacer battle-history"><br></div><div class="battle-history">Bailey, come back!<br></div><div class="battle-history">Go! Leif (<strong>Frosmoth</strong>)!<br></div><div class="battle-history"><small>The opposing Convolvulus surrounded itself with its Z-Power!</small><br></div><div class="spacer battle-history"><br></div><div class="battle-history"><small>The opposing Convolvulus unleashes its full-force Z-Move!</small><br>The opposing Convolvulus used <strong>All-Out Pummeling</strong>!<br></div><div class="battle-history"><small>(Leif lost <abbr title="−79/281">28.1%</abbr> of its health!)</small><br></div><div class="spacer battle-history"><br></div><div class="battle-history"><small>The hail stopped.</small><br></div><div class="spacer battle-history"><br></div><h2 class="battle-history">Turn 6</h2><div class="chat chatmessage-inkbug1 mine"><strong style="color:#e46e0f"><small>☆</small><span class="username" data-name="inkbug1">inkbug1</span>:</strong> <em>avalugg should have regenerator</em></div><div class="chat chatmessage-inkbug1 mine"><strong style="color:#e46e0f"><small>☆</small><span class="username" data-name="inkbug1">inkbug1</span>:</strong> <em>like logically and competitively </em></div><div class="chat chatmessage-h2opulse"><strong style="color:#6e8c2b"><small>☆</small><span class="username" data-name="H2OPulse">H2OPulse</span>:</strong> <em>f</em></div><div class="chat chatmessage-h2opulse"><strong style="color:#6e8c2b"><small>☆</small><span class="username" data-name="H2OPulse">H2OPulse</span>:</strong> <em>fair but also</em></div><div class="chat chatmessage-h2opulse"><strong style="color:#6e8c2b"><small>☆</small><span class="username" data-name="H2OPulse">H2OPulse</span>:</strong> <em>fear</em></div><div class="chat chatmessage-inkbug1 mine"><strong style="color:#e46e0f"><small>☆</small><span class="username" data-name="inkbug1">inkbug1</span>:</strong> <em>jmfd</em></div><div class="chat chatmessage-inkbug1 mine"><strong style="color:#e46e0f"><small>☆</small><span class="username" data-name="inkbug1">inkbug1</span>:</strong> <em>i mean it already has recover</em></div><div class="chat chatmessage-inkbug1 mine"><strong style="color:#e46e0f"><small>☆</small><span class="username" data-name="inkbug1">inkbug1</span>:</strong> <em>what are u afraid of</em></div><div class="chat chatmessage-h2opulse"><strong style="color:#6e8c2b"><small>☆</small><span class="username" data-name="H2OPulse">H2OPulse</span>:</strong> <em>Yeah :'D</em></div><div class="spacer battle-history"><br></div><div class="battle-history">The opposing Convolvulus used <strong>Nasty Plot</strong>!<br></div><div class="battle-history"><small>The opposing Convolvulus's Sp. Atk rose sharply!</small><br></div><div class="spacer battle-history"><br></div><div class="battle-history">Leif used <strong>Quiver Dance</strong>!<br></div><div class="battle-history"><small>Leif's Sp. Atk rose!</small><br></div><div class="battle-history"><small>Leif's Sp. Def rose!</small><br></div><div class="battle-history"><small>Leif's Speed rose!</small><br></div><div class="spacer battle-history"><br></div><h2 class="battle-history">Turn 7</h2><div class="chat chatmessage-h2opulse"><strong style="color:#6e8c2b"><small>☆</small><span class="username" data-name="H2OPulse">H2OPulse</span>:</strong> <em>wHY DIDN'T I---</em></div><div class="spacer battle-history"><br></div><div class="battle-history">Leif used <strong>Ice Beam</strong>!<br></div><div class="battle-history"><small>It's super effective!</small><br></div><div class="battle-history"><small>(The opposing Convolvulus lost 84% of its health!)</small><br></div><div class="spacer battle-history"><br></div><div class="battle-history">The opposing Convolvulus fainted!<br></div><div class="chat chatmessage-h2opulse"><strong style="color:#6e8c2b"><small>☆</small><span class="username" data-name="H2OPulse">H2OPulse</span>:</strong> <em>I have Taunt right here</em></div><div class="chat chatmessage-inkbug1 mine"><strong style="color:#e46e0f"><small>☆</small><span class="username" data-name="inkbug1">inkbug1</span>:</strong> <em>pfff </em></div><div class="chat chatmessage-h2opulse"><strong style="color:#6e8c2b"><small>☆</small><span class="username" data-name="H2OPulse">H2OPulse</span>:</strong> <em>well</em></div><div class="chat chatmessage-h2opulse"><strong style="color:#6e8c2b"><small>☆</small><span class="username" data-name="H2OPulse">H2OPulse</span>:</strong> <em>had</em></div><div class="chat chatmessage-inkbug1 mine"><strong style="color:#e46e0f"><small>☆</small><span class="username" data-name="inkbug1">inkbug1</span>:</strong> <em>thats ok</em></div><div class="spacer battle-history"><br></div><div class="battle-history">H2OPulse sent out Spilly (<strong>Araquanid</strong>)!<br></div><div class="spacer battle-history"><br></div><h2 class="battle-history">Turn 8</h2><div class="spacer battle-history"><br></div><div class="battle-history">Leif used <strong>Giga Drain</strong>!<br></div><div class="battle-history"><small>(The opposing Spilly lost 35% of its health!)</small><br></div><div class="battle-history"><small>The opposing Spilly had its energy drained!</small><br></div><div class="spacer battle-history"><br></div><div class="battle-history">The opposing Spilly used <strong>Toxic</strong>!<br></div><div class="battle-history"><small>Leif was badly poisoned!</small><br></div><div class="spacer battle-history"><br></div><div class="battle-history"><small>Leif was hurt by poison!</small><br></div><div class="spacer battle-history"><br></div><h2 class="battle-history">Turn 9</h2><div class="chat chatmessage-inkbug1 mine"><strong style="color:#e46e0f"><small>☆</small><span class="username" data-name="inkbug1">inkbug1</span>:</strong> <em>oh shit right this ver of clara has the wrong moves still </em></div><div class="chat chatmessage-inkbug1 mine"><strong style="color:#e46e0f"><small>☆</small><span class="username" data-name="inkbug1">inkbug1</span>:</strong> <em>whoops</em></div><div class="chat chatmessage-inkbug1 mine"><strong style="color:#e46e0f"><small>☆</small><span class="username" data-name="inkbug1">inkbug1</span>:</strong> <em>ill fix that later</em></div><div class="spacer battle-history"><br></div><div class="battle-history">Leif, come back!<br></div><div class="battle-history">Go! Pierre (<strong>Ninetales-Alola</strong>)!<br></div><div class="battle-history">[Pierre's Snow Warning]<br><small>It started to hail!</small><br></div><div class="spacer battle-history"><br></div><div class="battle-history">H2OPulse withdrew Spilly!<br></div><div class="battle-history">H2OPulse sent out Pipa (<strong>Kartana</strong>)!<br></div><div class="spacer battle-history"><br></div><div class="battle-history"><small>(The hail is crashing down.)</small><br></div><div class="battle-history"><small>The opposing Pipa is buffeted by the hail!</small><br></div><div class="battle-history"><small>Your team's Aurora Veil wore off!</small><br></div><div class="spacer battle-history"><br></div><h2 class="battle-history">Turn 10</h2><div class="spacer battle-history"><br></div><div class="battle-history">Pierre, come back!<br></div><div class="battle-history">Go! Iceberg (<strong>Walrein</strong>)!<br></div><div class="spacer battle-history"><br></div><div class="battle-history">The opposing Pipa used <strong>Smart Strike</strong>!<br></div><div class="battle-history"><small>(Iceberg lost <abbr title="−118/362">32.6%</abbr> of its health!)</small><br></div><div class="spacer battle-history"><br></div><div class="battle-history"><small>(The hail is crashing down.)</small><br></div><div class="battle-history"><small>The opposing Pipa is buffeted by the hail!</small><br></div><div class="spacer battle-history"><br></div><h2 class="battle-history">Turn 11</h2><div class="chat"><small>☆H2OPulse left</small></div><div class="chat"><small>☆H2OPulse joined</small></div><div class="spacer battle-history"><br></div><div class="battle-history">H2OPulse withdrew Pipa!<br></div><div class="battle-history">H2OPulse sent out Cattail (<strong>Vaporeon</strong>)!<br></div><div class="spacer battle-history"><br></div><div class="battle-history">Iceberg used <strong>Body Press</strong>!<br></div><div class="battle-history"><small>(The opposing Cattail lost 16% of its health!)</small><br></div><div class="spacer battle-history"><br></div><div class="battle-history"><small>(The hail is crashing down.)</small><br></div><div class="battle-history"><small>The opposing Cattail is buffeted by the hail!</small><br></div><div class="battle-history"><small>The opposing Cattail restored a little HP using its Leftovers!</small><br></div><div class="spacer battle-history"><br></div><h2 class="battle-history">Turn 12</h2><div class="chat"><small>☆H2OPulse left</small></div><div class="spacer battle-history"><br></div><div class="battle-history">Iceberg, come back!<br></div><div class="battle-history">Go! Spearmint (<strong>Glaceon</strong>)!<br></div><div class="spacer battle-history"><br></div><div class="battle-history">The opposing Cattail used <strong>Flip Turn</strong>!<br></div><div class="battle-history"><small>Spearmint avoided the attack!</small><br></div><div class="spacer battle-history"><br></div><div class="battle-history"><small>(The hail is crashing down.)</small><br></div><div class="battle-history"><small>The opposing Cattail is buffeted by the hail!</small><br></div><div class="battle-history"><small>The opposing Cattail restored a little HP using its Leftovers!</small><br></div><div class="spacer battle-history"><br></div><h2 class="battle-history">Turn 13</h2><div class="chat"><small>☆H2OPulse joined</small></div><div class="spacer battle-history"><br></div><div class="battle-history">The opposing Cattail used <strong>Flip Turn</strong>!<br></div><div class="battle-history"><small>(Spearmint lost <abbr title="−31/334">9.3%</abbr> of its health!)</small><br></div><div class="chat chatmessage-h2opulse"><strong style="color:#6e8c2b"><small>☆</small><span class="username" data-name="H2OPulse">H2OPulse</span>:</strong> <em>Hm</em></div><div class="chat chatmessage-h2opulse"><strong style="color:#6e8c2b"><small>☆</small><span class="username" data-name="H2OPulse">H2OPulse</span>:</strong> <em>You're using</em></div><div class="chat chatmessage-h2opulse"><strong style="color:#6e8c2b"><small>☆</small><span class="username" data-name="H2OPulse">H2OPulse</span>:</strong> <em>Roar...?</em></div><div class="spacer battle-history"><br></div><div class="battle-history">H2OPulse withdrew Cattail!<br></div><div class="battle-history">H2OPulse sent out Champignon (<strong>Breloom</strong>)!<br></div><div class="spacer battle-history"><br></div><div class="battle-history">Spearmint used <strong>Heal Bell</strong>!<br></div><div class="battle-history"><small>A bell chimed!</small><br></div><div class="battle-history"><small>Bailey was cured of its poisoning!</small><br></div><div class="battle-history"><small>Leif was cured of its poisoning!</small><br></div><div class="spacer battle-history"><br></div><div class="battle-history"><small>The hail stopped.</small><br></div><div class="battle-history"><small>Spearmint restored a little HP using its Leftovers!</small><br></div><div class="battle-history"><small>The opposing Champignon was badly poisoned!</small><br></div><div class="spacer battle-history"><br></div><h2 class="battle-history">Turn 14</h2><div class="chat chatmessage-h2opulse"><strong style="color:#6e8c2b"><small>☆</small><span class="username" data-name="H2OPulse">H2OPulse</span>:</strong> <em>n</em></div><div class="chat chatmessage-h2opulse"><strong style="color:#6e8c2b"><small>☆</small><span class="username" data-name="H2OPulse">H2OPulse</span>:</strong> <em>why were you so slow what</em></div><div class="chat chatmessage-inkbug1 mine"><strong style="color:#e46e0f"><small>☆</small><span class="username" data-name="inkbug1">inkbug1</span>:</strong> <em>no idea</em></div><div class="spacer battle-history"><br></div><div class="battle-history">Spearmint, come back!<br></div><div class="battle-history">Go! Leif (<strong>Frosmoth</strong>)!<br></div><div class="spacer battle-history"><br></div><div class="battle-history">The opposing Champignon used <strong>Spore</strong>!<br></div><div class="battle-history"><small>Leif fell asleep!</small><br></div><div class="spacer battle-history"><br></div><h2 class="battle-history">Turn 15</h2><div class="chat chatmessage-inkbug1 mine"><strong style="color:#e46e0f"><small>☆</small><span class="username" data-name="inkbug1">inkbug1</span>:</strong> <em>rude</em></div><div class="spacer battle-history"><br></div><div class="battle-history"><small>The opposing Champignon is tightening its focus!</small><br></div><div class="spacer battle-history"><br></div><div class="battle-history">Leif is fast asleep.<br></div><div class="spacer battle-history"><br></div><div class="battle-history">The opposing Champignon used <strong>Focus Punch</strong>!<br></div><div class="battle-history"><small>(Leif lost <abbr title="−245/281">87.2%</abbr> of its health!)</small><br></div><div class="spacer battle-history"><br></div><div class="battle-history">Leif fainted!<br></div><div class="chat chatmessage-inkbug1 mine"><strong style="color:#e46e0f"><small>☆</small><span class="username" data-name="inkbug1">inkbug1</span>:</strong> <em>ok i shouldnt have stayed in on that this is a problem</em></div><div class="spacer battle-history"><br></div><div class="battle-history">Go! Pierre (<strong>Ninetales-Alola</strong>)!<br></div><div class="battle-history">[Pierre's Snow Warning]<br><small>It started to hail!</small><br></div><div class="spacer battle-history"><br></div><h2 class="battle-history">Turn 16</h2><div class="chat"><div class="message"><ul class="utilichart"><li class="result"><span class="col numcol">(PU)</span> <span class="col iconcol"><span class="picon" style="background: transparent url(&quot;//play.pokemonshowdown.com/sprites/pokemonicons-sheet.png?v4&quot;) no-repeat scroll -120px -1170px"></span></span> <span class="col pokemonnamecol" style="white-space: nowrap"><a href="https://dex.pokemonshowdown.com/pokemon/glaceon" target="_blank" rel="noopener">Glaceon</a></span> <span class="col typecol"><img src="https://play.pokemonshowdown.com/sprites/types/Ice.png" alt="Ice" height="14" width="32"></span> <span style="float: left ; min-height: 26px"><span class="col abilitycol">Snow Cloak</span><span class="col abilitycol"><em>Ice Body</em></span></span><span style="float: left ; min-height: 26px"><span class="col statcol"><em>HP</em><br>65</span> <span class="col statcol"><em>Atk</em><br>60</span> <span class="col statcol"><em>Def</em><br>110</span> <span class="col statcol"><em>SpA</em><br>130</span> <span class="col statcol"><em>SpD</em><br>95</span> <span class="col statcol"><em>Spe</em><br>65</span> <span class="col bstcol"><em>BST<br>525</em></span> </span></li><li style="clear: both"></li></ul></div></div><div class="chat"><font size="1"><font color="#686868">Dex#:</font> 471&nbsp;|  <font color="#686868">Gen:</font> 4&nbsp;|  <font color="#686868">Height:</font> 0.8 m&nbsp;|  <font color="#686868">Weight:</font> 25.9 kg <em>(60 BP)</em>&nbsp;|  <font color="#686868">Dex Colour:</font> Blue&nbsp;|  <font color="#686868">Egg Group(s):</font> Field&nbsp;|  <font color="#686868">Does Not Evolve</font></font></div><div class="spacer battle-history"><br></div><div class="battle-history">H2OPulse withdrew Champignon!<br></div><div class="battle-history">H2OPulse sent out Cattail (<strong>Vaporeon</strong>)!<br></div><div class="spacer battle-history"><br></div><div class="battle-history">Pierre used <strong>Freeze-Dry</strong>!<br></div><div class="battle-history"><small>It's super effective!</small><br></div><div class="battle-history"><small>(The opposing Cattail lost 33% of its health!)</small><br></div><div class="spacer battle-history"><br></div><div class="battle-history"><small>(The hail is crashing down.)</small><br></div><div class="battle-history"><small>The opposing Cattail is buffeted by the hail!</small><br></div><div class="battle-history"><small>The opposing Cattail restored a little HP using its Leftovers!</small><br></div><div class="spacer battle-history"><br></div><h2 class="battle-history">Turn 17</h2><div class="chat"><div class="message"><ul class="utilichart"><li class="result"><span class="col numcol">NU</span> <span class="col iconcol"><span class="picon" style="background: transparent url(&quot;//play.pokemonshowdown.com/sprites/pokemonicons-sheet.png?v4&quot;) no-repeat scroll -80px -330px"></span></span> <span class="col pokemonnamecol" style="white-space: nowrap"><a href="https://dex.pokemonshowdown.com/pokemon/vaporeon" target="_blank" rel="noopener">Vaporeon</a></span> <span class="col typecol"><img src="https://play.pokemonshowdown.com/sprites/types/Water.png" alt="Water" height="14" width="32"></span> <span style="float: left ; min-height: 26px"><span class="col abilitycol">Water Absorb</span><span class="col abilitycol"><em>Hydration</em></span></span><span style="float: left ; min-height: 26px"><span class="col statcol"><em>HP</em><br>130</span> <span class="col statcol"><em>Atk</em><br>65</span> <span class="col statcol"><em>Def</em><br>60</span> <span class="col statcol"><em>SpA</em><br>110</span> <span class="col statcol"><em>SpD</em><br>95</span> <span class="col statcol"><em>Spe</em><br>65</span> <span class="col bstcol"><em>BST<br>525</em></span> </span></li><li style="clear: both"></li></ul></div></div><div class="chat"><font size="1"><font color="#686868">Dex#:</font> 134&nbsp;|  <font color="#686868">Gen:</font> 1&nbsp;|  <font color="#686868">Height:</font> 1 m&nbsp;|  <font color="#686868">Weight:</font> 29 kg <em>(60 BP)</em>&nbsp;|  <font color="#686868">Dex Colour:</font> Blue&nbsp;|  <font color="#686868">Egg Group(s):</font> Field&nbsp;|  <font color="#686868">Does Not Evolve</font></font></div><div class="chat chatmessage-inkbug1 mine"><strong style="color:#e46e0f"><small>☆</small><span class="username" data-name="inkbug1">inkbug1</span>:</strong> <em>well glaceon and vaporeon seem to have the same base speed</em></div><div class="chat chatmessage-inkbug1 mine"><strong style="color:#e46e0f"><small>☆</small><span class="username" data-name="inkbug1">inkbug1</span>:</strong> <em>maybe they tie</em></div><div class="spacer battle-history"><br></div><div class="battle-history">Pierre used <strong>Aurora Veil</strong>!<br></div><div class="battle-history"><small>Aurora Veil made your team stronger against physical and special moves!</small><br></div><div class="spacer battle-history"><br></div><div class="battle-history">The opposing Cattail used <strong>Flip Turn</strong>!<br></div><div class="battle-history"><small>(Pierre lost <abbr title="−30/350">8.6%</abbr> of its health!)</small><br></div><div class="chat chatmessage-h2opulse"><strong style="color:#6e8c2b"><small>☆</small><span class="username" data-name="H2OPulse">H2OPulse</span>:</strong> <em>Ohhhh fair</em></div><div class="chat"><small>☆H2OPulse left</small></div><div class="chat"><small>☆H2OPulse joined</small></div><div class="chat chatmessage-inkbug1 mine"><strong style="color:#e46e0f"><small>☆</small><span class="username" data-name="inkbug1">inkbug1</span>:</strong> <em>mine is 0ev neutral so </em></div><div class="spacer battle-history"><br></div><div class="battle-history">H2OPulse withdrew Cattail!<br></div><div class="battle-history">H2OPulse sent out Pipa (<strong>Kartana</strong>)!<br></div><div class="spacer battle-history"><br></div><div class="battle-history"><small>(The hail is crashing down.)</small><br></div><div class="battle-history"><small>The opposing Pipa is buffeted by the hail!</small><br></div><div class="spacer battle-history"><br></div><h2 class="battle-history">Turn 18</h2><div class="spacer battle-history"><br></div><div class="battle-history">Pierre, come back!<br></div><div class="battle-history">Go! Clara (<strong>Sandslash-Alola</strong>)!<br></div><div class="spacer battle-history"><br></div><div class="battle-history">The opposing Pipa used <strong>Leaf Blade</strong>!<br></div><div class="battle-history"><small>It's not very effective...</small><br></div><div class="battle-history"><small>(Clara lost <abbr title="−40/291">13.7%</abbr> of its health!)</small><br></div><div class="spacer battle-history"><br></div><div class="battle-history"><small>(The hail is crashing down.)</small><br></div><div class="battle-history"><small>The opposing Pipa is buffeted by the hail!</small><br></div><div class="spacer battle-history"><br></div><h2 class="battle-history">Turn 19</h2><div class="chat chatmessage-inkbug1 mine"><strong style="color:#e46e0f"><small>☆</small><span class="username" data-name="inkbug1">inkbug1</span>:</strong> <em>oh dang good switch me</em></div><div class="spacer battle-history"><br></div><div class="battle-history">H2OPulse withdrew Pipa!<br></div><div class="battle-history">H2OPulse sent out Spilly (<strong>Araquanid</strong>)!<br></div><div class="spacer battle-history"><br></div><div class="battle-history">Clara used <strong>Icicle Crash</strong>!<br></div><div class="battle-history"><small>It's not very effective...</small><br></div><div class="battle-history"><small>A critical hit!</small><br></div><div class="battle-history"><small>(The opposing Spilly lost 40% of its health!)</small><br></div><div class="battle-history"><small>Clara lost some of its HP!</small><br></div><div class="spacer battle-history"><br></div><div class="battle-history"><small>(The hail is crashing down.)</small><br></div><div class="battle-history"><small>The opposing Spilly is buffeted by the hail!</small><br></div><div class="spacer battle-history"><br></div><h2 class="battle-history">Turn 20</h2><div class="chat chatmessage-inkbug1 mine"><strong style="color:#e46e0f"><small>☆</small><span class="username" data-name="inkbug1">inkbug1</span>:</strong> <em>man remember when triple axel didnt exist those were dark days</em></div><div class="chat chatmessage-h2opulse"><strong style="color:#6e8c2b"><small>☆</small><span class="username" data-name="H2OPulse">H2OPulse</span>:</strong> <em>Fhfjgjjg</em></div><div class="spacer battle-history"><br></div><div class="battle-history">Clara, come back!<br></div><div class="battle-history">Go! Bailey (<strong>Aurorus-Mega</strong>)!<br></div><div class="spacer battle-history"><br></div><div class="battle-history">The opposing Spilly used <strong>Sticky Web</strong>!<br></div><div class="battle-history"><small>A sticky web has been laid out on the ground around your team!</small><br></div><div class="spacer battle-history"><br></div><div class="battle-history"><small>The hail stopped.</small><br></div><div class="spacer battle-history"><br></div><h2 class="battle-history">Turn 21</h2><div class="chat chatmessage-inkbug1 mine"><strong style="color:#e46e0f"><small>☆</small><span class="username" data-name="inkbug1">inkbug1</span>:</strong> <em>oh i was counting on the hail to ko there.</em></div><div class="chat chatmessage-inkbug1 mine"><strong style="color:#e46e0f"><small>☆</small><span class="username" data-name="inkbug1">inkbug1</span>:</strong> <em>haha oops</em></div><div class="spacer battle-history"><br></div><div class="battle-history">Bailey used <strong>Rapid Spin</strong>!<br></div><div class="battle-history"><small>(The opposing Spilly lost 1% of its health!)</small><br></div><div class="battle-history"><small>Bailey's Speed rose!</small><br></div><div class="battle-history"><small>The sticky web has disappeared from the ground around your team!</small><br></div><div class="spacer battle-history"><br></div><div class="battle-history">The opposing Spilly fainted!<br></div><div class="spacer battle-history"><br></div><div class="battle-history">H2OPulse sent out Miko (<strong>Lycanroc</strong>)!<br></div><div class="spacer battle-history"><br></div><h2 class="battle-history">Turn 22</h2><div class="chat chatmessage-inkbug1 mine"><strong style="color:#e46e0f"><small>☆</small><span class="username" data-name="inkbug1">inkbug1</span>:</strong> <em>that will do</em></div><div class="spacer battle-history"><br></div><div class="battle-history"><small>The opposing Miko's Lycanite is reacting to the Key Stone!</small><br>The opposing Miko has Mega Evolved into Mega Lycanroc!<br></div><div class="chat"><ul class="utilichart"><li class="result"><span class="col pokemonnamecol" style="white-space: nowrap">Lycanroc-Mega</span> <span class="col typecol"><img src="https://play.pokemonshowdown.com/sprites/types/Rock.png" alt="Rock" height="14" width="32"><img src="https://play.pokemonshowdown.com/sprites/types/Normal.png" alt="Normal" height="14" width="32"></span> <span style="float: left ; min-height: 26px"><span class="col abilitycol">Down-to-Earth</span><span class="col abilitycol"></span></span><span style="float: left ; min-height: 26px"><span class="col statcol"><em>HP</em><br>75</span> <span class="col statcol"><em>Atk</em><br>130</span> <span class="col statcol"><em>Def</em><br>115</span> <span class="col statcol"><em>SpA</em><br>55</span> <span class="col statcol"><em>SpD</em><br>75</span> <span class="col statcol"><em>Spe</em><br>137</span> </span></li><li style="clear: both"></li></ul></div><div class="spacer battle-history"><br></div><div class="battle-history">The opposing Miko used <strong>Substitute</strong>!<br></div><div class="battle-history"><small>The opposing Miko put in a substitute!</small><br></div><div class="battle-history"><small>(The opposing Miko lost 24% of its health!)</small><br></div><div class="spacer battle-history"><br></div><div class="battle-history">Bailey used <strong>Volt Switch</strong>!<br></div><div class="battle-history"><small>The opposing Miko's substitute faded!</small><br></div><div class="chat chatmessage-inkbug1 mine"><strong style="color:#e46e0f"><small>☆</small><span class="username" data-name="inkbug1">inkbug1</span>:</strong> <em>oh damn that hits </em></div><div class="chat chatmessage-inkbug1 mine"><strong style="color:#e46e0f"><small>☆</small><span class="username" data-name="inkbug1">inkbug1</span>:</strong> <em>i was high key expecting that not to break it</em></div><div class="spacer battle-history"><br></div><div class="battle-history">Bailey went back to inkbug1!<br></div><div class="battle-history">Go! Iceberg (<strong>Walrein</strong>)!<br></div><div class="spacer battle-history"><br></div><h2 class="battle-history">Turn 23</h2><div class="chat chatmessage-h2opulse"><strong style="color:#6e8c2b"><small>☆</small><span class="username" data-name="H2OPulse">H2OPulse</span>:</strong> <em>Fjjfjgjg fai r</em></div><div class="spacer battle-history"><br></div><div class="battle-history">H2OPulse withdrew Miko!<br></div><div class="battle-history">H2OPulse sent out Cattail (<strong>Vaporeon</strong>)!<br></div><div class="spacer battle-history"><br></div><div class="battle-history">Iceberg used <strong>Body Press</strong>!<br></div><div class="battle-history"><small>(The opposing Cattail lost 17% of its health!)</small><br></div><div class="spacer battle-history"><br></div><div class="battle-history"><small>The opposing Cattail restored a little HP using its Leftovers!</small><br></div><div class="spacer battle-history"><br></div><h2 class="battle-history">Turn 24</h2><div class="spacer battle-history"><br></div><div class="battle-history">Iceberg, come back!<br></div><div class="battle-history">Go! Bailey (<strong>Aurorus-Mega</strong>)!<br></div><div class="spacer battle-history"><br></div><div class="battle-history">The opposing Cattail used <strong>Wish</strong>!<br></div><div class="spacer battle-history"><br></div><div class="battle-history"><small>The opposing Cattail restored a little HP using its Leftovers!</small><br></div><div class="battle-history"><small>Your team's Aurora Veil wore off!</small><br></div><div class="spacer battle-history"><br></div><h2 class="battle-history">Turn 25</h2><div class="spacer battle-history"><br></div><div class="battle-history">H2OPulse withdrew Cattail!<br></div><div class="battle-history">H2OPulse sent out Miko (<strong>Lycanroc-Mega</strong>)!<br></div><div class="spacer battle-history"><br></div><div class="battle-history">Bailey used <strong>Calm Mind</strong>!<br></div><div class="battle-history"><small>Bailey's Sp. Atk rose!</small><br></div><div class="battle-history"><small>Bailey's Sp. Def rose!</small><br></div><div class="spacer battle-history"><br></div><div class="battle-history"><small>Cattail's wish came true!</small><br></div><div class="spacer battle-history"><br></div><h2 class="battle-history">Turn 26</h2><div class="spacer battle-history"><br></div><div class="battle-history">The opposing Miko used <strong>Stone Edge</strong>!<br></div><div class="battle-history"><small>It's super effective!</small><br></div><div class="battle-history"><small>(Bailey lost <abbr title="−308/450">68.4%</abbr> of its health!)</small><br></div><div class="spacer battle-history"><br></div><div class="battle-history">Bailey used <strong>Earth Power</strong>!<br></div><div class="battle-history"><small>It's super effective!</small><br></div><div class="battle-history"><small>(The opposing Miko lost 100% of its health!)</small><br></div><div class="spacer battle-history"><br></div><div class="battle-history">The opposing Miko fainted!<br></div><div class="chat chatmessage-h2opulse"><strong style="color:#6e8c2b"><small>☆</small><span class="username" data-name="H2OPulse">H2OPulse</span>:</strong> <em>OW FAIR</em></div><div class="chat chatmessage-inkbug1 mine"><strong style="color:#e46e0f"><small>☆</small><span class="username" data-name="inkbug1">inkbug1</span>:</strong> <em>oh my god? why did you live that? </em></div><div class="spacer battle-history"><br></div><div class="battle-history">H2OPulse sent out Pipa (<strong>Kartana</strong>)!<br></div><div class="spacer battle-history"><br></div><h2 class="battle-history">Turn 27</h2><div class="chat chatmessage-inkbug1 mine"><strong style="color:#e46e0f"><small>☆</small><span class="username" data-name="inkbug1">inkbug1</span>:</strong> <em>252 def okay thats fair</em></div><div class="chat chatmessage-inkbug1 mine"><strong style="color:#e46e0f"><small>☆</small><span class="username" data-name="inkbug1">inkbug1</span>:</strong> <em>why did i do its evs like that</em></div><div class="spacer battle-history"><br></div><div class="battle-history">The opposing Pipa used <strong>Sacred Sword</strong>!<br></div><div class="battle-history"><small>It's super effective!</small><br></div><div class="battle-history"><small>(Bailey lost <abbr title="−58/450">12.9%</abbr> of its health!)</small><br></div><div class="spacer battle-history"><br></div><div class="battle-history">Bailey fainted!<br></div><div class="battle-history">[The opposing Pipa's Beast Boost]<br></div><div class="battle-history"><small>The opposing Pipa's Attack rose!</small><br></div><div class="spacer battle-history"><br></div><div class="battle-history">Go! Pierre (<strong>Ninetales-Alola</strong>)!<br></div><div class="battle-history">[Pierre's Snow Warning]<br><small>It started to hail!</small><br></div><div class="spacer battle-history"><br></div><h2 class="battle-history">Turn 28</h2><div class="chat chatmessage-h2opulse"><strong style="color:#6e8c2b"><small>☆</small><span class="username" data-name="H2OPulse">H2OPulse</span>:</strong> <em>W</em></div><div class="chat chatmessage-h2opulse"><strong style="color:#6e8c2b"><small>☆</small><span class="username" data-name="H2OPulse">H2OPulse</span>:</strong> <em>wh</em></div><div class="spacer battle-history"><br></div><div class="battle-history">The opposing Pipa used <strong>Sacred Sword</strong>!<br></div><div class="battle-history"><small>(Pierre lost <abbr title="−209/350">59.7%</abbr> of its health!)</small><br></div><div class="spacer battle-history"><br></div><div class="battle-history">Pierre used <strong>Aurora Veil</strong>!<br></div><div class="battle-history"><small>Aurora Veil made your team stronger against physical and special moves!</small><br></div><div class="spacer battle-history"><br></div><div class="battle-history"><small>(The hail is crashing down.)</small><br></div><div class="battle-history"><small>The opposing Pipa is buffeted by the hail!</small><br></div><div class="spacer battle-history"><br></div><h2 class="battle-history">Turn 29</h2><div class="spacer battle-history"><br></div><div class="battle-history">The opposing Pipa used <strong>Sacred Sword</strong>!<br></div><div class="battle-history"><small>(Pierre lost <abbr title="−104/350">29.7%</abbr> of its health!)</small><br></div><div class="spacer battle-history"><br></div><div class="battle-history">Pierre used <strong>Hypnosis</strong>!<br></div><div class="battle-history"><small>The opposing Pipa avoided the attack!</small><br></div><div class="spacer battle-history"><br></div><div class="battle-history"><small>(The hail is crashing down.)</small><br></div><div class="battle-history"><small>The opposing Pipa is buffeted by the hail!</small><br></div><div class="spacer battle-history"><br></div><h2 class="battle-history">Turn 30</h2><div class="chat chatmessage-inkbug1 mine"><strong style="color:#e46e0f"><small>☆</small><span class="username" data-name="inkbug1">inkbug1</span>:</strong> <em>worth a try</em></div><div class="spacer battle-history"><br></div><div class="battle-history">Pierre, come back!<br></div><div class="battle-history">Go! Iceberg (<strong>Walrein</strong>)!<br></div><div class="spacer battle-history"><br></div><div class="battle-history">The opposing Pipa used <strong>Sacred Sword</strong>!<br></div><div class="battle-history"><small>It's super effective!</small><br></div><div class="battle-history"><small>(Iceberg lost <abbr title="−149/362">41.2%</abbr> of its health!)</small><br></div><div class="spacer battle-history"><br></div><div class="battle-history"><small>(The hail is crashing down.)</small><br></div><div class="battle-history"><small>The opposing Pipa is buffeted by the hail!</small><br></div><div class="spacer battle-history"><br></div><h2 class="battle-history">Turn 31</h2><div class="chat chatmessage-inkbug1 mine"><strong style="color:#e46e0f"><small>☆</small><span class="username" data-name="inkbug1">inkbug1</span>:</strong> <em>oof okay nevermind</em></div><div class="spacer battle-history"><br></div><div class="battle-history">The opposing Pipa used <strong>Sacred Sword</strong>!<br></div><div class="battle-history"><small>It's super effective!</small><br></div><div class="battle-history"><small>(Iceberg lost <abbr title="−95/362">26.2%</abbr> of its health!)</small><br></div><div class="spacer battle-history"><br></div><div class="battle-history">Iceberg fainted!<br></div><div class="battle-history">[The opposing Pipa's Beast Boost]<br></div><div class="battle-history"><small>The opposing Pipa's Attack rose!</small><br></div><div class="spacer battle-history"><br></div><div class="battle-history"><small>(The hail is crashing down.)</small><br></div><div class="battle-history"><small>The opposing Pipa is buffeted by the hail!</small><br></div><div class="chat chatmessage-inkbug1 mine"><strong style="color:#e46e0f"><small>☆</small><span class="username" data-name="inkbug1">inkbug1</span>:</strong> <em>gg</em></div><div class="spacer battle-history"><br></div><div class="battle-history">Go! Clara (<strong>Sandslash-Alola</strong>)!<br></div><div class="spacer battle-history"><br></div><h2 class="battle-history">Turn 32</h2><div class="chat chatmessage-h2opulse"><strong style="color:#6e8c2b"><small>☆</small><span class="username" data-name="H2OPulse">H2OPulse</span>:</strong> <em>Good game!!!</em></div><div class="spacer battle-history"><br></div><div class="battle-history">The opposing Pipa used <strong>Sacred Sword</strong>!<br></div><div class="battle-history"><small>It's super effective!</small><br></div><div class="battle-history"><small>(Clara lost <abbr title="−222/291">76.3%</abbr> of its health!)</small><br></div><div class="spacer battle-history"><br></div><div class="battle-history">Clara fainted!<br></div><div class="battle-history">[The opposing Pipa's Beast Boost]<br></div><div class="battle-history"><small>The opposing Pipa's Attack rose!</small><br></div><div class="spacer battle-history"><br></div><div class="battle-history"><small>The hail stopped.</small><br></div><div class="spacer battle-history"><br></div><div class="battle-history">Go! Spearmint (<strong>Glaceon</strong>)!<br></div><div class="spacer battle-history"><br></div><h2 class="battle-history">Turn 33</h2><div class="chat chatmessage-h2opulse"><strong style="color:#6e8c2b"><small>☆</small><span class="username" data-name="H2OPulse">H2OPulse</span>:</strong> <em>Man that was close though actually,,,</em></div><div class="spacer battle-history"><br></div><div class="battle-history">The opposing Pipa used <strong>Sacred Sword</strong>!<br></div><div class="battle-history"><small>It's super effective!</small><br></div><div class="battle-history"><small>(Spearmint lost <abbr title="−205/334">61.4%</abbr> of its health!)</small><br></div><div class="spacer battle-history"><br></div><div class="battle-history">Spearmint used <strong>Roar</strong>!<br></div><div class="spacer battle-history"><br></div><div class="battle-history">Champignon (<strong>Breloom</strong>) was dragged out!<br></div><div class="spacer battle-history"><br></div><div class="battle-history"><small>Spearmint restored a little HP using its Leftovers!</small><br></div><div class="spacer battle-history"><br></div><h2 class="battle-history">Turn 34</h2><div class="chat chatmessage-inkbug1 mine"><strong style="color:#e46e0f"><small>☆</small><span class="username" data-name="inkbug1">inkbug1</span>:</strong> <em>what</em></div><div class="chat chatmessage-inkbug1 mine"><strong style="color:#e46e0f"><small>☆</small><span class="username" data-name="inkbug1">inkbug1</span>:</strong> <em>i shoulda done that sooner</em></div><div class="chat chatmessage-h2opulse"><strong style="color:#6e8c2b"><small>☆</small><span class="username" data-name="H2OPulse">H2OPulse</span>:</strong> <em>Pffff</em></div><div class="spacer battle-history"><br></div><div class="battle-history">The opposing Champignon used <strong>Spore</strong>!<br></div><div class="battle-history"><small>Spearmint fell asleep!</small><br></div><div class="spacer battle-history"><br></div><div class="battle-history">Spearmint is fast asleep.<br></div><div class="spacer battle-history"><br></div><div class="battle-history"><small>Spearmint restored a little HP using its Leftovers!</small><br></div><div class="spacer battle-history"><br></div><h2 class="battle-history">Turn 35</h2><div class="chat chatmessage-inkbug1 mine"><strong style="color:#e46e0f"><small>☆</small><span class="username" data-name="inkbug1">inkbug1</span>:</strong> <em>oh god</em></div><div class="chat chatmessage-inkbug1 mine"><strong style="color:#e46e0f"><small>☆</small><span class="username" data-name="inkbug1">inkbug1</span>:</strong> <em>wind got rly loud for a sec</em></div><div class="spacer battle-history"><br></div><div class="battle-history">The opposing Champignon used <strong>Substitute</strong>!<br></div><div class="battle-history"><small>The opposing Champignon put in a substitute!</small><br></div><div class="battle-history"><small>(The opposing Champignon lost 25% of its health!)</small><br></div><div class="battle-history"><small>Spearmint woke up!</small><br></div><div class="spacer battle-history"><br></div><div class="battle-history">Spearmint used <strong>Roar</strong>!<br></div><div class="spacer battle-history"><br></div><div class="battle-history">Cattail (<strong>Vaporeon</strong>) was dragged out!<br></div><div class="spacer battle-history"><br></div><div class="battle-history"><small>Spearmint restored a little HP using its Leftovers!</small><br></div><div class="battle-history"><small>The opposing Cattail restored a little HP using its Leftovers!</small><br></div><div class="battle-history"><small>Your team's Aurora Veil wore off!</small><br></div><div class="spacer battle-history"><br></div><h2 class="battle-history">Turn 36</h2><div class="spacer battle-history"><br></div><div class="battle-history">Spearmint used <strong>Wish</strong>!<br></div><div class="spacer battle-history"><br></div><div class="battle-history">The opposing Cattail used <strong>Toxic</strong>!<br></div><div class="battle-history"><small>Spearmint was badly poisoned!</small><br></div><div class="spacer battle-history"><br></div><div class="battle-history"><small>Spearmint restored a little HP using its Leftovers!</small><br></div><div class="battle-history"><small>The opposing Cattail restored a little HP using its Leftovers!</small><br></div><div class="battle-history"><small>Spearmint was hurt by poison!</small><br></div><div class="spacer battle-history"><br></div><h2 class="battle-history">Turn 37</h2><div class="spacer battle-history"><br></div><div class="battle-history">Spearmint, come back!<br></div><div class="battle-history">Go! Pierre (<strong>Ninetales-Alola</strong>)!<br></div><div class="battle-history">[Pierre's Snow Warning]<br><small>It started to hail!</small><br></div><div class="spacer battle-history"><br></div><div class="battle-history">The opposing Cattail used <strong>Flip Turn</strong>!<br></div><div class="battle-history"><small>(Pierre lost <abbr title="−7/350">2%</abbr> of its health!)</small><br></div><div class="spacer battle-history"><br></div><div class="battle-history">Pierre fainted!<br></div><div class="spacer battle-history"><br></div><div class="battle-history">H2OPulse withdrew Cattail!<br></div><div class="battle-history">H2OPulse sent out Champignon (<strong>Breloom</strong>)!<br></div><div class="spacer battle-history"><br></div><div class="battle-history"><small>(The hail is crashing down.)</small><br></div><div class="battle-history"><small>The opposing Champignon is buffeted by the hail!</small><br></div><div class="battle-history">[The opposing Champignon's Poison Heal]<br><small>The opposing Champignon had its HP restored.</small><br></div><div class="chat chatmessage-inkbug1 mine"><strong style="color:#e46e0f"><small>☆</small><span class="username" data-name="inkbug1">inkbug1</span>:</strong> <em>nope ok</em></div><div class="chat chatmessage-inkbug1 mine"><strong style="color:#e46e0f"><small>☆</small><span class="username" data-name="inkbug1">inkbug1</span>:</strong> <em>adasd</em></div><div class="spacer battle-history"><br></div><div class="battle-history">Go! Spearmint (<strong>Glaceon</strong>)!<br></div><div class="spacer battle-history"><br></div><h2 class="battle-history">Turn 38</h2><div class="spacer battle-history"><br></div><div class="battle-history"><small>The opposing Champignon is tightening its focus!</small><br></div><div class="spacer battle-history"><br></div><div class="battle-history">Spearmint used <strong>Weather Ball</strong>!<br></div><div class="battle-history"><small>It's super effective!</small><br></div><div class="battle-history"><small>(The opposing Champignon lost 82% of its health!)</small><br></div><div class="spacer battle-history"><br></div><div class="battle-history">The opposing Champignon fainted!<br></div><div class="spacer battle-history"><br></div><div class="battle-history"><small>(The hail is crashing down.)</small><br></div><div class="battle-history"><small>Spearmint restored a little HP using its Leftovers!</small><br></div><div class="battle-history"><small>Spearmint was hurt by poison!</small><br></div><div class="spacer battle-history"><br></div><div class="battle-history">H2OPulse sent out Pipa (<strong>Kartana</strong>)!<br></div><div class="spacer battle-history"><br></div><h2 class="battle-history">Turn 39</h2><div class="chat chatmessage-inkbug1 mine"><strong style="color:#e46e0f"><small>☆</small><span class="username" data-name="inkbug1">inkbug1</span>:</strong> <em>oh y god</em></div><div class="chat chatmessage-h2opulse"><strong style="color:#6e8c2b"><small>☆</small><span class="username" data-name="H2OPulse">H2OPulse</span>:</strong> <em>Worth a shot,,,</em></div><div class="spacer battle-history"><br></div><div class="battle-history">The opposing Pipa used <strong>Smart Strike</strong>!<br></div><div class="battle-history"><small>It's super effective!</small><br></div><div class="battle-history"><small>(Spearmint lost <abbr title="−178/334">53.3%</abbr> of its health!)</small><br></div><div class="spacer battle-history"><br></div><div class="battle-history">Spearmint fainted!<br></div><div class="spacer battle-history"><br></div><div class="battle-history"><strong>H2OPulse</strong> won the battle!<br></div><div class="chat chatmessage-inkbug1 mine"><strong style="color:#e46e0f"><small>☆</small><span class="username" data-name="inkbug1">inkbug1</span>:</strong> <em>gg! </em></div><div class="chat chatmessage-h2opulse"><strong style="color:#6e8c2b"><small>☆</small><span class="username" data-name="H2OPulse">H2OPulse</span>:</strong> <em>Good game!!!!</em></div><div class="chat chatmessage-inkbug1 mine"><strong style="color:#e46e0f"><small>☆</small><span class="username" data-name="inkbug1">inkbug1</span>:</strong> <em>that went a bit better than i expected tbh</em></div><div class="chat chatmessage-inkbug1 mine"><strong style="color:#e46e0f"><small>☆</small><span class="username" data-name="inkbug1">inkbug1</span>:</strong> <em>wanna do like 1 more random b4 i call it or</em></div><div class="chat chatmessage-inkbug1 mine"><strong style="color:#e46e0f"><small>☆</small><span class="username" data-name="inkbug1">inkbug1</span>:</strong> <em>or another normal match </em></div><div class="chat chatmessage-h2opulse"><strong style="color:#6e8c2b"><small>☆</small><span class="username" data-name="H2OPulse">H2OPulse</span>:</strong> <em>Oh sure!!! Would do either one!</em></div></div><div class="inner-preempt message-log"></div></div></div>
</div>
<script>
let daily = Math.floor(Date.now()/1000/60/60/24);document.write('<script src="https://play.pokemonshowdown.com/js/replay-embed.js?version'+daily+'"></'+'script>');
</script>
