<!DOCTYPE html>
<meta charset="utf-8" />
<!-- version 1 -->
<title>[Gen 8] M4A Submission Sandbox replay: inkbug1 vs. Sticky Fingaa</title>
<style>
html,body {font-family:Verdana, sans-serif;font-size:10pt;margin:0;padding:0;}body{padding:12px 0;} .battle-log {font-family:Verdana, sans-serif;font-size:10pt;} .battle-log-inline {border:1px solid #AAAAAA;background:#EEF2F5;color:black;max-width:640px;margin:0 auto 80px;padding-bottom:5px;} .battle-log .inner {padding:4px 8px 0px 8px;} .battle-log .inner-preempt {padding:0 8px 4px 8px;} .battle-log .inner-after {margin-top:0.5em;} .battle-log h2 {margin:0.5em -8px;padding:4px 8px;border:1px solid #AAAAAA;background:#E0E7EA;border-left:0;border-right:0;font-family:Verdana, sans-serif;font-size:13pt;} .battle-log .chat {vertical-align:middle;padding:3px 0 3px 0;font-size:8pt;} .battle-log .chat strong {color:#40576A;} .battle-log .chat em {padding:1px 4px 1px 3px;color:#000000;font-style:normal;} .chat.mine {background:rgba(0,0,0,0.05);margin-left:-8px;margin-right:-8px;padding-left:8px;padding-right:8px;} .spoiler {color:#BBBBBB;background:#BBBBBB;padding:0px 3px;} .spoiler:hover, .spoiler:active, .spoiler-shown {color:#000000;background:#E2E2E2;padding:0px 3px;} .spoiler a {color:#BBBBBB;} .spoiler:hover a, .spoiler:active a, .spoiler-shown a {color:#2288CC;} .chat code, .chat .spoiler:hover code, .chat .spoiler:active code, .chat .spoiler-shown code {border:1px solid #C0C0C0;background:#EEEEEE;color:black;padding:0 2px;} .chat .spoiler code {border:1px solid #CCCCCC;background:#CCCCCC;color:#CCCCCC;} .battle-log .rated {padding:3px 4px;} .battle-log .rated strong {color:white;background:#89A;padding:1px 4px;border-radius:4px;} .spacer {margin-top:0.5em;} .message-announce {background:#6688AA;color:white;padding:1px 4px 2px;} .message-announce a, .broadcast-green a, .broadcast-blue a, .broadcast-red a {color:#DDEEFF;} .broadcast-green {background-color:#559955;color:white;padding:2px 4px;} .broadcast-blue {background-color:#6688AA;color:white;padding:2px 4px;} .infobox {border:1px solid #6688AA;padding:2px 4px;} .infobox-limited {max-height:200px;overflow:auto;overflow-x:hidden;} .broadcast-red {background-color:#AA5544;color:white;padding:2px 4px;} .message-learn-canlearn {font-weight:bold;color:#228822;text-decoration:underline;} .message-learn-cannotlearn {font-weight:bold;color:#CC2222;text-decoration:underline;} .message-effect-weak {font-weight:bold;color:#CC2222;} .message-effect-resist {font-weight:bold;color:#6688AA;} .message-effect-immune {font-weight:bold;color:#666666;} .message-learn-list {margin-top:0;margin-bottom:0;} .message-throttle-notice, .message-error {color:#992222;} .message-overflow, .chat small.message-overflow {font-size:0pt;} .message-overflow::before {font-size:9pt;content:'...';} .subtle {color:#3A4A66;}
</style>
<div class="wrapper replay-wrapper" style="max-width:1180px;margin:0 auto">
<input type="hidden" name="replayid" value="dragonheaven-gen8m4asubmissionsandbox-280" />
<div class="battle"></div><div class="battle-log"></div><div class="replay-controls"></div><div class="replay-controls-2"></div>
<h1 style="font-weight:normal;text-align:center"><strong>[Gen 8] M4A Submission Sandbox</strong><br /><a href="http://pokemonshowdown.com/users/inkbug1" class="subtle" target="_blank">inkbug1</a> vs. <a href="http://pokemonshowdown.com/users/stickyfingaa" class="subtle" target="_blank">Sticky Fingaa</a></h1>
<script type="text/plain" class="battle-log-data">|j|☆inkbug1

|j|☆Sticky Fingaa
|t:|1616966148
|player|p1|inkbug1|burgh|
|player|p2|Sticky Fingaa|cress|
|teamsize|p1|6
|teamsize|p2|6
|gametype|singles
|gen|8
|tier|[Gen 8] M4A Submission Sandbox
|rated|Tournament battle
|clearpoke
|poke|p1|Slowking, F|
|poke|p1|Virizion|
|poke|p1|Eldegoss, M|
|poke|p1|Toxtricity, F|
|poke|p1|Vaporeon, M|
|poke|p1|Krookodile, F|
|poke|p2|Dragonite, F|
|poke|p2|Tapu Lele|
|poke|p2|Heatran, F|
|poke|p2|Rotom-Wash|
|poke|p2|Rillaboom, F|
|poke|p2|Hoopa-Unbound|
|rule|HP Percentage Mod: HP is shown in percentages
|rule|Endless Battle Clause: Forcing endless battles is banned
|rule|OHKO Clause: OHKO moves are banned
|rule|Evasion Moves Clause: Evasion moves are banned
|rule|Species Clause: Limit one of each Pokémon
|rule|Dynamax Clause: You cannot dynamax
|rule|Sleep Clause Mod: Limit one foe put to sleep
|rule|Freeze Clause Mod: Limit one foe frozen
|raw|<img src="https:\/\/www.smogon.com\/forums\/attachments\/banner_2-png.302358\/" height="65" width="381">
|-message|Welcome to Megas for All!
|-message|This is a National Dex-based format where we aim to give a new Mega Evolution to every Pokémon.
|-message|Just like any official format, you can still only Mega Evolve one Pokémon per team!
|-message|You can find our thread and metagame resources here:
|-message|https:\/\/www.smogon.com\/forums\/threads\/3671140\/
|teampreview
|j| gyor
|c|☆Sticky Fingaa|hf
|c|☆inkbug1|u too !
|
|t:|1616966203
|start
|switch|p1a: Shay|Krookodile, F|331\/331
|switch|p2a: Tapu Lele|Tapu Lele, shiny|100\/100
|-fieldstart|move: Psychic Terrain|[from] ability: Psychic Surge|[of] p2a: Tapu Lele
|-ability|p1a: Shay|Intimidate|boost
|-unboost|p2a: Tapu Lele|atk|1
|turn|1
|
|t:|1616966223
|switch|p1a: Ampersand|Toxtricity, F|354\/354
|move|p2a: Tapu Lele|Moonblast|p1a: Ampersand
|-resisted|p1a: Ampersand
|-crit|p1a: Ampersand
|-damage|p1a: Ampersand|111\/354
|-unboost|p1a: Ampersand|spa|1
|
|upkeep
|turn|2
|
|t:|1616966240
|switch|p2a: Heatran|Heatran, F|100\/100
|switch|p1a: Finnigan|Vaporeon, M|464\/464
|
|upkeep
|turn|3
|
|t:|1616966249
|move|p2a: Heatran|Stealth Rock|p1a: Finnigan
|-sidestart|p1: inkbug1|move: Stealth Rock
|move|p1a: Finnigan|Wish|p1a: Finnigan
|
|upkeep
|turn|4
|
|t:|1616966253
|move|p2a: Heatran|Magma Storm|p1a: Finnigan
|-resisted|p1a: Finnigan
|-damage|p1a: Finnigan|368\/464
|-activate|p1a: Finnigan|move: Magma Storm|[of] p2a: Heatran
|move|p1a: Finnigan|Flip Turn|p2a: Heatran
|-supereffective|p2a: Heatran
|-crit|p2a: Heatran
|-damage|p2a: Heatran|61\/100
|
|t:|1616966264
|switch|p1a: Shay|Krookodile, F|331\/331
|-damage|p1a: Shay|311\/331|[from] Stealth Rock
|-ability|p1a: Shay|Intimidate|boost
|-unboost|p2a: Heatran|atk|1
|
|-heal|p1a: Shay|331\/331|[from] move: Wish|[wisher] Finnigan
|upkeep
|turn|5
|
|t:|1616966282
|switch|p2a: Rotom|Rotom-Wash, shiny|100\/100
|move|p1a: Shay|Close Combat|p2a: Rotom
|-damage|p2a: Rotom|59\/100
|-unboost|p1a: Shay|def|1
|-unboost|p1a: Shay|spd|1
|-enditem|p1a: Shay|Eject Pack
|
|t:|1616966297
|switch|p1a: Candyfloss|Eldegoss, M|261\/261
|-damage|p1a: Candyfloss|229\/261|[from] Stealth Rock
|
|-heal|p2a: Rotom|65\/100|[from] item: Leftovers
|-fieldend|move: Psychic Terrain
|upkeep
|turn|6
|j| Maxouille
|
|t:|1616966369
|move|p2a: Rotom|Volt Switch|p1a: Candyfloss
|-resisted|p1a: Candyfloss
|-damage|p1a: Candyfloss|200\/261
|
|t:|1616966372
|switch|p2a: Rillaboom|Rillaboom, F|100\/100|[from]move: Volt Switch
|-fieldstart|move: Grassy Terrain|[from] ability: Grassy Surge|[of] p2a: Rillaboom
|move|p1a: Candyfloss|Leech Seed|p2a: Rillaboom
|-immune|p2a: Rillaboom
|
|-heal|p1a: Candyfloss|216\/261|[from] Grassy Terrain
|upkeep
|turn|7
|
|t:|1616966381
|move|p2a: Rillaboom|U-turn|p1a: Candyfloss
|-supereffective|p1a: Candyfloss
|-damage|p1a: Candyfloss|0 fnt
|faint|p1a: Candyfloss
|l| gyor
|
|t:|1616966440
|switch|p2a: Tapu Lele|Tapu Lele, shiny|100\/100|[from]move: U-turn
|-fieldstart|move: Psychic Terrain|[from] ability: Psychic Surge|[of] p2a: Tapu Lele
|
|upkeep
|
|t:|1616966489
|switch|p1a: Finnigan|Vaporeon, M|368\/464
|-damage|p1a: Finnigan|310\/464|[from] Stealth Rock
|turn|8
|
|t:|1616966493
|move|p2a: Tapu Lele|Psyshock|p1a: Finnigan
|-crit|p1a: Finnigan
|-damage|p1a: Finnigan|0 fnt
|faint|p1a: Finnigan
|
|upkeep
|c|☆inkbug1|yea im not even gonna get 1 
|c|☆inkbug1|such is fate
|
|t:|1616966514
|switch|p1a: Ampersand|Toxtricity, F|111\/354
|-damage|p1a: Ampersand|67\/354|[from] Stealth Rock
|turn|9
|c|☆Sticky Fingaa|uh
|c|☆Sticky Fingaa|u had investment on Vaporeon def?
|
|t:|1616966547
|switch|p2a: Heatran|Heatran, F|61\/100
|detailschange|p1a: Ampersand|Toxtricity-Mega-Nerfed, F
|-mega|p1a: Ampersand|Toxtricity-Nerfed|Toxtricitite
|-ability|p1a: Ampersand|Acid Rock
|-immune|p2a: Heatran
|-start|p1a: Ampersand|typechange|Electric\/Poison|[silent]
|raw|<ul class="utilichart"><li class="result"><span class="col pokemonnamecol" style="white-space: nowrap">Toxtricity-Mega-Nerfed<\/span> <span class="col typecol"><img src="https:\/\/play.pokemonshowdown.com\/sprites\/types\/Electric.png" alt="Electric" height="14" width="32"><img src="https:\/\/play.pokemonshowdown.com\/sprites\/types\/Poison.png" alt="Poison" height="14" width="32"><\/span> <span style="float: left ; min-height: 26px"><span class="col abilitycol">Acid Rock (Nerfed)<\/span><span class="col abilitycol"><\/span><\/span><span style="float: left ; min-height: 26px"><span class="col statcol"><em>HP<\/em><br>75<\/span> <span class="col statcol"><em>Atk<\/em><br>128<\/span> <span class="col statcol"><em>Def<\/em><br>80<\/span> <span class="col statcol"><em>SpA<\/em><br>144<\/span> <span class="col statcol"><em>SpD<\/em><br>80<\/span> <span class="col statcol"><em>Spe<\/em><br>95<\/span> <\/span><\/li><li style="clear: both"><\/li><\/ul>
|move|p1a: Ampersand|Hex|p2a: Heatran
|-damage|p2a: Heatran|36\/100
|
|upkeep
|turn|10
|
|t:|1616966565
|move|p1a: Ampersand|Overdrive|p2a: Heatran
|-damage|p2a: Heatran|0 fnt
|faint|p2a: Heatran
|
|upkeep
|
|t:|1616966573
|switch|p2a: Rillaboom|Rillaboom, F|100\/100
|-fieldstart|move: Grassy Terrain|[from] ability: Grassy Surge|[of] p2a: Rillaboom
|turn|11
|
|t:|1616966587
|switch|p1a: Sprint|Virizion|324\/324
|-damage|p1a: Sprint|304\/324|[from] Stealth Rock
|move|p2a: Rillaboom|Grassy Glide|p1a: Sprint
|-resisted|p1a: Sprint
|-damage|p1a: Sprint|183\/324
|
|-heal|p1a: Sprint|203\/324|[from] Grassy Terrain
|upkeep
|turn|12
|
|t:|1616966598
|switch|p2a: Tapu Lele|Tapu Lele, shiny|100\/100
|-fieldstart|move: Psychic Terrain|[from] ability: Psychic Surge|[of] p2a: Tapu Lele
|move|p1a: Sprint|Calm Mind|p1a: Sprint
|-boost|p1a: Sprint|spa|1
|-boost|p1a: Sprint|spd|1
|
|upkeep
|turn|13
|
|t:|1616966608
|move|p2a: Tapu Lele|Moonblast|p1a: Sprint
|-supereffective|p1a: Sprint
|-damage|p1a: Sprint|0 fnt
|faint|p1a: Sprint
|
|upkeep
|
|t:|1616966618
|switch|p1a: Strombus|Slowking, F|394\/394
|-damage|p1a: Strombus|345\/394|[from] Stealth Rock
|turn|14
|
|t:|1616966636
|switch|p2a: Rotom|Rotom-Wash, shiny|65\/100
|move|p1a: Strombus|Scald|p2a: Rotom
|-resisted|p2a: Rotom
|-damage|p2a: Rotom|51\/100
|
|-heal|p2a: Rotom|58\/100|[from] item: Leftovers
|-heal|p1a: Strombus|369\/394|[from] item: Leftovers
|upkeep
|turn|15
|
|t:|1616966652
|move|p2a: Rotom|Will-O-Wisp|p1a: Strombus
|-status|p1a: Strombus|brn
|move|p1a: Strombus|Nasty Plot|p1a: Strombus
|-boost|p1a: Strombus|spa|2
|
|-heal|p2a: Rotom|64\/100|[from] item: Leftovers
|-heal|p1a: Strombus|393\/394 brn|[from] item: Leftovers
|-damage|p1a: Strombus|369\/394 brn|[from] brn
|upkeep
|turn|16
|
|t:|1616966663
|move|p2a: Rotom|Volt Switch|p1a: Strombus
|-supereffective|p1a: Strombus
|-damage|p1a: Strombus|211\/394 brn
|
|t:|1616966668
|switch|p2a: Hoopa|Hoopa-Unbound|100\/100|[from]move: Volt Switch
|move|p1a: Strombus|Psyshock|p2a: Hoopa
|-immune|p2a: Hoopa
|
|-heal|p1a: Strombus|235\/394 brn|[from] item: Leftovers
|-damage|p1a: Strombus|211\/394 brn|[from] brn
|-fieldend|move: Psychic Terrain
|upkeep
|turn|17
|
|t:|1616966678
|switch|p1a: Shay|Krookodile, F|331\/331
|-damage|p1a: Shay|311\/331|[from] Stealth Rock
|-ability|p1a: Shay|Intimidate|boost
|-unboost|p2a: Hoopa|atk|1
|move|p2a: Hoopa|Focus Blast|p1a: Shay
|-supereffective|p1a: Shay
|-damage|p1a: Shay|0 fnt
|-damage|p2a: Hoopa|91\/100|[from] item: Life Orb
|faint|p1a: Shay
|
|upkeep
|
|t:|1616966703
|switch|p1a: Strombus|Slowking, F|342\/394 brn
|-damage|p1a: Strombus|293\/394 brn|[from] Stealth Rock
|turn|18
|
|t:|1616966711
|move|p2a: Hoopa|Snatch|p2a: Hoopa
|-singleturn|p2a: Hoopa|Snatch
|move|p1a: Strombus|Scald|p2a: Hoopa
|-damage|p2a: Hoopa|62\/100
|
|-heal|p1a: Strombus|317\/394 brn|[from] item: Leftovers
|-damage|p1a: Strombus|293\/394 brn|[from] brn
|upkeep
|turn|19
|c|☆Sticky Fingaa|sad
|
|t:|1616966721
|move|p2a: Hoopa|Hyperspace Fury|p1a: Strombus
|-supereffective|p1a: Strombus
|-damage|p1a: Strombus|17\/394 brn
|-unboost|p2a: Hoopa|def|1
|-damage|p2a: Hoopa|52\/100|[from] item: Life Orb
|move|p1a: Strombus|Scald|p2a: Hoopa
|-damage|p2a: Hoopa|23\/100
|
|-heal|p1a: Strombus|41\/394 brn|[from] item: Leftovers
|-damage|p1a: Strombus|17\/394 brn|[from] brn
|upkeep
|turn|20
|
|t:|1616966732
|move|p2a: Hoopa|Hyperspace Fury|p1a: Strombus
|-supereffective|p1a: Strombus
|-damage|p1a: Strombus|0 fnt
|-unboost|p2a: Hoopa|def|1
|-damage|p2a: Hoopa|13\/100|[from] item: Life Orb
|faint|p1a: Strombus
|
|upkeep
|
|t:|1616966741
|switch|p1a: Ampersand|Toxtricity-Mega-Nerfed, F|67\/354
|-start|p1a: Ampersand|typechange|Electric\/Poison|[silent]
|-damage|p1a: Ampersand|23\/354|[from] Stealth Rock
|-status|p2a: Hoopa|psn|[from] ability: Acid Rock (Nerfed)|[of] p1a: Ampersand
|turn|21
|l| Maxouille
|
|t:|1616966759
|move|p2a: Hoopa|Psychic|p1a: Ampersand
|-supereffective|p1a: Ampersand
|-damage|p1a: Ampersand|0 fnt
|-damage|p2a: Hoopa|3\/100 psn|[from] item: Life Orb
|faint|p1a: Ampersand
|
|win|Sticky Fingaa
|c|☆Sticky Fingaa|gg
|c|☆inkbug1|gg :')
|c|☆Sticky Fingaa|lol
|l|☆Sticky Fingaa</script>
</div>
<div class="battle-log battle-log-inline"><div class="inner"><div class="battle-options"><div style="padding-top: 3px; padding-right: 3px; text-align: right"><button class="icon button" name="openBattleOptions" title="Options">Battle Options</button></div></div><div class="inner message-log"><div class="chat"><small>☆inkbug1 and ☆Sticky Fingaa joined</small></div><div class=""><small>Format:</small> <br><strong>[Gen 8] M4A Submission Sandbox</strong></div><div class="rated"><strong>Tournament battle</strong></div><div class=""><small><em>HP Percentage Mod:</em> HP is shown in percentages</small></div><div class=""><small><em>Endless Battle Clause:</em> Forcing endless battles is banned</small></div><div class=""><small><em>OHKO Clause:</em> OHKO moves are banned</small></div><div class=""><small><em>Evasion Moves Clause:</em> Evasion moves are banned</small></div><div class=""><small><em>Species Clause:</em> Limit one of each Pokémon</small></div><div class=""><small><em>Dynamax Clause:</em> You cannot dynamax</small></div><div class=""><small><em>Sleep Clause Mod:</em> Limit one foe put to sleep</small></div><div class=""><small><em>Freeze Clause Mod:</em> Limit one foe frozen</small></div><div class="chat"><img src="https://www.smogon.com/forums/attachments/banner_2-png.302358/" height="65" width="381"></div><div class="spacer battle-history"><br></div><div class="battle-history"><small>Welcome to Megas for All!</small><br></div><div class="battle-history"><small>This is a National Dex-based format where we aim to give a new Mega Evolution to every Pokémon.</small><br></div><div class="battle-history"><small>Just like any official format, you can still only Mega Evolve one Pokémon per team!</small><br></div><div class="battle-history"><small>You can find our thread and metagame resources here:</small><br></div><div class="battle-history"><small>https://www.smogon.com/forums/threads/3671140/</small><br></div><div class="chat battle-history"><strong>inkbug1's team:</strong> <em style="color:#445566;display:block;">Slowking / Virizion / Eldegoss / Toxtricity / Vaporeon / Krookodile</em></div><div class="chat battle-history"><strong>Sticky Fingaa's team:</strong> <em style="color:#445566;display:block;">Dragonite / Tapu Lele / Heatran / Rotom-Wash / Rillaboom / Hoopa-Unbound</em></div><div class="chat"><small> gyor joined</small></div><div class="chat chatmessage-stickyfingaa"><strong style="color:#e76311"><small>☆</small><span class="username" data-name="Sticky Fingaa">Sticky Fingaa</span>:</strong> <em>hf</em></div><div class="chat chatmessage-inkbug1 mine"><strong style="color:#e46e0f"><small>☆</small><span class="username" data-name="inkbug1">inkbug1</span>:</strong> <em>u too !</em></div><div class="spacer battle-history"><br></div><div class="battle-history">Battle started between inkbug1 and Sticky Fingaa!<br></div><div class="spacer battle-history"><br></div><div class="battle-history">Go! Shay (<strong>Krookodile</strong>)!<br></div><div class="spacer battle-history"><br></div><div class="battle-history">Sticky Fingaa sent out <strong>Tapu Lele</strong>!<br></div><div class="battle-history">[The opposing Tapu Lele's Psychic Surge]<br><small>The battlefield got weird!</small><br></div><div class="battle-history">[Shay's Intimidate]<br></div><div class="battle-history"><small>The opposing Tapu Lele's Attack fell!</small><br></div><div class="spacer battle-history"><br></div><h2 class="battle-history">Turn 1</h2><div class="spacer battle-history"><br></div><div class="battle-history">Shay, come back!<br></div><div class="battle-history">Go! Ampersand (<strong>Toxtricity</strong>)!<br></div><div class="spacer battle-history"><br></div><div class="battle-history">The opposing Tapu Lele used <strong>Moonblast</strong>!<br></div><div class="battle-history"><small>It's not very effective...</small><br></div><div class="battle-history"><small>A critical hit!</small><br></div><div class="battle-history"><small>(Ampersand lost <abbr title="−243/354">68.6%</abbr> of its health!)</small><br></div><div class="battle-history"><small>Ampersand's Sp. Atk fell!</small><br></div><div class="spacer battle-history"><br></div><h2 class="battle-history">Turn 2</h2><div class="spacer battle-history"><br></div><div class="battle-history">Sticky Fingaa withdrew Tapu Lele!<br></div><div class="battle-history">Sticky Fingaa sent out <strong>Heatran</strong>!<br></div><div class="spacer battle-history"><br></div><div class="battle-history">Ampersand, come back!<br></div><div class="battle-history">Go! Finnigan (<strong>Vaporeon</strong>)!<br></div><div class="spacer battle-history"><br></div><h2 class="battle-history">Turn 3</h2><div class="spacer battle-history"><br></div><div class="battle-history">The opposing Heatran used <strong>Stealth Rock</strong>!<br></div><div class="battle-history"><small>Pointed stones float in the air around your team!</small><br></div><div class="spacer battle-history"><br></div><div class="battle-history">Finnigan used <strong>Wish</strong>!<br></div><div class="spacer battle-history"><br></div><h2 class="battle-history">Turn 4</h2><div class="spacer battle-history"><br></div><div class="battle-history">The opposing Heatran used <strong>Magma Storm</strong>!<br></div><div class="battle-history"><small>It's not very effective...</small><br></div><div class="battle-history"><small>(Finnigan lost <abbr title="−96/464">20.7%</abbr> of its health!)</small><br></div><div class="battle-history"><small>Finnigan became trapped by swirling magma!</small><br></div><div class="spacer battle-history"><br></div><div class="battle-history">Finnigan used <strong>Flip Turn</strong>!<br></div><div class="battle-history"><small>It's super effective!</small><br></div><div class="battle-history"><small>A critical hit!</small><br></div><div class="battle-history"><small>(The opposing Heatran lost 39% of its health!)</small><br></div><div class="spacer battle-history"><br></div><div class="battle-history">Finnigan, come back!<br></div><div class="battle-history">Go! Shay (<strong>Krookodile</strong>)!<br></div><div class="battle-history"><small>Pointed stones dug into Shay!</small><br></div><div class="battle-history">[Shay's Intimidate]<br></div><div class="battle-history"><small>The opposing Heatran's Attack fell!</small><br></div><div class="spacer battle-history"><br></div><div class="battle-history"><small>Finnigan's wish came true!</small><br></div><div class="spacer battle-history"><br></div><h2 class="battle-history">Turn 5</h2><div class="spacer battle-history"><br></div><div class="battle-history">Sticky Fingaa withdrew Heatran!<br></div><div class="battle-history">Sticky Fingaa sent out Rotom (<strong>Rotom-Wash</strong>)!<br></div><div class="spacer battle-history"><br></div><div class="battle-history">Shay used <strong>Close Combat</strong>!<br></div><div class="battle-history"><small>(The opposing Rotom lost 41% of its health!)</small><br></div><div class="battle-history"><small>Shay's Defense fell!</small><br></div><div class="battle-history"><small>Shay's Sp. Def fell!</small><br></div><div class="battle-history"><small>(Shay used its Eject Pack!)</small><br></div><div class="spacer battle-history"><br></div><div class="battle-history">Shay, come back!<br></div><div class="battle-history">Go! Candyfloss (<strong>Eldegoss</strong>)!<br></div><div class="battle-history"><small>Pointed stones dug into Candyfloss!</small><br></div><div class="spacer battle-history"><br></div><div class="battle-history"><small>The opposing Rotom restored a little HP using its Leftovers!</small><br></div><div class="battle-history"><small>The weirdness disappeared from the battlefield!</small><br></div><div class="spacer battle-history"><br></div><h2 class="battle-history">Turn 6</h2><div class="chat"><small> Maxouille joined</small></div><div class="spacer battle-history"><br></div><div class="battle-history">The opposing Rotom used <strong>Volt Switch</strong>!<br></div><div class="battle-history"><small>It's not very effective...</small><br></div><div class="battle-history"><small>(Candyfloss lost <abbr title="−29/261">11.1%</abbr> of its health!)</small><br></div><div class="spacer battle-history"><br></div><div class="battle-history">The opposing Rotom went back to Sticky Fingaa!<br></div><div class="battle-history">Sticky Fingaa sent out <strong>Rillaboom</strong>!<br></div><div class="battle-history">[The opposing Rillaboom's Grassy Surge]<br><small>Grass grew to cover the battlefield!</small><br></div><div class="spacer battle-history"><br></div><div class="battle-history">Candyfloss used <strong>Leech Seed</strong>!<br></div><div class="battle-history"><small>It doesn't affect the opposing Rillaboom...</small><br></div><div class="spacer battle-history"><br></div><div class="battle-history"><small>Candyfloss's HP was restored.</small><br></div><div class="spacer battle-history"><br></div><h2 class="battle-history">Turn 7</h2><div class="spacer battle-history"><br></div><div class="battle-history">The opposing Rillaboom used <strong>U-turn</strong>!<br></div><div class="battle-history"><small>It's super effective!</small><br></div><div class="battle-history"><small>(Candyfloss lost <abbr title="−216/261">82.8%</abbr> of its health!)</small><br></div><div class="spacer battle-history"><br></div><div class="battle-history">Candyfloss fainted!<br></div><div class="chat"><small> gyor left</small></div><div class="spacer battle-history"><br></div><div class="battle-history">The opposing Rillaboom went back to Sticky Fingaa!<br></div><div class="battle-history">Sticky Fingaa sent out <strong>Tapu Lele</strong>!<br></div><div class="battle-history">[The opposing Tapu Lele's Psychic Surge]<br><small>The battlefield got weird!</small><br></div><div class="spacer battle-history"><br></div><div class="battle-history">Go! Finnigan (<strong>Vaporeon</strong>)!<br></div><div class="battle-history"><small>Pointed stones dug into Finnigan!</small><br></div><div class="spacer battle-history"><br></div><h2 class="battle-history">Turn 8</h2><div class="spacer battle-history"><br></div><div class="battle-history">The opposing Tapu Lele used <strong>Psyshock</strong>!<br></div><div class="battle-history"><small>A critical hit!</small><br></div><div class="battle-history"><small>(Finnigan lost <abbr title="−310/464">66.8%</abbr> of its health!)</small><br></div><div class="spacer battle-history"><br></div><div class="battle-history">Finnigan fainted!<br></div><div class="chat chatmessage-inkbug1 mine"><strong style="color:#e46e0f"><small>☆</small><span class="username" data-name="inkbug1">inkbug1</span>:</strong> <em>yea im not even gonna get 1 </em></div><div class="chat chatmessage-inkbug1 mine"><strong style="color:#e46e0f"><small>☆</small><span class="username" data-name="inkbug1">inkbug1</span>:</strong> <em>such is fate</em></div><div class="spacer battle-history"><br></div><div class="battle-history">Go! Ampersand (<strong>Toxtricity</strong>)!<br></div><div class="battle-history"><small>Pointed stones dug into Ampersand!</small><br></div><div class="spacer battle-history"><br></div><h2 class="battle-history">Turn 9</h2><div class="chat chatmessage-stickyfingaa"><strong style="color:#e76311"><small>☆</small><span class="username" data-name="Sticky Fingaa">Sticky Fingaa</span>:</strong> <em>uh</em></div><div class="chat chatmessage-stickyfingaa"><strong style="color:#e76311"><small>☆</small><span class="username" data-name="Sticky Fingaa">Sticky Fingaa</span>:</strong> <em>u had investment on Vaporeon def?</em></div><div class="spacer battle-history"><br></div><div class="battle-history">Sticky Fingaa withdrew Tapu Lele!<br></div><div class="battle-history">Sticky Fingaa sent out <strong>Heatran</strong>!<br></div><div class="spacer battle-history"><br></div><div class="battle-history"><small>Ampersand's Toxtricitite is reacting to the Key Stone!</small><br>Ampersand has Mega Evolved into Mega Toxtricity-Nerfed!<br></div><div class="battle-history">[Ampersand's Acid Rock]<br></div><div class="battle-history"><small>It doesn't affect the opposing Heatran...</small><br></div><div class="chat"><ul class="utilichart"><li class="result"><span class="col pokemonnamecol" style="white-space: nowrap">Toxtricity-Mega-Nerfed</span> <span class="col typecol"><img src="https://play.pokemonshowdown.com/sprites/types/Electric.png" alt="Electric" height="14" width="32"><img src="https://play.pokemonshowdown.com/sprites/types/Poison.png" alt="Poison" height="14" width="32"></span> <span style="float: left ; min-height: 26px"><span class="col abilitycol">Acid Rock (Nerfed)</span><span class="col abilitycol"></span></span><span style="float: left ; min-height: 26px"><span class="col statcol"><em>HP</em><br>75</span> <span class="col statcol"><em>Atk</em><br>128</span> <span class="col statcol"><em>Def</em><br>80</span> <span class="col statcol"><em>SpA</em><br>144</span> <span class="col statcol"><em>SpD</em><br>80</span> <span class="col statcol"><em>Spe</em><br>95</span> </span></li><li style="clear: both"></li></ul></div><div class="spacer battle-history"><br></div><div class="battle-history">Ampersand used <strong>Hex</strong>!<br></div><div class="battle-history"><small>(The opposing Heatran lost 25% of its health!)</small><br></div><div class="spacer battle-history"><br></div><h2 class="battle-history">Turn 10</h2><div class="spacer battle-history"><br></div><div class="battle-history">Ampersand used <strong>Overdrive</strong>!<br></div><div class="battle-history"><small>(The opposing Heatran lost 36% of its health!)</small><br></div><div class="spacer battle-history"><br></div><div class="battle-history">The opposing Heatran fainted!<br></div><div class="spacer battle-history"><br></div><div class="battle-history">Sticky Fingaa sent out <strong>Rillaboom</strong>!<br></div><div class="battle-history">[The opposing Rillaboom's Grassy Surge]<br><small>Grass grew to cover the battlefield!</small><br></div><div class="spacer battle-history"><br></div><h2 class="battle-history">Turn 11</h2><div class="spacer battle-history"><br></div><div class="battle-history">Ampersand, come back!<br></div><div class="battle-history">Go! Sprint (<strong>Virizion</strong>)!<br></div><div class="battle-history"><small>Pointed stones dug into Sprint!</small><br></div><div class="spacer battle-history"><br></div><div class="battle-history">The opposing Rillaboom used <strong>Grassy Glide</strong>!<br></div><div class="battle-history"><small>It's not very effective...</small><br></div><div class="battle-history"><small>(Sprint lost <abbr title="−121/324">37.3%</abbr> of its health!)</small><br></div><div class="spacer battle-history"><br></div><div class="battle-history"><small>Sprint's HP was restored.</small><br></div><div class="spacer battle-history"><br></div><h2 class="battle-history">Turn 12</h2><div class="spacer battle-history"><br></div><div class="battle-history">Sticky Fingaa withdrew Rillaboom!<br></div><div class="battle-history">Sticky Fingaa sent out <strong>Tapu Lele</strong>!<br></div><div class="battle-history">[The opposing Tapu Lele's Psychic Surge]<br><small>The battlefield got weird!</small><br></div><div class="spacer battle-history"><br></div><div class="battle-history">Sprint used <strong>Calm Mind</strong>!<br></div><div class="battle-history"><small>Sprint's Sp. Atk rose!</small><br></div><div class="battle-history"><small>Sprint's Sp. Def rose!</small><br></div><div class="spacer battle-history"><br></div><h2 class="battle-history">Turn 13</h2><div class="spacer battle-history"><br></div><div class="battle-history">The opposing Tapu Lele used <strong>Moonblast</strong>!<br></div><div class="battle-history"><small>It's super effective!</small><br></div><div class="battle-history"><small>(Sprint lost <abbr title="−203/324">62.7%</abbr> of its health!)</small><br></div><div class="spacer battle-history"><br></div><div class="battle-history">Sprint fainted!<br></div><div class="spacer battle-history"><br></div><div class="battle-history">Go! Strombus (<strong>Slowking</strong>)!<br></div><div class="battle-history"><small>Pointed stones dug into Strombus!</small><br></div><div class="spacer battle-history"><br></div><h2 class="battle-history">Turn 14</h2><div class="spacer battle-history"><br></div><div class="battle-history">Sticky Fingaa withdrew Tapu Lele!<br></div><div class="battle-history">Sticky Fingaa sent out Rotom (<strong>Rotom-Wash</strong>)!<br></div><div class="spacer battle-history"><br></div><div class="battle-history">Strombus used <strong>Scald</strong>!<br></div><div class="battle-history"><small>It's not very effective...</small><br></div><div class="battle-history"><small>(The opposing Rotom lost 14% of its health!)</small><br></div><div class="spacer battle-history"><br></div><div class="battle-history"><small>The opposing Rotom restored a little HP using its Leftovers!</small><br></div><div class="battle-history"><small>Strombus restored a little HP using its Leftovers!</small><br></div><div class="spacer battle-history"><br></div><h2 class="battle-history">Turn 15</h2><div class="spacer battle-history"><br></div><div class="battle-history">The opposing Rotom used <strong>Will-O-Wisp</strong>!<br></div><div class="battle-history"><small>Strombus was burned!</small><br></div><div class="spacer battle-history"><br></div><div class="battle-history">Strombus used <strong>Nasty Plot</strong>!<br></div><div class="battle-history"><small>Strombus's Sp. Atk rose sharply!</small><br></div><div class="spacer battle-history"><br></div><div class="battle-history"><small>The opposing Rotom restored a little HP using its Leftovers!</small><br></div><div class="battle-history"><small>Strombus restored a little HP using its Leftovers!</small><br></div><div class="battle-history"><small>Strombus was hurt by its burn!</small><br></div><div class="spacer battle-history"><br></div><h2 class="battle-history">Turn 16</h2><div class="spacer battle-history"><br></div><div class="battle-history">The opposing Rotom used <strong>Volt Switch</strong>!<br></div><div class="battle-history"><small>It's super effective!</small><br></div><div class="battle-history"><small>(Strombus lost <abbr title="−158/394">40.1%</abbr> of its health!)</small><br></div><div class="spacer battle-history"><br></div><div class="battle-history">The opposing Rotom went back to Sticky Fingaa!<br></div><div class="battle-history">Sticky Fingaa sent out Hoopa (<strong>Hoopa-Unbound</strong>)!<br></div><div class="spacer battle-history"><br></div><div class="battle-history">Strombus used <strong>Psyshock</strong>!<br></div><div class="battle-history"><small>It doesn't affect the opposing Hoopa...</small><br></div><div class="spacer battle-history"><br></div><div class="battle-history"><small>Strombus restored a little HP using its Leftovers!</small><br></div><div class="battle-history"><small>Strombus was hurt by its burn!</small><br></div><div class="battle-history"><small>The weirdness disappeared from the battlefield!</small><br></div><div class="spacer battle-history"><br></div><h2 class="battle-history">Turn 17</h2><div class="spacer battle-history"><br></div><div class="battle-history">Strombus, come back!<br></div><div class="battle-history">Go! Shay (<strong>Krookodile</strong>)!<br></div><div class="battle-history"><small>Pointed stones dug into Shay!</small><br></div><div class="battle-history">[Shay's Intimidate]<br></div><div class="battle-history"><small>The opposing Hoopa's Attack fell!</small><br></div><div class="spacer battle-history"><br></div><div class="battle-history">The opposing Hoopa used <strong>Focus Blast</strong>!<br></div><div class="battle-history"><small>It's super effective!</small><br></div><div class="battle-history"><small>(Shay lost <abbr title="−311/331">94.0%</abbr> of its health!)</small><br></div><div class="battle-history"><small>The opposing Hoopa lost some of its HP!</small><br></div><div class="spacer battle-history"><br></div><div class="battle-history">Shay fainted!<br></div><div class="spacer battle-history"><br></div><div class="battle-history">Go! Strombus (<strong>Slowking</strong>)!<br></div><div class="battle-history"><small>Pointed stones dug into Strombus!</small><br></div><div class="spacer battle-history"><br></div><h2 class="battle-history">Turn 18</h2><div class="spacer battle-history"><br></div><div class="battle-history">The opposing Hoopa used <strong>Snatch</strong>!<br></div><div class="battle-history"><small>The opposing Hoopa is waiting for a target to make a move!</small><br></div><div class="spacer battle-history"><br></div><div class="battle-history">Strombus used <strong>Scald</strong>!<br></div><div class="battle-history"><small>(The opposing Hoopa lost 29% of its health!)</small><br></div><div class="spacer battle-history"><br></div><div class="battle-history"><small>Strombus restored a little HP using its Leftovers!</small><br></div><div class="battle-history"><small>Strombus was hurt by its burn!</small><br></div><div class="spacer battle-history"><br></div><h2 class="battle-history">Turn 19</h2><div class="chat chatmessage-stickyfingaa"><strong style="color:#e76311"><small>☆</small><span class="username" data-name="Sticky Fingaa">Sticky Fingaa</span>:</strong> <em>sad</em></div><div class="spacer battle-history"><br></div><div class="battle-history">The opposing Hoopa used <strong>Hyperspace Fury</strong>!<br></div><div class="battle-history"><small>It's super effective!</small><br></div><div class="battle-history"><small>(Strombus lost <abbr title="−276/394">70.1%</abbr> of its health!)</small><br></div><div class="battle-history"><small>The opposing Hoopa's Defense fell!</small><br></div><div class="battle-history"><small>The opposing Hoopa lost some of its HP!</small><br></div><div class="spacer battle-history"><br></div><div class="battle-history">Strombus used <strong>Scald</strong>!<br></div><div class="battle-history"><small>(The opposing Hoopa lost 29% of its health!)</small><br></div><div class="spacer battle-history"><br></div><div class="battle-history"><small>Strombus restored a little HP using its Leftovers!</small><br></div><div class="battle-history"><small>Strombus was hurt by its burn!</small><br></div><div class="spacer battle-history"><br></div><h2 class="battle-history">Turn 20</h2><div class="spacer battle-history"><br></div><div class="battle-history">The opposing Hoopa used <strong>Hyperspace Fury</strong>!<br></div><div class="battle-history"><small>It's super effective!</small><br></div><div class="battle-history"><small>(Strombus lost <abbr title="−17/394">4.3%</abbr> of its health!)</small><br></div><div class="battle-history"><small>The opposing Hoopa's Defense fell!</small><br></div><div class="battle-history"><small>The opposing Hoopa lost some of its HP!</small><br></div><div class="spacer battle-history"><br></div><div class="battle-history">Strombus fainted!<br></div><div class="spacer battle-history"><br></div><div class="battle-history">Go! Ampersand (<strong>Toxtricity-Mega-Nerfed</strong>)!<br></div><div class="battle-history"><small>Pointed stones dug into Ampersand!</small><br></div><div class="battle-history">[Ampersand's Acid Rock (Nerfed)]<br><small>The opposing Hoopa was poisoned!</small><br></div><div class="spacer battle-history"><br></div><h2 class="battle-history">Turn 21</h2><div class="chat"><small> Maxouille left</small></div><div class="spacer battle-history"><br></div><div class="battle-history">The opposing Hoopa used <strong>Psychic</strong>!<br></div><div class="battle-history"><small>It's super effective!</small><br></div><div class="battle-history"><small>(Ampersand lost <abbr title="−23/354">6.5%</abbr> of its health!)</small><br></div><div class="battle-history"><small>The opposing Hoopa lost some of its HP!</small><br></div><div class="spacer battle-history"><br></div><div class="battle-history">Ampersand fainted!<br></div><div class="spacer battle-history"><br></div><div class="battle-history"><strong>Sticky Fingaa</strong> won the battle!<br></div><div class="chat chatmessage-stickyfingaa"><strong style="color:#e76311"><small>☆</small><span class="username" data-name="Sticky Fingaa">Sticky Fingaa</span>:</strong> <em>gg</em></div><div class="chat chatmessage-inkbug1 mine"><strong style="color:#e46e0f"><small>☆</small><span class="username" data-name="inkbug1">inkbug1</span>:</strong> <em>gg :')</em></div><div class="chat chatmessage-stickyfingaa"><strong style="color:#e76311"><small>☆</small><span class="username" data-name="Sticky Fingaa">Sticky Fingaa</span>:</strong> <em>lol</em></div><div class="chat"><small>☆Sticky Fingaa left</small></div></div><div class="inner-preempt message-log"></div></div></div>
</div>
<script>
let daily = Math.floor(Date.now()/1000/60/60/24);document.write('<script src="https://dragonheaven.herokuapp.com/js/replay-embed.js?version'+daily+'"></'+'script>');
</script>
