<!DOCTYPE html>
<meta charset="utf-8" />
<!-- version 1 -->
<title>[Gen 8] Megas for All replay: CCMegaFlareon vs. Mossy Sandwich</title>
<style>
html,body {font-family:Verdana, sans-serif;font-size:10pt;margin:0;padding:0;}body{padding:12px 0;} .battle-log {font-family:Verdana, sans-serif;font-size:10pt;} .battle-log-inline {border:1px solid #AAAAAA;background:#EEF2F5;color:black;max-width:640px;margin:0 auto 80px;padding-bottom:5px;} .battle-log .inner {padding:4px 8px 0px 8px;} .battle-log .inner-preempt {padding:0 8px 4px 8px;} .battle-log .inner-after {margin-top:0.5em;} .battle-log h2 {margin:0.5em -8px;padding:4px 8px;border:1px solid #AAAAAA;background:#E0E7EA;border-left:0;border-right:0;font-family:Verdana, sans-serif;font-size:13pt;} .battle-log .chat {vertical-align:middle;padding:3px 0 3px 0;font-size:8pt;} .battle-log .chat strong {color:#40576A;} .battle-log .chat em {padding:1px 4px 1px 3px;color:#000000;font-style:normal;} .chat.mine {background:rgba(0,0,0,0.05);margin-left:-8px;margin-right:-8px;padding-left:8px;padding-right:8px;} .spoiler {color:#BBBBBB;background:#BBBBBB;padding:0px 3px;} .spoiler:hover, .spoiler:active, .spoiler-shown {color:#000000;background:#E2E2E2;padding:0px 3px;} .spoiler a {color:#BBBBBB;} .spoiler:hover a, .spoiler:active a, .spoiler-shown a {color:#2288CC;} .chat code, .chat .spoiler:hover code, .chat .spoiler:active code, .chat .spoiler-shown code {border:1px solid #C0C0C0;background:#EEEEEE;color:black;padding:0 2px;} .chat .spoiler code {border:1px solid #CCCCCC;background:#CCCCCC;color:#CCCCCC;} .battle-log .rated {padding:3px 4px;} .battle-log .rated strong {color:white;background:#89A;padding:1px 4px;border-radius:4px;} .spacer {margin-top:0.5em;} .message-announce {background:#6688AA;color:white;padding:1px 4px 2px;} .message-announce a, .broadcast-green a, .broadcast-blue a, .broadcast-red a {color:#DDEEFF;} .broadcast-green {background-color:#559955;color:white;padding:2px 4px;} .broadcast-blue {background-color:#6688AA;color:white;padding:2px 4px;} .infobox {border:1px solid #6688AA;padding:2px 4px;} .infobox-limited {max-height:200px;overflow:auto;overflow-x:hidden;} .broadcast-red {background-color:#AA5544;color:white;padding:2px 4px;} .message-learn-canlearn {font-weight:bold;color:#228822;text-decoration:underline;} .message-learn-cannotlearn {font-weight:bold;color:#CC2222;text-decoration:underline;} .message-effect-weak {font-weight:bold;color:#CC2222;} .message-effect-resist {font-weight:bold;color:#6688AA;} .message-effect-immune {font-weight:bold;color:#666666;} .message-learn-list {margin-top:0;margin-bottom:0;} .message-throttle-notice, .message-error {color:#992222;} .message-overflow, .chat small.message-overflow {font-size:0pt;} .message-overflow::before {font-size:9pt;content:'...';} .subtle {color:#3A4A66;}
</style>
<div class="wrapper replay-wrapper" style="max-width:1180px;margin:0 auto">
<input type="hidden" name="replayid" value="dragonheaven-gen8megasforall-1059" />
<div class="battle"></div><div class="battle-log"></div><div class="replay-controls"></div><div class="replay-controls-2"></div>
<h1 style="font-weight:normal;text-align:center"><strong>[Gen 8] Megas for All</strong><br /><a href="http://pokemonshowdown.com/users/ccmegaflareon" class="subtle" target="_blank">CCMegaFlareon</a> vs. <a href="http://pokemonshowdown.com/users/mossysandwich" class="subtle" target="_blank">Mossy Sandwich</a></h1>
<script type="text/plain" class="battle-log-data">|j|☆CCMegaFlareon
|j|☆Mossy Sandwich
|t:|1609630080
|player|p1|CCMegaFlareon|giovanni|
|player|p2|Mossy Sandwich|101|
|teamsize|p1|6
|teamsize|p2|6
|gametype|singles
|gen|8
|tier|[Gen 8] Megas for All
|clearpoke
|poke|p1|Slowbro, M|
|poke|p1|Blissey, F|
|poke|p1|Nidoking, M|
|poke|p1|Landorus-Therian, M|
|poke|p1|Clefable, F|
|poke|p1|Alakazam, M|
|poke|p2|Bastiodon, M|
|poke|p2|Blissey, F|
|poke|p2|Corviknight, F|
|poke|p2|Greninja, M|
|poke|p2|Landorus-Therian, M|
|poke|p2|Magearna|
|rule|HP Percentage Mod: HP is shown in percentages
|rule|Endless Battle Clause: Forcing endless battles is banned
|rule|OHKO Clause: OHKO moves are banned
|rule|Evasion Moves Clause: Evasion moves are banned
|rule|Species Clause: Limit one of each Pokémon
|rule|Dynamax Clause: You cannot dynamax
|rule|Sleep Clause Mod: Limit one foe put to sleep
|rule|Freeze Clause Mod: Limit one foe frozen
|teampreview
|c|☆Mossy Sandwich|gl hf!
|j| BlaueBrause
|
|t:|1609630095
|start
|switch|p1a: Landorus|Landorus-Therian, M|100\/100
|switch|p2a: Bastiodon|Bastiodon, M|100\/100
|-ability|p1a: Landorus|Intimidate|boost
|-unboost|p2a: Bastiodon|atk|1
|turn|1
|
|t:|1609630103
|detailschange|p2a: Bastiodon|Bastiodon-Mega, M
|-mega|p2a: Bastiodon|Bastiodon|Bastiodite
|-start|p2a: Bastiodon|typechange|Ground\/Steel|[silent]
|raw|<ul class="utilichart"><li class="result"><span class="col pokemonnamecol" style="white-space: nowrap">Bastiodon-Mega<\/span> <span class="col typecol"><img src="https:\/\/play.pokemonshowdown.com\/sprites\/types\/Ground.png" alt="Ground" height="14" width="32"><img src="https:\/\/play.pokemonshowdown.com\/sprites\/types\/Steel.png" alt="Steel" height="14" width="32"><\/span> <span style="float: left ; min-height: 26px"><span class="col abilitycol">Settle<\/span><span class="col abilitycol"><\/span><\/span><span style="float: left ; min-height: 26px"><span class="col statcol"><em>HP<\/em><br>60<\/span> <span class="col statcol"><em>Atk<\/em><br>102<\/span> <span class="col statcol"><em>Def<\/em><br>168<\/span> <span class="col statcol"><em>SpA<\/em><br>47<\/span> <span class="col statcol"><em>SpD<\/em><br>168<\/span> <span class="col statcol"><em>Spe<\/em><br>50<\/span> <\/span><\/li><li style="clear: both"><\/li><\/ul>
|move|p1a: Landorus|Earthquake|p2a: Bastiodon
|-supereffective|p2a: Bastiodon
|-damage|p2a: Bastiodon|21\/100
|move|p2a: Bastiodon|Ice Beam|p1a: Landorus
|-hint|Ice Beam was boosted by Settle!
|-supereffective|p1a: Landorus
|-damage|p1a: Landorus|0 fnt
|faint|p1a: Landorus
|
|-message|Bastiodon needs to settle down after using Ice Beam!
|upkeep
|
|t:|1609630115
|switch|p1a: Nidoking|Nidoking, M|100\/100
|turn|2
|
|t:|1609630120
|detailschange|p1a: Nidoking|Nidoking-Mega, M
|-mega|p1a: Nidoking|Nidoking|Nidokinite
|-start|p1a: Nidoking|typechange|Poison\/Ground|[silent]
|raw|<ul class="utilichart"><li class="result"><span class="col pokemonnamecol" style="white-space: nowrap">Nidoking-Mega<\/span> <span class="col typecol"><img src="https:\/\/play.pokemonshowdown.com\/sprites\/types\/Poison.png" alt="Poison" height="14" width="32"><img src="https:\/\/play.pokemonshowdown.com\/sprites\/types\/Ground.png" alt="Ground" height="14" width="32"><\/span> <span style="float: left ; min-height: 26px"><span class="col abilitycol">Moxie<\/span><span class="col abilitycol"><\/span><\/span><span style="float: left ; min-height: 26px"><span class="col statcol"><em>HP<\/em><br>81<\/span> <span class="col statcol"><em>Atk<\/em><br>142<\/span> <span class="col statcol"><em>Def<\/em><br>107<\/span> <span class="col statcol"><em>SpA<\/em><br>85<\/span> <span class="col statcol"><em>SpD<\/em><br>75<\/span> <span class="col statcol"><em>Spe<\/em><br>115<\/span> <\/span><\/li><li style="clear: both"><\/li><\/ul>
|move|p1a: Nidoking|Fire Punch|p2a: Bastiodon
|-supereffective|p2a: Bastiodon
|-damage|p2a: Bastiodon|0 fnt
|faint|p2a: Bastiodon
|-ability|p1a: Nidoking|Moxie|boost
|-boost|p1a: Nidoking|atk|1
|
|upkeep
|
|t:|1609630126
|switch|p2a: Greninja|Greninja, M|100\/100
|turn|3
|
|t:|1609630130
|switch|p1a: Blissey|Blissey, F|100\/100
|move|p2a: Greninja|Hydro Pump|p1a: Blissey
|-damage|p1a: Blissey|74\/100
|
|upkeep
|turn|4
|
|t:|1609630137
|switch|p2a: Magearna|Magearna|100\/100
|move|p1a: Blissey|Teleport|p1a: Blissey
|
|t:|1609630142
|switch|p1a: Nidoking|Nidoking-Mega, M|100\/100|[from]move: Teleport
|-start|p1a: Nidoking|typechange|Poison\/Ground|[silent]
|
|upkeep
|turn|5
|
|t:|1609630148
|switch|p2a: Corviknight|Corviknight, F|100\/100
|-ability|p2a: Corviknight|Pressure
|move|p1a: Nidoking|Earthquake|p2a: Corviknight
|-immune|p2a: Corviknight
|
|upkeep
|turn|6
|
|t:|1609630158
|switch|p1a: Clefable|Clefable, F|100\/100
|move|p2a: Corviknight|U-turn|p1a: Clefable
|-resisted|p1a: Clefable
|-damage|p1a: Clefable|95\/100
|
|t:|1609630164
|switch|p2a: Blissey|Blissey, F|100\/100|[from]move: U-turn
|
|-heal|p1a: Clefable|100\/100|[from] item: Leftovers
|upkeep
|turn|7
|
|t:|1609630170
|move|p1a: Clefable|Knock Off|p2a: Blissey
|-damage|p2a: Blissey|88\/100
|-enditem|p2a: Blissey|Heavy-Duty Boots|[from] move: Knock Off|[of] p1a: Clefable
|move|p2a: Blissey|Wish|p2a: Blissey
|
|upkeep
|turn|8
|
|t:|1609630183
|move|p1a: Clefable|Stealth Rock|p2a: Blissey
|-sidestart|p2: Mossy Sandwich|move: Stealth Rock
|move|p2a: Blissey|Seismic Toss|p1a: Clefable
|-damage|p1a: Clefable|75\/100
|
|-heal|p2a: Blissey|100\/100|[from] move: Wish|[wisher] Blissey
|-heal|p1a: Clefable|81\/100|[from] item: Leftovers
|upkeep
|turn|9
|
|t:|1609630193
|move|p1a: Clefable|Soft-Boiled|p1a: Clefable
|-heal|p1a: Clefable|100\/100
|move|p2a: Blissey|Wish|p2a: Blissey
|
|upkeep
|turn|10
|
|t:|1609630202
|move|p1a: Clefable|Knock Off|p2a: Blissey
|-damage|p2a: Blissey|91\/100
|move|p2a: Blissey|Seismic Toss|p1a: Clefable
|-damage|p1a: Clefable|75\/100
|
|-heal|p2a: Blissey|100\/100|[from] move: Wish|[wisher] Blissey
|-heal|p1a: Clefable|81\/100|[from] item: Leftovers
|upkeep
|turn|11
|
|t:|1609630213
|switch|p1a: Blissey|Blissey, F|74\/100
|switch|p2a: Greninja|Greninja, M|100\/100
|-damage|p2a: Greninja|88\/100|[from] Stealth Rock
|
|upkeep
|turn|12
|
|t:|1609630222
|switch|p2a: Magearna|Magearna|100\/100
|-damage|p2a: Magearna|94\/100|[from] Stealth Rock
|move|p1a: Blissey|Thunder Wave|p2a: Magearna
|-status|p2a: Magearna|par
|
|upkeep
|turn|13
|
|t:|1609630230
|move|p2a: Magearna|Focus Blast|p1a: Blissey|[miss]
|-miss|p2a: Magearna|p1a: Blissey
|move|p1a: Blissey|Teleport|p1a: Blissey
|
|t:|1609630238
|switch|p1a: Nidoking|Nidoking-Mega, M|100\/100|[from]move: Teleport
|-start|p1a: Nidoking|typechange|Poison\/Ground|[silent]
|
|upkeep
|turn|14
|
|t:|1609630242
|switch|p2a: Corviknight|Corviknight, F|100\/100
|-damage|p2a: Corviknight|88\/100|[from] Stealth Rock
|-ability|p2a: Corviknight|Pressure
|move|p1a: Nidoking|Earthquake|p2a: Corviknight
|-immune|p2a: Corviknight
|
|-heal|p2a: Corviknight|94\/100|[from] item: Leftovers
|upkeep
|turn|15
|
|t:|1609630255
|move|p1a: Nidoking|Fire Punch|p2a: Corviknight
|-supereffective|p2a: Corviknight
|-damage|p2a: Corviknight|62\/100
|move|p2a: Corviknight|U-turn|p1a: Nidoking
|-resisted|p1a: Nidoking
|-damage|p1a: Nidoking|93\/100
|
|t:|1609630258
|switch|p2a: Greninja|Greninja, M|88\/100|[from]move: U-turn
|-damage|p2a: Greninja|76\/100|[from] Stealth Rock
|
|upkeep
|turn|16
|
|t:|1609630265
|switch|p1a: Blissey|Blissey, F|74\/100
|move|p2a: Greninja|Hydro Pump|p1a: Blissey
|-damage|p1a: Blissey|49\/100
|
|upkeep
|turn|17
|
|t:|1609630271
|switch|p2a: Corviknight|Corviknight, F|62\/100
|-damage|p2a: Corviknight|49\/100|[from] Stealth Rock
|-ability|p2a: Corviknight|Pressure
|move|p1a: Blissey|Soft-Boiled|p1a: Blissey
|-heal|p1a: Blissey|99\/100
|
|-heal|p2a: Corviknight|56\/100|[from] item: Leftovers
|upkeep
|turn|18
|
|t:|1609630280
|move|p2a: Corviknight|Defog|p1a: Blissey
|-unboost|p1a: Blissey|evasion|1
|-sideend|p2: Mossy Sandwich|Stealth Rock|[from] move: Defog|[of] p2a: Corviknight
|move|p1a: Blissey|Thunder Wave|p2a: Corviknight
|-status|p2a: Corviknight|par
|
|-heal|p2a: Corviknight|62\/100 par|[from] item: Leftovers
|upkeep
|turn|19
|
|t:|1609630288
|move|p2a: Corviknight|Roost|p2a: Corviknight
|-heal|p2a: Corviknight|100\/100 par
|-singleturn|p2a: Corviknight|move: Roost
|move|p1a: Blissey|Teleport|p1a: Blissey
|
|t:|1609630295
|switch|p1a: Slowbro|Slowbro, M|100\/100|[from]move: Teleport
|
|upkeep
|turn|20
|
|t:|1609630300
|move|p2a: Corviknight|U-turn|p1a: Slowbro
|-supereffective|p1a: Slowbro
|-damage|p1a: Slowbro|82\/100
|
|t:|1609630307
|switch|p2a: Landorus|Landorus-Therian, M|100\/100|[from]move: U-turn
|-ability|p2a: Landorus|Intimidate|boost
|-unboost|p1a: Slowbro|atk|1
|move|p1a: Slowbro|Future Sight|p2a: Landorus
|-start|p1a: Slowbro|move: Future Sight
|
|upkeep
|turn|21
|
|t:|1609630313
|move|p2a: Landorus|U-turn|p1a: Slowbro
|-supereffective|p1a: Slowbro
|-damage|p1a: Slowbro|48\/100
|
|t:|1609630317
|switch|p2a: Corviknight|Corviknight, F|100\/100 par|[from]move: U-turn
|-ability|p2a: Corviknight|Pressure
|move|p1a: Slowbro|Scald|p2a: Corviknight
|-damage|p2a: Corviknight|73\/100 par
|
|-heal|p2a: Corviknight|80\/100 par|[from] item: Leftovers
|upkeep
|turn|22
|
|t:|1609630328
|move|p2a: Corviknight|U-turn|p1a: Slowbro
|-supereffective|p1a: Slowbro
|-crit|p1a: Slowbro
|-damage|p1a: Slowbro|24\/100
|
|t:|1609630333
|switch|p2a: Magearna|Magearna|94\/100 par|[from]move: U-turn
|move|p1a: Slowbro|Teleport|p1a: Slowbro
|
|t:|1609630338
|switch|p1a: Nidoking|Nidoking-Mega, M|93\/100|[from]move: Teleport
|-start|p1a: Nidoking|typechange|Poison\/Ground|[silent]
|
|-end|p2a: Magearna|move: Future Sight
|-resisted|p2a: Magearna
|-damage|p2a: Magearna|84\/100 par
|upkeep
|turn|23
|
|t:|1609630345
|switch|p2a: Landorus|Landorus-Therian, M|100\/100
|-ability|p2a: Landorus|Intimidate|boost
|-unboost|p1a: Nidoking|atk|1
|move|p1a: Nidoking|Fire Punch|p2a: Landorus
|-damage|p2a: Landorus|79\/100
|
|upkeep
|turn|24
|
|t:|1609630364
|switch|p1a: Slowbro|Slowbro, M|57\/100
|move|p2a: Landorus|Earthquake|p1a: Slowbro
|-damage|p1a: Slowbro|26\/100
|
|upkeep
|turn|25
|
|t:|1609630371
|switch|p1a: Blissey|Blissey, F|99\/100
|move|p2a: Landorus|Earthquake|p1a: Blissey
|-damage|p1a: Blissey|48\/100
|
|upkeep
|turn|26
|
|t:|1609630392
|switch|p1a: Slowbro|Slowbro, M|59\/100
|move|p2a: Landorus|Earthquake|p1a: Slowbro
|-damage|p1a: Slowbro|27\/100
|
|upkeep
|turn|27
|
|t:|1609630400
|move|p2a: Landorus|Earthquake|p1a: Slowbro
|-damage|p1a: Slowbro|0 fnt
|faint|p1a: Slowbro
|
|upkeep
|
|t:|1609630404
|switch|p1a: Clefable|Clefable, F|81\/100
|turn|28
|
|t:|1609630408
|switch|p2a: Magearna|Magearna|84\/100 par
|move|p1a: Clefable|Stealth Rock|p2a: Magearna
|-sidestart|p2: Mossy Sandwich|move: Stealth Rock
|
|-heal|p1a: Clefable|87\/100|[from] item: Leftovers
|upkeep
|turn|29
|j| inkbug1

|
|t:|1609630416
|switch|p1a: Blissey|Blissey, F|48\/100
|move|p2a: Magearna|Volt Switch|p1a: Blissey
|-damage|p1a: Blissey|39\/100
|
|t:|1609630420
|switch|p2a: Landorus|Landorus-Therian, M|79\/100|[from]move: Volt Switch
|-damage|p2a: Landorus|66\/100|[from] Stealth Rock
|-ability|p2a: Landorus|Intimidate|boost
|-unboost|p1a: Blissey|atk|1
|
|upkeep
|turn|30
|
|t:|1609630427
|move|p2a: Landorus|Earthquake|p1a: Blissey
|-damage|p1a: Blissey|0 fnt
|faint|p1a: Blissey
|
|upkeep
|
|t:|1609630432
|switch|p1a: Nidoking|Nidoking-Mega, M|93\/100
|-start|p1a: Nidoking|typechange|Poison\/Ground|[silent]
|turn|31
|
|t:|1609630436
|move|p2a: Landorus|Earthquake|p1a: Nidoking
|-supereffective|p1a: Nidoking
|-damage|p1a: Nidoking|0 fnt
|faint|p1a: Nidoking
|
|upkeep
|
|t:|1609630440
|switch|p1a: Clefable|Clefable, F|87\/100
|turn|32
|
|t:|1609630443
|switch|p2a: Corviknight|Corviknight, F|80\/100 par
|-damage|p2a: Corviknight|67\/100 par|[from] Stealth Rock
|-ability|p2a: Corviknight|Pressure
|move|p1a: Clefable|Moonblast|p2a: Corviknight
|-resisted|p2a: Corviknight
|-damage|p2a: Corviknight|51\/100 par
|
|-heal|p1a: Clefable|93\/100|[from] item: Leftovers
|-heal|p2a: Corviknight|57\/100 par|[from] item: Leftovers
|upkeep
|turn|33
|
|t:|1609630455
|switch|p1a: Alakazam|Alakazam, M|100\/100
|move|p2a: Corviknight|Defog|p1a: Alakazam
|-unboost|p1a: Alakazam|evasion|1
|-sideend|p2: Mossy Sandwich|Stealth Rock|[from] move: Defog|[of] p2a: Corviknight
|
|-heal|p2a: Corviknight|63\/100 par|[from] item: Leftovers
|upkeep
|turn|34
|
|t:|1609630462
|move|p1a: Alakazam|Nasty Plot|p1a: Alakazam
|-boost|p1a: Alakazam|spa|2
|cant|p2a: Corviknight|par
|
|-heal|p2a: Corviknight|70\/100 par|[from] item: Leftovers
|upkeep
|turn|35
|
|t:|1609630469
|move|p1a: Alakazam|Focus Blast|p2a: Corviknight
|-damage|p2a: Corviknight|0 fnt
|faint|p2a: Corviknight
|
|upkeep
|
|t:|1609630472
|switch|p2a: Magearna|Magearna|84\/100 par
|turn|36
|
|t:|1609630476
|move|p1a: Alakazam|Focus Blast|p2a: Magearna
|-damage|p2a: Magearna|32\/100 par
|cant|p2a: Magearna|par
|
|upkeep
|turn|37
|
|t:|1609630481
|move|p1a: Alakazam|Focus Blast|p2a: Magearna
|-damage|p2a: Magearna|0 fnt
|faint|p2a: Magearna
|
|upkeep
|
|t:|1609630483
|switch|p2a: Landorus|Landorus-Therian, M|66\/100
|-ability|p2a: Landorus|Intimidate|boost
|-unboost|p1a: Alakazam|atk|1
|turn|38
|
|t:|1609630490
|move|p2a: Landorus|Earthquake|p1a: Alakazam
|-damage|p1a: Alakazam|0 fnt
|faint|p1a: Alakazam
|
|upkeep
|
|t:|1609630494
|switch|p1a: Clefable|Clefable, F|93\/100
|turn|39
|
|t:|1609630496
|move|p2a: Landorus|Earthquake|p1a: Clefable
|-damage|p1a: Clefable|48\/100
|move|p1a: Clefable|Moonblast|p2a: Landorus
|-damage|p2a: Landorus|26\/100
|-unboost|p2a: Landorus|spa|1
|
|-heal|p1a: Clefable|54\/100|[from] item: Leftovers
|upkeep
|turn|40
|
|t:|1609630505
|move|p2a: Landorus|Earthquake|p1a: Clefable
|-damage|p1a: Clefable|10\/100
|move|p1a: Clefable|Soft-Boiled|p1a: Clefable
|-heal|p1a: Clefable|60\/100
|
|-heal|p1a: Clefable|66\/100|[from] item: Leftovers
|upkeep
|turn|41
|
|t:|1609630512
|switch|p2a: Blissey|Blissey, F|100\/100
|move|p1a: Clefable|Soft-Boiled|p1a: Clefable
|-heal|p1a: Clefable|100\/100
|
|upkeep
|turn|42
|
|t:|1609630519
|move|p1a: Clefable|Stealth Rock|p2a: Blissey
|-sidestart|p2: Mossy Sandwich|move: Stealth Rock
|move|p2a: Blissey|Seismic Toss|p1a: Clefable
|-damage|p1a: Clefable|75\/100
|
|-heal|p1a: Clefable|81\/100|[from] item: Leftovers
|upkeep
|turn|43
|
|t:|1609630526
|move|p1a: Clefable|Knock Off|p2a: Blissey
|-damage|p2a: Blissey|92\/100
|move|p2a: Blissey|Seismic Toss|p1a: Clefable
|-damage|p1a: Clefable|56\/100
|
|-heal|p1a: Clefable|62\/100|[from] item: Leftovers
|upkeep
|turn|44
|
|t:|1609630532
|move|p1a: Clefable|Knock Off|p2a: Blissey
|-damage|p2a: Blissey|83\/100
|move|p2a: Blissey|Seismic Toss|p1a: Clefable
|-damage|p1a: Clefable|37\/100
|
|-heal|p1a: Clefable|43\/100|[from] item: Leftovers
|upkeep
|turn|45
|
|t:|1609630540
|move|p1a: Clefable|Knock Off|p2a: Blissey
|-damage|p2a: Blissey|74\/100
|move|p2a: Blissey|Wish|p2a: Blissey
|
|-heal|p1a: Clefable|49\/100|[from] item: Leftovers
|upkeep
|turn|46
|
|t:|1609630546
|move|p1a: Clefable|Moonblast|p2a: Blissey
|-damage|p2a: Blissey|62\/100
|move|p2a: Blissey|Seismic Toss|p1a: Clefable
|-damage|p1a: Clefable|23\/100
|
|-heal|p2a: Blissey|100\/100|[from] move: Wish|[wisher] Blissey
|-heal|p1a: Clefable|29\/100|[from] item: Leftovers
|upkeep
|turn|47
|
|t:|1609630554
|move|p1a: Clefable|Knock Off|p2a: Blissey
|-damage|p2a: Blissey|92\/100
|move|p2a: Blissey|Seismic Toss|p1a: Clefable
|-damage|p1a: Clefable|4\/100
|
|-heal|p1a: Clefable|10\/100|[from] item: Leftovers
|upkeep
|turn|48
|
|t:|1609630561
|switch|p2a: Greninja|Greninja, M|76\/100
|-damage|p2a: Greninja|64\/100|[from] Stealth Rock
|move|p1a: Clefable|Knock Off|p2a: Greninja
|-resisted|p2a: Greninja
|-damage|p2a: Greninja|52\/100
|-enditem|p2a: Greninja|Choice Specs|[from] move: Knock Off|[of] p1a: Clefable
|
|-heal|p1a: Clefable|16\/100|[from] item: Leftovers
|upkeep
|turn|49
|
|t:|1609630571
|move|p2a: Greninja|Dark Pulse|p1a: Clefable
|-resisted|p1a: Clefable
|-damage|p1a: Clefable|0 fnt
|faint|p1a: Clefable
|
|win|Mossy Sandwich
|c|☆Mossy Sandwich|gg
|c|☆CCMegaFlareon|gg
|l|☆CCMegaFlareon
|l| BlaueBrause
|j| piikiki4
|l| piikiki4
|l|☆Mossy Sandwich</script>
</div>
<div class="battle-log battle-log-inline"><div class="inner"><div class="battle-options"><div style="padding-top: 3px; padding-right: 3px; text-align: right"><button class="icon button" name="openBattleOptions" title="Options">Battle Options</button></div></div><div class="inner message-log"><div class="chat"><small>☆CCMegaFlareon and ☆Mossy Sandwich joined</small></div><div class=""><small>Format:</small> <br><strong>[Gen 8] Megas for All</strong></div><div class=""><small><em>HP Percentage Mod:</em> HP is shown in percentages</small></div><div class=""><small><em>Endless Battle Clause:</em> Forcing endless battles is banned</small></div><div class=""><small><em>OHKO Clause:</em> OHKO moves are banned</small></div><div class=""><small><em>Evasion Moves Clause:</em> Evasion moves are banned</small></div><div class=""><small><em>Species Clause:</em> Limit one of each Pokémon</small></div><div class=""><small><em>Dynamax Clause:</em> You cannot dynamax</small></div><div class=""><small><em>Sleep Clause Mod:</em> Limit one foe put to sleep</small></div><div class=""><small><em>Freeze Clause Mod:</em> Limit one foe frozen</small></div><div class="chat battle-history"><strong>CCMegaFlareon's team:</strong> <em style="color:#445566;display:block;">Slowbro / Blissey / Nidoking / Landorus-Therian / Clefable / Alakazam</em></div><div class="chat battle-history"><strong>Mossy Sandwich's team:</strong> <em style="color:#445566;display:block;">Bastiodon / Blissey / Corviknight / Greninja / Landorus-Therian / Magearna</em></div><div class="chat chatmessage-mossysandwich"><strong style="color:#ba49a2"><small>☆</small><span class="username" data-name="Mossy Sandwich">Mossy Sandwich</span>:</strong> <em>gl hf!</em></div><div class="chat"><small> BlaueBrause joined</small></div><div class="spacer battle-history"><br></div><div class="battle-history">Battle started between CCMegaFlareon and Mossy Sandwich!<br></div><div class="spacer battle-history"><br></div><div class="battle-history">Go! Landorus (<strong>Landorus-Therian</strong>)!<br></div><div class="spacer battle-history"><br></div><div class="battle-history">Mossy Sandwich sent out <strong>Bastiodon</strong>!<br></div><div class="battle-history">[Landorus's Intimidate]<br></div><div class="battle-history"><small>The opposing Bastiodon's Attack fell!</small><br></div><div class="spacer battle-history"><br></div><h2 class="battle-history">Turn 1</h2><div class="spacer battle-history"><br></div><div class="battle-history"><small>The opposing Bastiodon's Bastiodite is reacting to the Key Stone!</small><br>The opposing Bastiodon has Mega Evolved into Mega Bastiodon!<br></div><div class="chat"><ul class="utilichart"><li class="result"><span class="col pokemonnamecol" style="white-space: nowrap">Bastiodon-Mega</span> <span class="col typecol"><img src="https://play.pokemonshowdown.com/sprites/types/Ground.png" alt="Ground" height="14" width="32"><img src="https://play.pokemonshowdown.com/sprites/types/Steel.png" alt="Steel" height="14" width="32"></span> <span style="float: left ; min-height: 26px"><span class="col abilitycol">Settle</span><span class="col abilitycol"></span></span><span style="float: left ; min-height: 26px"><span class="col statcol"><em>HP</em><br>60</span> <span class="col statcol"><em>Atk</em><br>102</span> <span class="col statcol"><em>Def</em><br>168</span> <span class="col statcol"><em>SpA</em><br>47</span> <span class="col statcol"><em>SpD</em><br>168</span> <span class="col statcol"><em>Spe</em><br>50</span> </span></li><li style="clear: both"></li></ul></div><div class="spacer battle-history"><br></div><div class="battle-history">Landorus used <strong>Earthquake</strong>!<br></div><div class="battle-history"><small>It's super effective!</small><br></div><div class="battle-history"><small>(The opposing Bastiodon lost 79% of its health!)</small><br></div><div class="spacer battle-history"><br></div><div class="battle-history">The opposing Bastiodon used <strong>Ice Beam</strong>!<br></div><div class="battle-history"><small>(Ice Beam was boosted by Settle!)</small><br></div><div class="battle-history"><small>It's super effective!</small><br></div><div class="battle-history"><small>(Landorus lost 100% of its health!)</small><br></div><div class="spacer battle-history"><br></div><div class="battle-history">Landorus fainted!<br></div><div class="spacer battle-history"><br></div><div class="battle-history"><small>Bastiodon needs to settle down after using Ice Beam!</small><br></div><div class="spacer battle-history"><br></div><div class="battle-history">Go! <strong>Nidoking</strong>!<br></div><div class="spacer battle-history"><br></div><h2 class="battle-history">Turn 2</h2><div class="spacer battle-history"><br></div><div class="battle-history"><small>Nidoking's Nidokinite is reacting to the Key Stone!</small><br>Nidoking has Mega Evolved into Mega Nidoking!<br></div><div class="chat"><ul class="utilichart"><li class="result"><span class="col pokemonnamecol" style="white-space: nowrap">Nidoking-Mega</span> <span class="col typecol"><img src="https://play.pokemonshowdown.com/sprites/types/Poison.png" alt="Poison" height="14" width="32"><img src="https://play.pokemonshowdown.com/sprites/types/Ground.png" alt="Ground" height="14" width="32"></span> <span style="float: left ; min-height: 26px"><span class="col abilitycol">Moxie</span><span class="col abilitycol"></span></span><span style="float: left ; min-height: 26px"><span class="col statcol"><em>HP</em><br>81</span> <span class="col statcol"><em>Atk</em><br>142</span> <span class="col statcol"><em>Def</em><br>107</span> <span class="col statcol"><em>SpA</em><br>85</span> <span class="col statcol"><em>SpD</em><br>75</span> <span class="col statcol"><em>Spe</em><br>115</span> </span></li><li style="clear: both"></li></ul></div><div class="spacer battle-history"><br></div><div class="battle-history">Nidoking used <strong>Fire Punch</strong>!<br></div><div class="battle-history"><small>It's super effective!</small><br></div><div class="battle-history"><small>(The opposing Bastiodon lost 21% of its health!)</small><br></div><div class="spacer battle-history"><br></div><div class="battle-history">The opposing Bastiodon fainted!<br></div><div class="battle-history">[Nidoking's Moxie]<br></div><div class="battle-history"><small>Nidoking's Attack rose!</small><br></div><div class="spacer battle-history"><br></div><div class="battle-history">Mossy Sandwich sent out <strong>Greninja</strong>!<br></div><div class="spacer battle-history"><br></div><h2 class="battle-history">Turn 3</h2><div class="spacer battle-history"><br></div><div class="battle-history">Nidoking, come back!<br></div><div class="battle-history">Go! <strong>Blissey</strong>!<br></div><div class="spacer battle-history"><br></div><div class="battle-history">The opposing Greninja used <strong>Hydro Pump</strong>!<br></div><div class="battle-history"><small>(Blissey lost 26% of its health!)</small><br></div><div class="spacer battle-history"><br></div><h2 class="battle-history">Turn 4</h2><div class="spacer battle-history"><br></div><div class="battle-history">Mossy Sandwich withdrew Greninja!<br></div><div class="battle-history">Mossy Sandwich sent out <strong>Magearna</strong>!<br></div><div class="spacer battle-history"><br></div><div class="battle-history">Blissey used <strong>Teleport</strong>!<br></div><div class="spacer battle-history"><br></div><div class="battle-history">Blissey, come back!<br></div><div class="battle-history">Go! Nidoking (<strong>Nidoking-Mega</strong>)!<br></div><div class="spacer battle-history"><br></div><h2 class="battle-history">Turn 5</h2><div class="spacer battle-history"><br></div><div class="battle-history">Mossy Sandwich withdrew Magearna!<br></div><div class="battle-history">Mossy Sandwich sent out <strong>Corviknight</strong>!<br></div><div class="battle-history">[The opposing Corviknight's Pressure]<br><small>The opposing Corviknight is exerting its pressure!</small><br></div><div class="spacer battle-history"><br></div><div class="battle-history">Nidoking used <strong>Earthquake</strong>!<br></div><div class="battle-history"><small>It doesn't affect the opposing Corviknight...</small><br></div><div class="spacer battle-history"><br></div><h2 class="battle-history">Turn 6</h2><div class="spacer battle-history"><br></div><div class="battle-history">Nidoking, come back!<br></div><div class="battle-history">Go! <strong>Clefable</strong>!<br></div><div class="spacer battle-history"><br></div><div class="battle-history">The opposing Corviknight used <strong>U-turn</strong>!<br></div><div class="battle-history"><small>It's not very effective...</small><br></div><div class="battle-history"><small>(Clefable lost 5% of its health!)</small><br></div><div class="spacer battle-history"><br></div><div class="battle-history">The opposing Corviknight went back to Mossy Sandwich!<br></div><div class="battle-history">Mossy Sandwich sent out <strong>Blissey</strong>!<br></div><div class="spacer battle-history"><br></div><div class="battle-history"><small>Clefable restored a little HP using its Leftovers!</small><br></div><div class="spacer battle-history"><br></div><h2 class="battle-history">Turn 7</h2><div class="spacer battle-history"><br></div><div class="battle-history">Clefable used <strong>Knock Off</strong>!<br></div><div class="battle-history"><small>(The opposing Blissey lost 12% of its health!)</small><br></div><div class="battle-history"><small>Clefable knocked off the opposing Blissey's Heavy-Duty Boots!</small><br></div><div class="spacer battle-history"><br></div><div class="battle-history">The opposing Blissey used <strong>Wish</strong>!<br></div><div class="spacer battle-history"><br></div><h2 class="battle-history">Turn 8</h2><div class="spacer battle-history"><br></div><div class="battle-history">Clefable used <strong>Stealth Rock</strong>!<br></div><div class="battle-history"><small>Pointed stones float in the air around the opposing team!</small><br></div><div class="spacer battle-history"><br></div><div class="battle-history">The opposing Blissey used <strong>Seismic Toss</strong>!<br></div><div class="battle-history"><small>(Clefable lost 25% of its health!)</small><br></div><div class="spacer battle-history"><br></div><div class="battle-history"><small>Blissey's wish came true!</small><br></div><div class="battle-history"><small>Clefable restored a little HP using its Leftovers!</small><br></div><div class="spacer battle-history"><br></div><h2 class="battle-history">Turn 9</h2><div class="spacer battle-history"><br></div><div class="battle-history">Clefable used <strong>Soft-Boiled</strong>!<br></div><div class="battle-history"><small>Clefable had its HP restored.</small><br></div><div class="spacer battle-history"><br></div><div class="battle-history">The opposing Blissey used <strong>Wish</strong>!<br></div><div class="spacer battle-history"><br></div><h2 class="battle-history">Turn 10</h2><div class="spacer battle-history"><br></div><div class="battle-history">Clefable used <strong>Knock Off</strong>!<br></div><div class="battle-history"><small>(The opposing Blissey lost 9% of its health!)</small><br></div><div class="spacer battle-history"><br></div><div class="battle-history">The opposing Blissey used <strong>Seismic Toss</strong>!<br></div><div class="battle-history"><small>(Clefable lost 25% of its health!)</small><br></div><div class="spacer battle-history"><br></div><div class="battle-history"><small>Blissey's wish came true!</small><br></div><div class="battle-history"><small>Clefable restored a little HP using its Leftovers!</small><br></div><div class="spacer battle-history"><br></div><h2 class="battle-history">Turn 11</h2><div class="spacer battle-history"><br></div><div class="battle-history">Clefable, come back!<br></div><div class="battle-history">Go! <strong>Blissey</strong>!<br></div><div class="spacer battle-history"><br></div><div class="battle-history">Mossy Sandwich withdrew Blissey!<br></div><div class="battle-history">Mossy Sandwich sent out <strong>Greninja</strong>!<br></div><div class="battle-history"><small>Pointed stones dug into the opposing Greninja!</small><br></div><div class="spacer battle-history"><br></div><h2 class="battle-history">Turn 12</h2><div class="spacer battle-history"><br></div><div class="battle-history">Mossy Sandwich withdrew Greninja!<br></div><div class="battle-history">Mossy Sandwich sent out <strong>Magearna</strong>!<br></div><div class="battle-history"><small>Pointed stones dug into the opposing Magearna!</small><br></div><div class="spacer battle-history"><br></div><div class="battle-history">Blissey used <strong>Thunder Wave</strong>!<br></div><div class="battle-history"><small>The opposing Magearna is paralyzed! It may be unable to move!</small><br></div><div class="spacer battle-history"><br></div><h2 class="battle-history">Turn 13</h2><div class="spacer battle-history"><br></div><div class="battle-history">The opposing Magearna used <strong>Focus Blast</strong>!<br></div><div class="battle-history"><small>Blissey avoided the attack!</small><br></div><div class="spacer battle-history"><br></div><div class="battle-history">Blissey used <strong>Teleport</strong>!<br></div><div class="spacer battle-history"><br></div><div class="battle-history">Blissey, come back!<br></div><div class="battle-history">Go! Nidoking (<strong>Nidoking-Mega</strong>)!<br></div><div class="spacer battle-history"><br></div><h2 class="battle-history">Turn 14</h2><div class="spacer battle-history"><br></div><div class="battle-history">Mossy Sandwich withdrew Magearna!<br></div><div class="battle-history">Mossy Sandwich sent out <strong>Corviknight</strong>!<br></div><div class="battle-history"><small>Pointed stones dug into the opposing Corviknight!</small><br></div><div class="battle-history">[The opposing Corviknight's Pressure]<br><small>The opposing Corviknight is exerting its pressure!</small><br></div><div class="spacer battle-history"><br></div><div class="battle-history">Nidoking used <strong>Earthquake</strong>!<br></div><div class="battle-history"><small>It doesn't affect the opposing Corviknight...</small><br></div><div class="spacer battle-history"><br></div><div class="battle-history"><small>The opposing Corviknight restored a little HP using its Leftovers!</small><br></div><div class="spacer battle-history"><br></div><h2 class="battle-history">Turn 15</h2><div class="spacer battle-history"><br></div><div class="battle-history">Nidoking used <strong>Fire Punch</strong>!<br></div><div class="battle-history"><small>It's super effective!</small><br></div><div class="battle-history"><small>(The opposing Corviknight lost 32% of its health!)</small><br></div><div class="spacer battle-history"><br></div><div class="battle-history">The opposing Corviknight used <strong>U-turn</strong>!<br></div><div class="battle-history"><small>It's not very effective...</small><br></div><div class="battle-history"><small>(Nidoking lost 7% of its health!)</small><br></div><div class="spacer battle-history"><br></div><div class="battle-history">The opposing Corviknight went back to Mossy Sandwich!<br></div><div class="battle-history">Mossy Sandwich sent out <strong>Greninja</strong>!<br></div><div class="battle-history"><small>Pointed stones dug into the opposing Greninja!</small><br></div><div class="spacer battle-history"><br></div><h2 class="battle-history">Turn 16</h2><div class="spacer battle-history"><br></div><div class="battle-history">Nidoking, come back!<br></div><div class="battle-history">Go! <strong>Blissey</strong>!<br></div><div class="spacer battle-history"><br></div><div class="battle-history">The opposing Greninja used <strong>Hydro Pump</strong>!<br></div><div class="battle-history"><small>(Blissey lost 25% of its health!)</small><br></div><div class="spacer battle-history"><br></div><h2 class="battle-history">Turn 17</h2><div class="spacer battle-history"><br></div><div class="battle-history">Mossy Sandwich withdrew Greninja!<br></div><div class="battle-history">Mossy Sandwich sent out <strong>Corviknight</strong>!<br></div><div class="battle-history"><small>Pointed stones dug into the opposing Corviknight!</small><br></div><div class="battle-history">[The opposing Corviknight's Pressure]<br><small>The opposing Corviknight is exerting its pressure!</small><br></div><div class="spacer battle-history"><br></div><div class="battle-history">Blissey used <strong>Soft-Boiled</strong>!<br></div><div class="battle-history"><small>Blissey had its HP restored.</small><br></div><div class="spacer battle-history"><br></div><div class="battle-history"><small>The opposing Corviknight restored a little HP using its Leftovers!</small><br></div><div class="spacer battle-history"><br></div><h2 class="battle-history">Turn 18</h2><div class="spacer battle-history"><br></div><div class="battle-history">The opposing Corviknight used <strong>Defog</strong>!<br></div><div class="battle-history"><small>Blissey's evasiveness fell!</small><br></div><div class="battle-history"><small>The pointed stones disappeared from around the opposing team!</small><br></div><div class="spacer battle-history"><br></div><div class="battle-history">Blissey used <strong>Thunder Wave</strong>!<br></div><div class="battle-history"><small>The opposing Corviknight is paralyzed! It may be unable to move!</small><br></div><div class="spacer battle-history"><br></div><div class="battle-history"><small>The opposing Corviknight restored a little HP using its Leftovers!</small><br></div><div class="spacer battle-history"><br></div><h2 class="battle-history">Turn 19</h2><div class="spacer battle-history"><br></div><div class="battle-history">The opposing Corviknight used <strong>Roost</strong>!<br></div><div class="battle-history"><small>The opposing Corviknight had its HP restored.</small><br></div><div class="battle-history"><small>(The opposing Corviknight loses Flying type this turn.)</small><br></div><div class="spacer battle-history"><br></div><div class="battle-history">Blissey used <strong>Teleport</strong>!<br></div><div class="spacer battle-history"><br></div><div class="battle-history">Blissey, come back!<br></div><div class="battle-history">Go! <strong>Slowbro</strong>!<br></div><div class="spacer battle-history"><br></div><h2 class="battle-history">Turn 20</h2><div class="spacer battle-history"><br></div><div class="battle-history">The opposing Corviknight used <strong>U-turn</strong>!<br></div><div class="battle-history"><small>It's super effective!</small><br></div><div class="battle-history"><small>(Slowbro lost 18% of its health!)</small><br></div><div class="spacer battle-history"><br></div><div class="battle-history">The opposing Corviknight went back to Mossy Sandwich!<br></div><div class="battle-history">Mossy Sandwich sent out Landorus (<strong>Landorus-Therian</strong>)!<br></div><div class="battle-history">[The opposing Landorus's Intimidate]<br></div><div class="battle-history"><small>Slowbro's Attack fell!</small><br></div><div class="spacer battle-history"><br></div><div class="battle-history">Slowbro used <strong>Future Sight</strong>!<br></div><div class="battle-history"><small>Slowbro foresaw an attack!</small><br></div><div class="spacer battle-history"><br></div><h2 class="battle-history">Turn 21</h2><div class="spacer battle-history"><br></div><div class="battle-history">The opposing Landorus used <strong>U-turn</strong>!<br></div><div class="battle-history"><small>It's super effective!</small><br></div><div class="battle-history"><small>(Slowbro lost 34% of its health!)</small><br></div><div class="spacer battle-history"><br></div><div class="battle-history">The opposing Landorus went back to Mossy Sandwich!<br></div><div class="battle-history">Mossy Sandwich sent out <strong>Corviknight</strong>!<br></div><div class="battle-history">[The opposing Corviknight's Pressure]<br><small>The opposing Corviknight is exerting its pressure!</small><br></div><div class="spacer battle-history"><br></div><div class="battle-history">Slowbro used <strong>Scald</strong>!<br></div><div class="battle-history"><small>(The opposing Corviknight lost 27% of its health!)</small><br></div><div class="spacer battle-history"><br></div><div class="battle-history"><small>The opposing Corviknight restored a little HP using its Leftovers!</small><br></div><div class="spacer battle-history"><br></div><h2 class="battle-history">Turn 22</h2><div class="spacer battle-history"><br></div><div class="battle-history">The opposing Corviknight used <strong>U-turn</strong>!<br></div><div class="battle-history"><small>It's super effective!</small><br></div><div class="battle-history"><small>A critical hit!</small><br></div><div class="battle-history"><small>(Slowbro lost 24% of its health!)</small><br></div><div class="spacer battle-history"><br></div><div class="battle-history">The opposing Corviknight went back to Mossy Sandwich!<br></div><div class="battle-history">Mossy Sandwich sent out <strong>Magearna</strong>!<br></div><div class="spacer battle-history"><br></div><div class="battle-history">Slowbro used <strong>Teleport</strong>!<br></div><div class="spacer battle-history"><br></div><div class="battle-history">Slowbro, come back!<br></div><div class="battle-history">Go! Nidoking (<strong>Nidoking-Mega</strong>)!<br></div><div class="spacer battle-history"><br></div><div class="battle-history"><small>The opposing Magearna took the Future Sight attack!</small><br></div><div class="battle-history"><small>It's not very effective...</small><br></div><div class="battle-history"><small>(The opposing Magearna lost 10% of its health!)</small><br></div><div class="spacer battle-history"><br></div><h2 class="battle-history">Turn 23</h2><div class="spacer battle-history"><br></div><div class="battle-history">Mossy Sandwich withdrew Magearna!<br></div><div class="battle-history">Mossy Sandwich sent out Landorus (<strong>Landorus-Therian</strong>)!<br></div><div class="battle-history">[The opposing Landorus's Intimidate]<br></div><div class="battle-history"><small>Nidoking's Attack fell!</small><br></div><div class="spacer battle-history"><br></div><div class="battle-history">Nidoking used <strong>Fire Punch</strong>!<br></div><div class="battle-history"><small>(The opposing Landorus lost 21% of its health!)</small><br></div><div class="spacer battle-history"><br></div><h2 class="battle-history">Turn 24</h2><div class="spacer battle-history"><br></div><div class="battle-history">Nidoking, come back!<br></div><div class="battle-history">Go! <strong>Slowbro</strong>!<br></div><div class="spacer battle-history"><br></div><div class="battle-history">The opposing Landorus used <strong>Earthquake</strong>!<br></div><div class="battle-history"><small>(Slowbro lost 31% of its health!)</small><br></div><div class="spacer battle-history"><br></div><h2 class="battle-history">Turn 25</h2><div class="spacer battle-history"><br></div><div class="battle-history">Slowbro, come back!<br></div><div class="battle-history">Go! <strong>Blissey</strong>!<br></div><div class="spacer battle-history"><br></div><div class="battle-history">The opposing Landorus used <strong>Earthquake</strong>!<br></div><div class="battle-history"><small>(Blissey lost 51% of its health!)</small><br></div><div class="spacer battle-history"><br></div><h2 class="battle-history">Turn 26</h2><div class="spacer battle-history"><br></div><div class="battle-history">Blissey, come back!<br></div><div class="battle-history">Go! <strong>Slowbro</strong>!<br></div><div class="spacer battle-history"><br></div><div class="battle-history">The opposing Landorus used <strong>Earthquake</strong>!<br></div><div class="battle-history"><small>(Slowbro lost 32% of its health!)</small><br></div><div class="spacer battle-history"><br></div><h2 class="battle-history">Turn 27</h2><div class="spacer battle-history"><br></div><div class="battle-history">The opposing Landorus used <strong>Earthquake</strong>!<br></div><div class="battle-history"><small>(Slowbro lost 27% of its health!)</small><br></div><div class="spacer battle-history"><br></div><div class="battle-history">Slowbro fainted!<br></div><div class="spacer battle-history"><br></div><div class="battle-history">Go! <strong>Clefable</strong>!<br></div><div class="spacer battle-history"><br></div><h2 class="battle-history">Turn 28</h2><div class="spacer battle-history"><br></div><div class="battle-history">Mossy Sandwich withdrew Landorus!<br></div><div class="battle-history">Mossy Sandwich sent out <strong>Magearna</strong>!<br></div><div class="spacer battle-history"><br></div><div class="battle-history">Clefable used <strong>Stealth Rock</strong>!<br></div><div class="battle-history"><small>Pointed stones float in the air around the opposing team!</small><br></div><div class="spacer battle-history"><br></div><div class="battle-history"><small>Clefable restored a little HP using its Leftovers!</small><br></div><div class="spacer battle-history"><br></div><h2 class="battle-history">Turn 29</h2><div class="chat"><small> inkbug1 joined</small></div><div class="spacer battle-history"><br></div><div class="battle-history">Clefable, come back!<br></div><div class="battle-history">Go! <strong>Blissey</strong>!<br></div><div class="spacer battle-history"><br></div><div class="battle-history">The opposing Magearna used <strong>Volt Switch</strong>!<br></div><div class="battle-history"><small>(Blissey lost 9% of its health!)</small><br></div><div class="spacer battle-history"><br></div><div class="battle-history">The opposing Magearna went back to Mossy Sandwich!<br></div><div class="battle-history">Mossy Sandwich sent out Landorus (<strong>Landorus-Therian</strong>)!<br></div><div class="battle-history"><small>Pointed stones dug into the opposing Landorus!</small><br></div><div class="battle-history">[The opposing Landorus's Intimidate]<br></div><div class="battle-history"><small>Blissey's Attack fell!</small><br></div><div class="spacer battle-history"><br></div><h2 class="battle-history">Turn 30</h2><div class="spacer battle-history"><br></div><div class="battle-history">The opposing Landorus used <strong>Earthquake</strong>!<br></div><div class="battle-history"><small>(Blissey lost 39% of its health!)</small><br></div><div class="spacer battle-history"><br></div><div class="battle-history">Blissey fainted!<br></div><div class="spacer battle-history"><br></div><div class="battle-history">Go! Nidoking (<strong>Nidoking-Mega</strong>)!<br></div><div class="spacer battle-history"><br></div><h2 class="battle-history">Turn 31</h2><div class="spacer battle-history"><br></div><div class="battle-history">The opposing Landorus used <strong>Earthquake</strong>!<br></div><div class="battle-history"><small>It's super effective!</small><br></div><div class="battle-history"><small>(Nidoking lost 93% of its health!)</small><br></div><div class="spacer battle-history"><br></div><div class="battle-history">Nidoking fainted!<br></div><div class="spacer battle-history"><br></div><div class="battle-history">Go! <strong>Clefable</strong>!<br></div><div class="spacer battle-history"><br></div><h2 class="battle-history">Turn 32</h2><div class="spacer battle-history"><br></div><div class="battle-history">Mossy Sandwich withdrew Landorus!<br></div><div class="battle-history">Mossy Sandwich sent out <strong>Corviknight</strong>!<br></div><div class="battle-history"><small>Pointed stones dug into the opposing Corviknight!</small><br></div><div class="battle-history">[The opposing Corviknight's Pressure]<br><small>The opposing Corviknight is exerting its pressure!</small><br></div><div class="spacer battle-history"><br></div><div class="battle-history">Clefable used <strong>Moonblast</strong>!<br></div><div class="battle-history"><small>It's not very effective...</small><br></div><div class="battle-history"><small>(The opposing Corviknight lost 16% of its health!)</small><br></div><div class="spacer battle-history"><br></div><div class="battle-history"><small>Clefable restored a little HP using its Leftovers!</small><br></div><div class="battle-history"><small>The opposing Corviknight restored a little HP using its Leftovers!</small><br></div><div class="spacer battle-history"><br></div><h2 class="battle-history">Turn 33</h2><div class="spacer battle-history"><br></div><div class="battle-history">Clefable, come back!<br></div><div class="battle-history">Go! <strong>Alakazam</strong>!<br></div><div class="spacer battle-history"><br></div><div class="battle-history">The opposing Corviknight used <strong>Defog</strong>!<br></div><div class="battle-history"><small>Alakazam's evasiveness fell!</small><br></div><div class="battle-history"><small>The pointed stones disappeared from around the opposing team!</small><br></div><div class="spacer battle-history"><br></div><div class="battle-history"><small>The opposing Corviknight restored a little HP using its Leftovers!</small><br></div><div class="spacer battle-history"><br></div><h2 class="battle-history">Turn 34</h2><div class="spacer battle-history"><br></div><div class="battle-history">Alakazam used <strong>Nasty Plot</strong>!<br></div><div class="battle-history"><small>Alakazam's Sp. Atk rose sharply!</small><br></div><div class="spacer battle-history"><br></div><div class="battle-history">The opposing Corviknight is paralyzed! It can't move!<br></div><div class="spacer battle-history"><br></div><div class="battle-history"><small>The opposing Corviknight restored a little HP using its Leftovers!</small><br></div><div class="spacer battle-history"><br></div><h2 class="battle-history">Turn 35</h2><div class="spacer battle-history"><br></div><div class="battle-history">Alakazam used <strong>Focus Blast</strong>!<br></div><div class="battle-history"><small>(The opposing Corviknight lost 70% of its health!)</small><br></div><div class="spacer battle-history"><br></div><div class="battle-history">The opposing Corviknight fainted!<br></div><div class="spacer battle-history"><br></div><div class="battle-history">Mossy Sandwich sent out <strong>Magearna</strong>!<br></div><div class="spacer battle-history"><br></div><h2 class="battle-history">Turn 36</h2><div class="spacer battle-history"><br></div><div class="battle-history">Alakazam used <strong>Focus Blast</strong>!<br></div><div class="battle-history"><small>(The opposing Magearna lost 52% of its health!)</small><br></div><div class="spacer battle-history"><br></div><div class="battle-history">The opposing Magearna is paralyzed! It can't move!<br></div><div class="spacer battle-history"><br></div><h2 class="battle-history">Turn 37</h2><div class="spacer battle-history"><br></div><div class="battle-history">Alakazam used <strong>Focus Blast</strong>!<br></div><div class="battle-history"><small>(The opposing Magearna lost 32% of its health!)</small><br></div><div class="spacer battle-history"><br></div><div class="battle-history">The opposing Magearna fainted!<br></div><div class="spacer battle-history"><br></div><div class="battle-history">Mossy Sandwich sent out Landorus (<strong>Landorus-Therian</strong>)!<br></div><div class="battle-history">[The opposing Landorus's Intimidate]<br></div><div class="battle-history"><small>Alakazam's Attack fell!</small><br></div><div class="spacer battle-history"><br></div><h2 class="battle-history">Turn 38</h2><div class="spacer battle-history"><br></div><div class="battle-history">The opposing Landorus used <strong>Earthquake</strong>!<br></div><div class="battle-history"><small>(Alakazam lost 100% of its health!)</small><br></div><div class="spacer battle-history"><br></div><div class="battle-history">Alakazam fainted!<br></div><div class="spacer battle-history"><br></div><div class="battle-history">Go! <strong>Clefable</strong>!<br></div><div class="spacer battle-history"><br></div><h2 class="battle-history">Turn 39</h2><div class="spacer battle-history"><br></div><div class="battle-history">The opposing Landorus used <strong>Earthquake</strong>!<br></div><div class="battle-history"><small>(Clefable lost 45% of its health!)</small><br></div><div class="spacer battle-history"><br></div><div class="battle-history">Clefable used <strong>Moonblast</strong>!<br></div><div class="battle-history"><small>(The opposing Landorus lost 40% of its health!)</small><br></div><div class="battle-history"><small>The opposing Landorus's Sp. Atk fell!</small><br></div><div class="spacer battle-history"><br></div><div class="battle-history"><small>Clefable restored a little HP using its Leftovers!</small><br></div><div class="spacer battle-history"><br></div><h2 class="battle-history">Turn 40</h2><div class="spacer battle-history"><br></div><div class="battle-history">The opposing Landorus used <strong>Earthquake</strong>!<br></div><div class="battle-history"><small>(Clefable lost 44% of its health!)</small><br></div><div class="spacer battle-history"><br></div><div class="battle-history">Clefable used <strong>Soft-Boiled</strong>!<br></div><div class="battle-history"><small>Clefable had its HP restored.</small><br></div><div class="spacer battle-history"><br></div><div class="battle-history"><small>Clefable restored a little HP using its Leftovers!</small><br></div><div class="spacer battle-history"><br></div><h2 class="battle-history">Turn 41</h2><div class="spacer battle-history"><br></div><div class="battle-history">Mossy Sandwich withdrew Landorus!<br></div><div class="battle-history">Mossy Sandwich sent out <strong>Blissey</strong>!<br></div><div class="spacer battle-history"><br></div><div class="battle-history">Clefable used <strong>Soft-Boiled</strong>!<br></div><div class="battle-history"><small>Clefable had its HP restored.</small><br></div><div class="spacer battle-history"><br></div><h2 class="battle-history">Turn 42</h2><div class="spacer battle-history"><br></div><div class="battle-history">Clefable used <strong>Stealth Rock</strong>!<br></div><div class="battle-history"><small>Pointed stones float in the air around the opposing team!</small><br></div><div class="spacer battle-history"><br></div><div class="battle-history">The opposing Blissey used <strong>Seismic Toss</strong>!<br></div><div class="battle-history"><small>(Clefable lost 25% of its health!)</small><br></div><div class="spacer battle-history"><br></div><div class="battle-history"><small>Clefable restored a little HP using its Leftovers!</small><br></div><div class="spacer battle-history"><br></div><h2 class="battle-history">Turn 43</h2><div class="spacer battle-history"><br></div><div class="battle-history">Clefable used <strong>Knock Off</strong>!<br></div><div class="battle-history"><small>(The opposing Blissey lost 8% of its health!)</small><br></div><div class="spacer battle-history"><br></div><div class="battle-history">The opposing Blissey used <strong>Seismic Toss</strong>!<br></div><div class="battle-history"><small>(Clefable lost 25% of its health!)</small><br></div><div class="spacer battle-history"><br></div><div class="battle-history"><small>Clefable restored a little HP using its Leftovers!</small><br></div><div class="spacer battle-history"><br></div><h2 class="battle-history">Turn 44</h2><div class="spacer battle-history"><br></div><div class="battle-history">Clefable used <strong>Knock Off</strong>!<br></div><div class="battle-history"><small>(The opposing Blissey lost 9% of its health!)</small><br></div><div class="spacer battle-history"><br></div><div class="battle-history">The opposing Blissey used <strong>Seismic Toss</strong>!<br></div><div class="battle-history"><small>(Clefable lost 25% of its health!)</small><br></div><div class="spacer battle-history"><br></div><div class="battle-history"><small>Clefable restored a little HP using its Leftovers!</small><br></div><div class="spacer battle-history"><br></div><h2 class="battle-history">Turn 45</h2><div class="spacer battle-history"><br></div><div class="battle-history">Clefable used <strong>Knock Off</strong>!<br></div><div class="battle-history"><small>(The opposing Blissey lost 9% of its health!)</small><br></div><div class="spacer battle-history"><br></div><div class="battle-history">The opposing Blissey used <strong>Wish</strong>!<br></div><div class="spacer battle-history"><br></div><div class="battle-history"><small>Clefable restored a little HP using its Leftovers!</small><br></div><div class="spacer battle-history"><br></div><h2 class="battle-history">Turn 46</h2><div class="spacer battle-history"><br></div><div class="battle-history">Clefable used <strong>Moonblast</strong>!<br></div><div class="battle-history"><small>(The opposing Blissey lost 12% of its health!)</small><br></div><div class="spacer battle-history"><br></div><div class="battle-history">The opposing Blissey used <strong>Seismic Toss</strong>!<br></div><div class="battle-history"><small>(Clefable lost 26% of its health!)</small><br></div><div class="spacer battle-history"><br></div><div class="battle-history"><small>Blissey's wish came true!</small><br></div><div class="battle-history"><small>Clefable restored a little HP using its Leftovers!</small><br></div><div class="spacer battle-history"><br></div><h2 class="battle-history">Turn 47</h2><div class="spacer battle-history"><br></div><div class="battle-history">Clefable used <strong>Knock Off</strong>!<br></div><div class="battle-history"><small>(The opposing Blissey lost 8% of its health!)</small><br></div><div class="spacer battle-history"><br></div><div class="battle-history">The opposing Blissey used <strong>Seismic Toss</strong>!<br></div><div class="battle-history"><small>(Clefable lost 25% of its health!)</small><br></div><div class="spacer battle-history"><br></div><div class="battle-history"><small>Clefable restored a little HP using its Leftovers!</small><br></div><div class="spacer battle-history"><br></div><h2 class="battle-history">Turn 48</h2><div class="spacer battle-history"><br></div><div class="battle-history">Mossy Sandwich withdrew Blissey!<br></div><div class="battle-history">Mossy Sandwich sent out <strong>Greninja</strong>!<br></div><div class="battle-history"><small>Pointed stones dug into the opposing Greninja!</small><br></div><div class="spacer battle-history"><br></div><div class="battle-history">Clefable used <strong>Knock Off</strong>!<br></div><div class="battle-history"><small>It's not very effective...</small><br></div><div class="battle-history"><small>(The opposing Greninja lost 12% of its health!)</small><br></div><div class="battle-history"><small>Clefable knocked off the opposing Greninja's Choice Specs!</small><br></div><div class="spacer battle-history"><br></div><div class="battle-history"><small>Clefable restored a little HP using its Leftovers!</small><br></div><div class="spacer battle-history"><br></div><h2 class="battle-history">Turn 49</h2><div class="spacer battle-history"><br></div><div class="battle-history">The opposing Greninja used <strong>Dark Pulse</strong>!<br></div><div class="battle-history"><small>It's not very effective...</small><br></div><div class="battle-history"><small>(Clefable lost 16% of its health!)</small><br></div><div class="spacer battle-history"><br></div><div class="battle-history">Clefable fainted!<br></div><div class="spacer battle-history"><br></div><div class="battle-history"><strong>Mossy Sandwich</strong> won the battle!<br></div><div class="chat chatmessage-mossysandwich"><strong style="color:#ba49a2"><small>☆</small><span class="username" data-name="Mossy Sandwich">Mossy Sandwich</span>:</strong> <em>gg</em></div><div class="chat chatmessage-ccmegaflareon"><strong style="color:#ac36b5"><small>☆</small><span class="username" data-name="CCMegaFlareon">CCMegaFlareon</span>:</strong> <em>gg</em></div><div class="chat"><small> piikiki4 joined; ☆CCMegaFlareon,  BlaueBrause,  piikiki4, and ☆Mossy Sandwich left</small></div></div><div class="inner-preempt message-log"></div></div></div>
</div>
<script>
let daily = Math.floor(Date.now()/1000/60/60/24);document.write('<script src="https://dragonheaven.herokuapp.com/js/replay-embed.js?version'+daily+'"></'+'script>');
</script>
