<!DOCTYPE html>
<meta charset="utf-8" />
<!-- version 1 -->
<title>[Gen 8] Megas for All replay: ViZarPKMN vs. pokisokis</title>
<style>
html,body {font-family:Verdana, sans-serif;font-size:10pt;margin:0;padding:0;}body{padding:12px 0;} .battle-log {font-family:Verdana, sans-serif;font-size:10pt;} .battle-log-inline {border:1px solid #AAAAAA;background:#EEF2F5;color:black;max-width:640px;margin:0 auto 80px;padding-bottom:5px;} .battle-log .inner {padding:4px 8px 0px 8px;} .battle-log .inner-preempt {padding:0 8px 4px 8px;} .battle-log .inner-after {margin-top:0.5em;} .battle-log h2 {margin:0.5em -8px;padding:4px 8px;border:1px solid #AAAAAA;background:#E0E7EA;border-left:0;border-right:0;font-family:Verdana, sans-serif;font-size:13pt;} .battle-log .chat {vertical-align:middle;padding:3px 0 3px 0;font-size:8pt;} .battle-log .chat strong {color:#40576A;} .battle-log .chat em {padding:1px 4px 1px 3px;color:#000000;font-style:normal;} .chat.mine {background:rgba(0,0,0,0.05);margin-left:-8px;margin-right:-8px;padding-left:8px;padding-right:8px;} .spoiler {color:#BBBBBB;background:#BBBBBB;padding:0px 3px;} .spoiler:hover, .spoiler:active, .spoiler-shown {color:#000000;background:#E2E2E2;padding:0px 3px;} .spoiler a {color:#BBBBBB;} .spoiler:hover a, .spoiler:active a, .spoiler-shown a {color:#2288CC;} .chat code, .chat .spoiler:hover code, .chat .spoiler:active code, .chat .spoiler-shown code {border:1px solid #C0C0C0;background:#EEEEEE;color:black;padding:0 2px;} .chat .spoiler code {border:1px solid #CCCCCC;background:#CCCCCC;color:#CCCCCC;} .battle-log .rated {padding:3px 4px;} .battle-log .rated strong {color:white;background:#89A;padding:1px 4px;border-radius:4px;} .spacer {margin-top:0.5em;} .message-announce {background:#6688AA;color:white;padding:1px 4px 2px;} .message-announce a, .broadcast-green a, .broadcast-blue a, .broadcast-red a {color:#DDEEFF;} .broadcast-green {background-color:#559955;color:white;padding:2px 4px;} .broadcast-blue {background-color:#6688AA;color:white;padding:2px 4px;} .infobox {border:1px solid #6688AA;padding:2px 4px;} .infobox-limited {max-height:200px;overflow:auto;overflow-x:hidden;} .broadcast-red {background-color:#AA5544;color:white;padding:2px 4px;} .message-learn-canlearn {font-weight:bold;color:#228822;text-decoration:underline;} .message-learn-cannotlearn {font-weight:bold;color:#CC2222;text-decoration:underline;} .message-effect-weak {font-weight:bold;color:#CC2222;} .message-effect-resist {font-weight:bold;color:#6688AA;} .message-effect-immune {font-weight:bold;color:#666666;} .message-learn-list {margin-top:0;margin-bottom:0;} .message-throttle-notice, .message-error {color:#992222;} .message-overflow, .chat small.message-overflow {font-size:0pt;} .message-overflow::before {font-size:9pt;content:'...';} .subtle {color:#3A4A66;}
</style>
<div class="wrapper replay-wrapper" style="max-width:1180px;margin:0 auto">
<input type="hidden" name="replayid" value="dragonheaven-gen8megasforall-1036" />
<div class="battle"></div><div class="battle-log"></div><div class="replay-controls"></div><div class="replay-controls-2"></div>
<h1 style="font-weight:normal;text-align:center"><strong>[Gen 8] Megas for All</strong><br /><a href="http://pokemonshowdown.com/users/vizarpkmn" class="subtle" target="_blank">ViZarPKMN</a> vs. <a href="http://pokemonshowdown.com/users/pokisokis" class="subtle" target="_blank">pokisokis</a></h1>
<script type="text/plain" class="battle-log-data">|j|☆ViZarPKMN

|j|☆pokisokis
|t:|1609622428
|player|p1|ViZarPKMN|benga|
|player|p2|pokisokis|102|
|teamsize|p1|6
|teamsize|p2|6
|gametype|singles
|gen|8
|tier|[Gen 8] Megas for All
|clearpoke
|poke|p1|Walrein, F|
|poke|p1|Barraskewda, M|
|poke|p1|Urshifu-*, F|
|poke|p1|Ferrothorn, F|
|poke|p1|Slowking-Galar, M|
|poke|p1|Manaphy|
|poke|p2|Nidoking, M|
|poke|p2|Greninja, M|
|poke|p2|Magnezone|
|poke|p2|Clefable, F|
|poke|p2|Moltres|
|poke|p2|Tyranitar, M|
|rule|HP Percentage Mod: HP is shown in percentages
|rule|Endless Battle Clause: Forcing endless battles is banned
|rule|OHKO Clause: OHKO moves are banned
|rule|Evasion Moves Clause: Evasion moves are banned
|rule|Species Clause: Limit one of each Pokémon
|rule|Dynamax Clause: You cannot dynamax
|rule|Sleep Clause Mod: Limit one foe put to sleep
|rule|Freeze Clause Mod: Limit one foe frozen
|teampreview
|inactive|Battle timer is ON: inactive players will automatically lose when time's up. (requested by pokisokis)
|inactive|Time left: 300 sec this turn | 300 sec total | 60 sec grace
|
|t:|1609622449
|start
|switch|p1a: PeLiPpEr.|Walrein, F|423\/423
|switch|p2a: Sneaky Frog|Greninja, M, shiny|100\/100
|turn|1
|inactive|Time left: 300 sec this turn | 300 sec total
|c|☆ViZarPKMN|glhf
|
|t:|1609622472
|detailschange|p1a: PeLiPpEr.|Walrein-Mega, F
|-mega|p1a: PeLiPpEr.|Walrein|Walreinite
|-weather|RainDance|[from] ability: Drizzle|[of] p1a: PeLiPpEr.
|-start|p1a: PeLiPpEr.|typechange|Ice\/Water|[silent]
|raw|<ul class="utilichart"><li class="result"><span class="col pokemonnamecol" style="white-space: nowrap">Walrein-Mega<\/span> <span class="col typecol"><img src="https:\/\/play.pokemonshowdown.com\/sprites\/types\/Ice.png" alt="Ice" height="14" width="32"><img src="https:\/\/play.pokemonshowdown.com\/sprites\/types\/Water.png" alt="Water" height="14" width="32"><\/span> <span style="float: left ; min-height: 26px"><span class="col abilitycol">Drizzle<\/span><span class="col abilitycol"><\/span><\/span><span style="float: left ; min-height: 26px"><span class="col statcol"><em>HP<\/em><br>110<\/span> <span class="col statcol"><em>Atk<\/em><br>110<\/span> <span class="col statcol"><em>Def<\/em><br>90<\/span> <span class="col statcol"><em>SpA<\/em><br>145<\/span> <span class="col statcol"><em>SpD<\/em><br>90<\/span> <span class="col statcol"><em>Spe<\/em><br>85<\/span> <\/span><\/li><li style="clear: both"><\/li><\/ul>
|move|p2a: Sneaky Frog|Dark Pulse|p1a: PeLiPpEr.
|-start|p2a: Sneaky Frog|typechange|Dark|[from] ability: Protean
|-damage|p1a: PeLiPpEr.|287\/423
|-damage|p2a: Sneaky Frog|91\/100|[from] item: Life Orb
|move|p1a: PeLiPpEr.|Flip Turn|p2a: Sneaky Frog
|-damage|p2a: Sneaky Frog|42\/100
|inactive|Time left: 295 sec this turn | 295 sec total
|inactiveoff|Battle timer is now OFF.
|
|t:|1609622483
|switch|p1a: SwAmPeRt-MeGa.|Barraskewda, M|263\/263
|
|-weather|RainDance|[upkeep]
|upkeep
|turn|2
|c|☆pokisokis|glhf
|
|t:|1609622510
|switch|p2a: Not Godzilla|Tyranitar, M|100\/100
|-weather|Sandstorm|[from] ability: Sand Stream|[of] p2a: Not Godzilla
|move|p1a: SwAmPeRt-MeGa.|Flip Turn|p2a: Not Godzilla
|-supereffective|p2a: Not Godzilla
|-damage|p2a: Not Godzilla|26\/100
|
|t:|1609622520
|switch|p1a: UrShIfU-sInGlE|Urshifu-Rapid-Strike, F|341\/341
|
|-weather|Sandstorm|[upkeep]
|-damage|p1a: UrShIfU-sInGlE|320\/341|[from] Sandstorm
|upkeep
|turn|3
|
|t:|1609622555
|switch|p2a: Sneaky Frog|Greninja, M, shiny|42\/100
|move|p1a: UrShIfU-sInGlE|Surging Strikes|p2a: Sneaky Frog
|-resisted|p2a: Sneaky Frog
|-crit|p2a: Sneaky Frog
|-damage|p2a: Sneaky Frog|25\/100
|-resisted|p2a: Sneaky Frog
|-crit|p2a: Sneaky Frog
|-damage|p2a: Sneaky Frog|9\/100
|-resisted|p2a: Sneaky Frog
|-crit|p2a: Sneaky Frog
|-damage|p2a: Sneaky Frog|0 fnt
|-hitcount|p2a: Sneaky Frog|3
|faint|p2a: Sneaky Frog
|
|-weather|Sandstorm|[upkeep]
|-damage|p1a: UrShIfU-sInGlE|299\/341|[from] Sandstorm
|upkeep
|
|t:|1609622587
|switch|p2a: Da King|Nidoking, M|100\/100
|turn|4
|
|t:|1609622592
|detailschange|p2a: Da King|Nidoking-Mega, M
|-mega|p2a: Da King|Nidoking|Nidokinite
|-start|p2a: Da King|typechange|Poison\/Ground|[silent]
|raw|<ul class="utilichart"><li class="result"><span class="col pokemonnamecol" style="white-space: nowrap">Nidoking-Mega<\/span> <span class="col typecol"><img src="https:\/\/play.pokemonshowdown.com\/sprites\/types\/Poison.png" alt="Poison" height="14" width="32"><img src="https:\/\/play.pokemonshowdown.com\/sprites\/types\/Ground.png" alt="Ground" height="14" width="32"><\/span> <span style="float: left ; min-height: 26px"><span class="col abilitycol">Moxie<\/span><span class="col abilitycol"><\/span><\/span><span style="float: left ; min-height: 26px"><span class="col statcol"><em>HP<\/em><br>81<\/span> <span class="col statcol"><em>Atk<\/em><br>142<\/span> <span class="col statcol"><em>Def<\/em><br>107<\/span> <span class="col statcol"><em>SpA<\/em><br>85<\/span> <span class="col statcol"><em>SpD<\/em><br>75<\/span> <span class="col statcol"><em>Spe<\/em><br>115<\/span> <\/span><\/li><li style="clear: both"><\/li><\/ul>
|move|p1a: UrShIfU-sInGlE|Surging Strikes|p2a: Da King
|-supereffective|p2a: Da King
|-crit|p2a: Da King
|-damage|p2a: Da King|60\/100
|-supereffective|p2a: Da King
|-crit|p2a: Da King
|-damage|p2a: Da King|20\/100
|-supereffective|p2a: Da King
|-crit|p2a: Da King
|-damage|p2a: Da King|0 fnt
|-hitcount|p2a: Da King|3
|faint|p2a: Da King
|
|-weather|Sandstorm|[upkeep]
|-damage|p1a: UrShIfU-sInGlE|278\/341|[from] Sandstorm
|upkeep
|
|t:|1609622605
|switch|p2a: Duck Season|Magnezone|100\/100
|turn|5
|
|t:|1609622610
|move|p1a: UrShIfU-sInGlE|Surging Strikes|p2a: Duck Season
|-crit|p2a: Duck Season
|-damage|p2a: Duck Season|81\/100
|-crit|p2a: Duck Season
|-damage|p2a: Duck Season|64\/100
|-crit|p2a: Duck Season
|-damage|p2a: Duck Season|46\/100
|-hitcount|p2a: Duck Season|3
|move|p2a: Duck Season|Volt Switch|p1a: UrShIfU-sInGlE
|-supereffective|p1a: UrShIfU-sInGlE
|-damage|p1a: UrShIfU-sInGlE|0 fnt
|faint|p1a: UrShIfU-sInGlE
|
|t:|1609622624
|switch|p2a: You Know Who|Clefable, F|100\/100|[from]move: Volt Switch
|
|-weather|Sandstorm|[upkeep]
|upkeep
|
|t:|1609622629
|switch|p1a: PeLiPpEr.|Walrein-Mega, F|287\/423
|-start|p1a: PeLiPpEr.|typechange|Ice\/Water|[silent]
|-weather|RainDance|[from] ability: Drizzle|[of] p1a: PeLiPpEr.
|turn|6
|j| BlaueBrause
|
|t:|1609622646
|switch|p1a: Galar's King|Slowking-Galar, M|393\/393
|move|p2a: You Know Who|Protect||[still]
|-fail|p2a: You Know Who
|
|-weather|RainDance|[upkeep]
|upkeep
|turn|7
|
|t:|1609622661
|switch|p2a: Duck Season|Magnezone|46\/100
|move|p1a: Galar's King|Scald|p2a: Duck Season
|-damage|p2a: Duck Season|6\/100
|
|-weather|RainDance|[upkeep]
|upkeep
|turn|8
|
|t:|1609622669
|move|p2a: Duck Season|Volt Switch|p1a: Galar's King
|-damage|p1a: Galar's King|275\/393
|
|t:|1609622671
|switch|p2a: You Know Who|Clefable, F|100\/100|[from]move: Volt Switch
|move|p1a: Galar's King|Scald|p2a: You Know Who
|-damage|p2a: You Know Who|77\/100
|
|-weather|RainDance|[upkeep]
|-heal|p2a: You Know Who|83\/100|[from] item: Leftovers
|upkeep
|turn|9
|
|t:|1609622680
|move|p2a: You Know Who|Protect|p2a: You Know Who
|-singleturn|p2a: You Know Who|Protect
|move|p1a: Galar's King|Sludge Bomb|p2a: You Know Who
|-activate|p2a: You Know Who|move: Protect
|
|-weather|RainDance|[upkeep]
|-heal|p2a: You Know Who|90\/100|[from] item: Leftovers
|upkeep
|turn|10
|
|t:|1609622693
|move|p1a: Galar's King|Scald|p2a: You Know Who
|-damage|p2a: You Know Who|65\/100
|move|p2a: You Know Who|Teleport|p2a: You Know Who
|
|t:|1609622697
|switch|p2a: Not Godzilla|Tyranitar, M|26\/100|[from]move: Teleport
|-weather|Sandstorm|[from] ability: Sand Stream|[of] p2a: Not Godzilla
|
|-weather|Sandstorm|[upkeep]
|-damage|p1a: Galar's King|251\/393|[from] Sandstorm
|upkeep
|turn|11
|j| inkbug1
|
|t:|1609622704
|-activate|p1a: Galar's King|move: Pursuit
|move|p2a: Not Godzilla|Pursuit|p1a: Galar's King|[from]Pursuit
|-supereffective|p1a: Galar's King
|-damage|p1a: Galar's King|0 fnt
|-hint|A Pokemon can't switch between when it runs out of HP and when it faints
|faint|p1a: Galar's King
|
|-weather|Sandstorm|[upkeep]
|upkeep
|
|t:|1609622708
|switch|p1a: SwAmPeRt-MeGa.|Barraskewda, M|263\/263
|turn|12
|
|t:|1609622722
|move|p1a: SwAmPeRt-MeGa.|Flip Turn|p2a: Not Godzilla
|-supereffective|p2a: Not Godzilla
|-damage|p2a: Not Godzilla|0 fnt
|faint|p2a: Not Godzilla
|
|t:|1609622725
|switch|p1a: PeLiPpEr.|Walrein-Mega, F|287\/423
|-start|p1a: PeLiPpEr.|typechange|Ice\/Water|[silent]
|-weather|RainDance|[from] ability: Drizzle|[of] p1a: PeLiPpEr.
|
|-weather|RainDance|[upkeep]
|upkeep
|
|t:|1609622735
|switch|p2a: Duck Season|Magnezone|6\/100
|turn|13
|
|t:|1609622740
|switch|p1a: Spikes|Ferrothorn, F|352\/352
|move|p2a: Duck Season|Volt Switch|p1a: Spikes
|-resisted|p1a: Spikes
|-damage|p1a: Spikes|259\/352
|
|t:|1609622755
|switch|p2a: You Know Who|Clefable, F|65\/100|[from]move: Volt Switch
|
|-weather|RainDance|[upkeep]
|-heal|p2a: You Know Who|71\/100|[from] item: Leftovers
|-heal|p1a: Spikes|281\/352|[from] item: Leftovers
|upkeep
|turn|14
|
|t:|1609622762
|move|p2a: You Know Who|Wish|p2a: You Know Who
|move|p1a: Spikes|Stealth Rock|p2a: You Know Who
|-sidestart|p2: pokisokis|move: Stealth Rock
|
|-weather|RainDance|[upkeep]
|-heal|p2a: You Know Who|77\/100|[from] item: Leftovers
|-heal|p1a: Spikes|303\/352|[from] item: Leftovers
|upkeep
|turn|15
|
|t:|1609622773
|move|p1a: Spikes|Knock Off|p2a: You Know Who
|-resisted|p2a: You Know Who
|-damage|p2a: You Know Who|66\/100
|-enditem|p2a: You Know Who|Leftovers|[from] move: Knock Off|[of] p1a: Spikes
|move|p2a: You Know Who|Teleport|p2a: You Know Who
|
|t:|1609622783
|switch|p2a: Moltres|Moltres|100\/100|[from]move: Teleport
|
|-weather|RainDance|[upkeep]
|-heal|p1a: Spikes|325\/352|[from] item: Leftovers
|upkeep
|turn|16
|
|t:|1609622791
|switch|p1a: Tail Glow go brrr|Manaphy|341\/341
|move|p2a: Moltres|Flamethrower|p1a: Tail Glow go brrr
|-resisted|p1a: Tail Glow go brrr
|-damage|p1a: Tail Glow go brrr|308\/341
|
|-weather|none
|upkeep
|turn|17
|error|[Invalid choice] There's nothing to cancel
|
|t:|1609622799
|move|p1a: Tail Glow go brrr|Surf|p2a: Moltres
|-supereffective|p2a: Moltres
|-damage|p2a: Moltres|17\/100
|move|p2a: Moltres|Defog|p1a: Tail Glow go brrr
|-unboost|p1a: Tail Glow go brrr|evasion|1
|-sideend|p2: pokisokis|Stealth Rock|[from] move: Defog|[of] p2a: Moltres
|
|upkeep
|turn|18
|
|t:|1609622807
|move|p1a: Tail Glow go brrr|Tail Glow|p1a: Tail Glow go brrr
|-boost|p1a: Tail Glow go brrr|spa|3
|move|p2a: Moltres|Flamethrower|p1a: Tail Glow go brrr
|-resisted|p1a: Tail Glow go brrr
|-damage|p1a: Tail Glow go brrr|243\/341
|-status|p1a: Tail Glow go brrr|brn
|
|-damage|p1a: Tail Glow go brrr|222\/341 brn|[from] brn
|upkeep
|turn|19
|
|t:|1609622817
|move|p1a: Tail Glow go brrr|Surf|p2a: Moltres
|-supereffective|p2a: Moltres
|-damage|p2a: Moltres|0 fnt
|faint|p2a: Moltres
|
|-damage|p1a: Tail Glow go brrr|201\/341 brn|[from] brn
|upkeep
|
|t:|1609622827
|switch|p2a: You Know Who|Clefable, F|66\/100
|turn|20
|
|t:|1609622832
|-zpower|p1a: Tail Glow go brrr
|move|p1a: Tail Glow go brrr|Hydro Vortex|p2a: You Know Who|[zeffect]
|-damage|p2a: You Know Who|0 fnt
|faint|p2a: You Know Who
|
|-damage|p1a: Tail Glow go brrr|180\/341 brn|[from] brn
|upkeep
|c|☆ViZarPKMN|gg
|c|☆pokisokis|gg
|
|t:|1609622841
|switch|p2a: Duck Season|Magnezone|6\/100
|turn|21
|
|t:|1609622849
|move|p1a: Tail Glow go brrr|Psychic|p2a: Duck Season
|-resisted|p2a: Duck Season
|-damage|p2a: Duck Season|0 fnt
|faint|p2a: Duck Season
|
|win|ViZarPKMN</script>
</div>
<div class="battle-log battle-log-inline"><div class="inner"><div class="battle-options"><div style="padding-top: 3px; padding-right: 3px; text-align: right"><button class="icon button" name="openBattleOptions" title="Options">Battle Options</button></div></div><div class="inner message-log"><div class="chat"><small>☆ViZarPKMN and ☆pokisokis joined</small></div><div class=""><small>Format:</small> <br><strong>[Gen 8] Megas for All</strong></div><div class=""><small><em>HP Percentage Mod:</em> HP is shown in percentages</small></div><div class=""><small><em>Endless Battle Clause:</em> Forcing endless battles is banned</small></div><div class=""><small><em>OHKO Clause:</em> OHKO moves are banned</small></div><div class=""><small><em>Evasion Moves Clause:</em> Evasion moves are banned</small></div><div class=""><small><em>Species Clause:</em> Limit one of each Pokémon</small></div><div class=""><small><em>Dynamax Clause:</em> You cannot dynamax</small></div><div class=""><small><em>Sleep Clause Mod:</em> Limit one foe put to sleep</small></div><div class=""><small><em>Freeze Clause Mod:</em> Limit one foe frozen</small></div><div class="chat battle-history"><strong>ViZarPKMN's team:</strong> <em style="color:#445566;display:block;">Walrein / Barraskewda / Urshifu-* / Ferrothorn / Slowking-Galar / Manaphy</em></div><div class="chat battle-history"><strong>pokisokis's team:</strong> <em style="color:#445566;display:block;">Nidoking / Greninja / Magnezone / Clefable / Moltres / Tyranitar</em></div><div class="chat message-error">Battle timer is ON: inactive players will automatically lose when time's up. (requested by pokisokis)</div><div class="spacer battle-history"><br></div><div class="battle-history">Battle started between ViZarPKMN and pokisokis!<br></div><div class="spacer battle-history"><br></div><div class="battle-history">Go! PeLiPpEr. (<strong>Walrein</strong>)!<br></div><div class="spacer battle-history"><br></div><div class="battle-history">pokisokis sent out Sneaky Frog (<strong>Greninja</strong>)!<br></div><div class="spacer battle-history"><br></div><h2 class="battle-history">Turn 1</h2><div class="chat chatmessage-vizarpkmn mine"><strong style="color:#4f78c0"><small>☆</small><span class="username" data-name="ViZarPKMN">ViZarPKMN</span>:</strong> <em>glhf</em></div><div class="spacer battle-history"><br></div><div class="battle-history"><small>PeLiPpEr.'s Walreinite is reacting to the Key Stone!</small><br>PeLiPpEr. has Mega Evolved into Mega Walrein!<br></div><div class="battle-history">[PeLiPpEr.'s Drizzle]<br><small>It started to rain!</small><br></div><div class="chat"><ul class="utilichart"><li class="result"><span class="col pokemonnamecol" style="white-space: nowrap">Walrein-Mega</span> <span class="col typecol"><img src="https://play.pokemonshowdown.com/sprites/types/Ice.png" alt="Ice" height="14" width="32"><img src="https://play.pokemonshowdown.com/sprites/types/Water.png" alt="Water" height="14" width="32"></span> <span style="float: left ; min-height: 26px"><span class="col abilitycol">Drizzle</span><span class="col abilitycol"></span></span><span style="float: left ; min-height: 26px"><span class="col statcol"><em>HP</em><br>110</span> <span class="col statcol"><em>Atk</em><br>110</span> <span class="col statcol"><em>Def</em><br>90</span> <span class="col statcol"><em>SpA</em><br>145</span> <span class="col statcol"><em>SpD</em><br>90</span> <span class="col statcol"><em>Spe</em><br>85</span> </span></li><li style="clear: both"></li></ul></div><div class="spacer battle-history"><br></div><div class="battle-history">The opposing Sneaky Frog used <strong>Dark Pulse</strong>!<br></div><div class="spacer battle-history"><br></div><div class="battle-history">[The opposing Sneaky Frog's Protean]<br><small>The opposing Sneaky Frog's type changed to Dark!</small><br></div><div class="battle-history"><small>(PeLiPpEr. lost <abbr title="−136/423">32.2%</abbr> of its health!)</small><br></div><div class="battle-history"><small>The opposing Sneaky Frog lost some of its HP!</small><br></div><div class="spacer battle-history"><br></div><div class="battle-history">PeLiPpEr. used <strong>Flip Turn</strong>!<br></div><div class="battle-history"><small>(The opposing Sneaky Frog lost 49% of its health!)</small><br></div><div class="chat message-error">Battle timer is now OFF.</div><div class="spacer battle-history"><br></div><div class="battle-history">PeLiPpEr., come back!<br></div><div class="battle-history">Go! SwAmPeRt-MeGa. (<strong>Barraskewda</strong>)!<br></div><div class="spacer battle-history"><br></div><div class="battle-history"><small>(Rain continues to fall.)</small><br></div><div class="spacer battle-history"><br></div><h2 class="battle-history">Turn 2</h2><div class="chat chatmessage-pokisokis"><strong style="color:#12adbe"><small>☆</small><span class="username" data-name="pokisokis">pokisokis</span>:</strong> <em>glhf</em></div><div class="spacer battle-history"><br></div><div class="battle-history">pokisokis withdrew Sneaky Frog!<br></div><div class="battle-history">pokisokis sent out Not Godzilla (<strong>Tyranitar</strong>)!<br></div><div class="battle-history">[The opposing Not Godzilla's Sand Stream]<br><small>A sandstorm kicked up!</small><br></div><div class="spacer battle-history"><br></div><div class="battle-history">SwAmPeRt-MeGa. used <strong>Flip Turn</strong>!<br></div><div class="battle-history"><small>It's super effective!</small><br></div><div class="battle-history"><small>(The opposing Not Godzilla lost 74% of its health!)</small><br></div><div class="spacer battle-history"><br></div><div class="battle-history">SwAmPeRt-MeGa., come back!<br></div><div class="battle-history">Go! UrShIfU-sInGlE (<strong>Urshifu-Rapid-Strike</strong>)!<br></div><div class="spacer battle-history"><br></div><div class="battle-history"><small>(The sandstorm is raging.)</small><br></div><div class="battle-history"><small>UrShIfU-sInGlE is buffeted by the sandstorm!</small><br></div><div class="spacer battle-history"><br></div><h2 class="battle-history">Turn 3</h2><div class="spacer battle-history"><br></div><div class="battle-history">pokisokis withdrew Not Godzilla!<br></div><div class="battle-history">pokisokis sent out Sneaky Frog (<strong>Greninja</strong>)!<br></div><div class="spacer battle-history"><br></div><div class="battle-history">UrShIfU-sInGlE used <strong>Surging Strikes</strong>!<br></div><div class="battle-history"><small>It's not very effective...</small><br></div><div class="battle-history"><small>A critical hit!</small><br></div><div class="battle-history"><small>(The opposing Sneaky Frog lost 17% of its health!)</small><br></div><div class="battle-history"><small>It's not very effective...</small><br></div><div class="battle-history"><small>A critical hit!</small><br></div><div class="battle-history"><small>(The opposing Sneaky Frog lost 16% of its health!)</small><br></div><div class="battle-history"><small>It's not very effective...</small><br></div><div class="battle-history"><small>A critical hit!</small><br></div><div class="battle-history"><small>(The opposing Sneaky Frog lost 9% of its health!)</small><br></div><div class="battle-history"><small>The Pokémon was hit 3 times!</small><br></div><div class="spacer battle-history"><br></div><div class="battle-history">The opposing Sneaky Frog fainted!<br></div><div class="spacer battle-history"><br></div><div class="battle-history"><small>(The sandstorm is raging.)</small><br></div><div class="battle-history"><small>UrShIfU-sInGlE is buffeted by the sandstorm!</small><br></div><div class="spacer battle-history"><br></div><div class="battle-history">pokisokis sent out Da King (<strong>Nidoking</strong>)!<br></div><div class="spacer battle-history"><br></div><h2 class="battle-history">Turn 4</h2><div class="spacer battle-history"><br></div><div class="battle-history"><small>The opposing Da King's Nidokinite is reacting to the Key Stone!</small><br>The opposing Da King has Mega Evolved into Mega Nidoking!<br></div><div class="chat"><ul class="utilichart"><li class="result"><span class="col pokemonnamecol" style="white-space: nowrap">Nidoking-Mega</span> <span class="col typecol"><img src="https://play.pokemonshowdown.com/sprites/types/Poison.png" alt="Poison" height="14" width="32"><img src="https://play.pokemonshowdown.com/sprites/types/Ground.png" alt="Ground" height="14" width="32"></span> <span style="float: left ; min-height: 26px"><span class="col abilitycol">Moxie</span><span class="col abilitycol"></span></span><span style="float: left ; min-height: 26px"><span class="col statcol"><em>HP</em><br>81</span> <span class="col statcol"><em>Atk</em><br>142</span> <span class="col statcol"><em>Def</em><br>107</span> <span class="col statcol"><em>SpA</em><br>85</span> <span class="col statcol"><em>SpD</em><br>75</span> <span class="col statcol"><em>Spe</em><br>115</span> </span></li><li style="clear: both"></li></ul></div><div class="spacer battle-history"><br></div><div class="battle-history">UrShIfU-sInGlE used <strong>Surging Strikes</strong>!<br></div><div class="battle-history"><small>It's super effective!</small><br></div><div class="battle-history"><small>A critical hit!</small><br></div><div class="battle-history"><small>(The opposing Da King lost 40% of its health!)</small><br></div><div class="battle-history"><small>It's super effective!</small><br></div><div class="battle-history"><small>A critical hit!</small><br></div><div class="battle-history"><small>(The opposing Da King lost 40% of its health!)</small><br></div><div class="battle-history"><small>It's super effective!</small><br></div><div class="battle-history"><small>A critical hit!</small><br></div><div class="battle-history"><small>(The opposing Da King lost 20% of its health!)</small><br></div><div class="battle-history"><small>The Pokémon was hit 3 times!</small><br></div><div class="spacer battle-history"><br></div><div class="battle-history">The opposing Da King fainted!<br></div><div class="spacer battle-history"><br></div><div class="battle-history"><small>(The sandstorm is raging.)</small><br></div><div class="battle-history"><small>UrShIfU-sInGlE is buffeted by the sandstorm!</small><br></div><div class="spacer battle-history"><br></div><div class="battle-history">pokisokis sent out Duck Season (<strong>Magnezone</strong>)!<br></div><div class="spacer battle-history"><br></div><h2 class="battle-history">Turn 5</h2><div class="spacer battle-history"><br></div><div class="battle-history">UrShIfU-sInGlE used <strong>Surging Strikes</strong>!<br></div><div class="battle-history"><small>A critical hit!</small><br></div><div class="battle-history"><small>(The opposing Duck Season lost 19% of its health!)</small><br></div><div class="battle-history"><small>A critical hit!</small><br></div><div class="battle-history"><small>(The opposing Duck Season lost 17% of its health!)</small><br></div><div class="battle-history"><small>A critical hit!</small><br></div><div class="battle-history"><small>(The opposing Duck Season lost 18% of its health!)</small><br></div><div class="battle-history"><small>The Pokémon was hit 3 times!</small><br></div><div class="spacer battle-history"><br></div><div class="battle-history">The opposing Duck Season used <strong>Volt Switch</strong>!<br></div><div class="battle-history"><small>It's super effective!</small><br></div><div class="battle-history"><small>(UrShIfU-sInGlE lost <abbr title="−278/341">81.5%</abbr> of its health!)</small><br></div><div class="spacer battle-history"><br></div><div class="battle-history">UrShIfU-sInGlE fainted!<br></div><div class="spacer battle-history"><br></div><div class="battle-history">The opposing Duck Season went back to pokisokis!<br></div><div class="battle-history">pokisokis sent out You Know Who (<strong>Clefable</strong>)!<br></div><div class="spacer battle-history"><br></div><div class="battle-history"><small>(The sandstorm is raging.)</small><br></div><div class="spacer battle-history"><br></div><div class="battle-history">Go! PeLiPpEr. (<strong>Walrein-Mega</strong>)!<br></div><div class="battle-history">[PeLiPpEr.'s Drizzle]<br><small>It started to rain!</small><br></div><div class="spacer battle-history"><br></div><h2 class="battle-history">Turn 6</h2><div class="chat"><small> BlaueBrause joined</small></div><div class="spacer battle-history"><br></div><div class="battle-history">PeLiPpEr., come back!<br></div><div class="battle-history">Go! Galar's King (<strong>Slowking-Galar</strong>)!<br></div><div class="spacer battle-history"><br></div><div class="battle-history">The opposing You Know Who used <strong>Protect</strong>!<br></div><div class="battle-history"><small>But it failed!</small><br></div><div class="spacer battle-history"><br></div><div class="battle-history"><small>(Rain continues to fall.)</small><br></div><div class="spacer battle-history"><br></div><h2 class="battle-history">Turn 7</h2><div class="spacer battle-history"><br></div><div class="battle-history">pokisokis withdrew You Know Who!<br></div><div class="battle-history">pokisokis sent out Duck Season (<strong>Magnezone</strong>)!<br></div><div class="spacer battle-history"><br></div><div class="battle-history">Galar's King used <strong>Scald</strong>!<br></div><div class="battle-history"><small>(The opposing Duck Season lost 40% of its health!)</small><br></div><div class="spacer battle-history"><br></div><div class="battle-history"><small>(Rain continues to fall.)</small><br></div><div class="spacer battle-history"><br></div><h2 class="battle-history">Turn 8</h2><div class="spacer battle-history"><br></div><div class="battle-history">The opposing Duck Season used <strong>Volt Switch</strong>!<br></div><div class="battle-history"><small>(Galar's King lost <abbr title="−118/393">30.0%</abbr> of its health!)</small><br></div><div class="spacer battle-history"><br></div><div class="battle-history">The opposing Duck Season went back to pokisokis!<br></div><div class="battle-history">pokisokis sent out You Know Who (<strong>Clefable</strong>)!<br></div><div class="spacer battle-history"><br></div><div class="battle-history">Galar's King used <strong>Scald</strong>!<br></div><div class="battle-history"><small>(The opposing You Know Who lost 23% of its health!)</small><br></div><div class="spacer battle-history"><br></div><div class="battle-history"><small>(Rain continues to fall.)</small><br></div><div class="battle-history"><small>The opposing You Know Who restored a little HP using its Leftovers!</small><br></div><div class="spacer battle-history"><br></div><h2 class="battle-history">Turn 9</h2><div class="spacer battle-history"><br></div><div class="battle-history">The opposing You Know Who used <strong>Protect</strong>!<br></div><div class="battle-history"><small>The opposing You Know Who protected itself!</small><br></div><div class="spacer battle-history"><br></div><div class="battle-history">Galar's King used <strong>Sludge Bomb</strong>!<br></div><div class="battle-history"><small>The opposing You Know Who protected itself!</small><br></div><div class="spacer battle-history"><br></div><div class="battle-history"><small>(Rain continues to fall.)</small><br></div><div class="battle-history"><small>The opposing You Know Who restored a little HP using its Leftovers!</small><br></div><div class="spacer battle-history"><br></div><h2 class="battle-history">Turn 10</h2><div class="spacer battle-history"><br></div><div class="battle-history">Galar's King used <strong>Scald</strong>!<br></div><div class="battle-history"><small>(The opposing You Know Who lost 25% of its health!)</small><br></div><div class="spacer battle-history"><br></div><div class="battle-history">The opposing You Know Who used <strong>Teleport</strong>!<br></div><div class="spacer battle-history"><br></div><div class="battle-history">pokisokis withdrew You Know Who!<br></div><div class="battle-history">pokisokis sent out Not Godzilla (<strong>Tyranitar</strong>)!<br></div><div class="battle-history">[The opposing Not Godzilla's Sand Stream]<br><small>A sandstorm kicked up!</small><br></div><div class="spacer battle-history"><br></div><div class="battle-history"><small>(The sandstorm is raging.)</small><br></div><div class="battle-history"><small>Galar's King is buffeted by the sandstorm!</small><br></div><div class="spacer battle-history"><br></div><h2 class="battle-history">Turn 11</h2><div class="chat"><small> inkbug1 joined</small></div><div class="spacer battle-history"><br></div><div class="battle-history"><small>(Galar's King is being withdrawn...)</small><br></div><div class="spacer battle-history"><br></div><div class="battle-history">The opposing Not Godzilla used <strong>Pursuit</strong>!<br></div><div class="battle-history"><small>It's super effective!</small><br></div><div class="battle-history"><small>(Galar's King lost <abbr title="−251/393">63.9%</abbr> of its health!)</small><br></div><div class="battle-history"><small>(A Pokemon can't switch between when it runs out of HP and when it faints)</small><br></div><div class="spacer battle-history"><br></div><div class="battle-history">Galar's King fainted!<br></div><div class="spacer battle-history"><br></div><div class="battle-history"><small>(The sandstorm is raging.)</small><br></div><div class="spacer battle-history"><br></div><div class="battle-history">Go! SwAmPeRt-MeGa. (<strong>Barraskewda</strong>)!<br></div><div class="spacer battle-history"><br></div><h2 class="battle-history">Turn 12</h2><div class="spacer battle-history"><br></div><div class="battle-history">SwAmPeRt-MeGa. used <strong>Flip Turn</strong>!<br></div><div class="battle-history"><small>It's super effective!</small><br></div><div class="battle-history"><small>(The opposing Not Godzilla lost 26% of its health!)</small><br></div><div class="spacer battle-history"><br></div><div class="battle-history">The opposing Not Godzilla fainted!<br></div><div class="spacer battle-history"><br></div><div class="battle-history">SwAmPeRt-MeGa., come back!<br></div><div class="battle-history">Go! PeLiPpEr. (<strong>Walrein-Mega</strong>)!<br></div><div class="battle-history">[PeLiPpEr.'s Drizzle]<br><small>It started to rain!</small><br></div><div class="spacer battle-history"><br></div><div class="battle-history"><small>(Rain continues to fall.)</small><br></div><div class="spacer battle-history"><br></div><div class="battle-history">pokisokis sent out Duck Season (<strong>Magnezone</strong>)!<br></div><div class="spacer battle-history"><br></div><h2 class="battle-history">Turn 13</h2><div class="spacer battle-history"><br></div><div class="battle-history">PeLiPpEr., come back!<br></div><div class="battle-history">Go! Spikes (<strong>Ferrothorn</strong>)!<br></div><div class="spacer battle-history"><br></div><div class="battle-history">The opposing Duck Season used <strong>Volt Switch</strong>!<br></div><div class="battle-history"><small>It's not very effective...</small><br></div><div class="battle-history"><small>(Spikes lost <abbr title="−93/352">26.4%</abbr> of its health!)</small><br></div><div class="spacer battle-history"><br></div><div class="battle-history">The opposing Duck Season went back to pokisokis!<br></div><div class="battle-history">pokisokis sent out You Know Who (<strong>Clefable</strong>)!<br></div><div class="spacer battle-history"><br></div><div class="battle-history"><small>(Rain continues to fall.)</small><br></div><div class="battle-history"><small>The opposing You Know Who restored a little HP using its Leftovers!</small><br></div><div class="battle-history"><small>Spikes restored a little HP using its Leftovers!</small><br></div><div class="spacer battle-history"><br></div><h2 class="battle-history">Turn 14</h2><div class="spacer battle-history"><br></div><div class="battle-history">The opposing You Know Who used <strong>Wish</strong>!<br></div><div class="spacer battle-history"><br></div><div class="battle-history">Spikes used <strong>Stealth Rock</strong>!<br></div><div class="battle-history"><small>Pointed stones float in the air around the opposing team!</small><br></div><div class="spacer battle-history"><br></div><div class="battle-history"><small>(Rain continues to fall.)</small><br></div><div class="battle-history"><small>The opposing You Know Who restored a little HP using its Leftovers!</small><br></div><div class="battle-history"><small>Spikes restored a little HP using its Leftovers!</small><br></div><div class="spacer battle-history"><br></div><h2 class="battle-history">Turn 15</h2><div class="spacer battle-history"><br></div><div class="battle-history">Spikes used <strong>Knock Off</strong>!<br></div><div class="battle-history"><small>It's not very effective...</small><br></div><div class="battle-history"><small>(The opposing You Know Who lost 11% of its health!)</small><br></div><div class="battle-history"><small>Spikes knocked off the opposing You Know Who's Leftovers!</small><br></div><div class="spacer battle-history"><br></div><div class="battle-history">The opposing You Know Who used <strong>Teleport</strong>!<br></div><div class="spacer battle-history"><br></div><div class="battle-history">pokisokis withdrew You Know Who!<br></div><div class="battle-history">pokisokis sent out <strong>Moltres</strong>!<br></div><div class="spacer battle-history"><br></div><div class="battle-history"><small>(Rain continues to fall.)</small><br></div><div class="battle-history"><small>Spikes restored a little HP using its Leftovers!</small><br></div><div class="spacer battle-history"><br></div><h2 class="battle-history">Turn 16</h2><div class="spacer battle-history"><br></div><div class="battle-history">Spikes, come back!<br></div><div class="battle-history">Go! Tail Glow go brrr (<strong>Manaphy</strong>)!<br></div><div class="spacer battle-history"><br></div><div class="battle-history">The opposing Moltres used <strong>Flamethrower</strong>!<br></div><div class="battle-history"><small>It's not very effective...</small><br></div><div class="battle-history"><small>(Tail Glow go brrr lost <abbr title="−33/341">9.7%</abbr> of its health!)</small><br></div><div class="spacer battle-history"><br></div><div class="battle-history"><small>The rain stopped.</small><br></div><div class="spacer battle-history"><br></div><h2 class="battle-history">Turn 17</h2><div class="chat message-error">[Invalid choice] There's nothing to cancel</div><div class="spacer battle-history"><br></div><div class="battle-history">Tail Glow go brrr used <strong>Surf</strong>!<br></div><div class="battle-history"><small>It's super effective!</small><br></div><div class="battle-history"><small>(The opposing Moltres lost 83% of its health!)</small><br></div><div class="spacer battle-history"><br></div><div class="battle-history">The opposing Moltres used <strong>Defog</strong>!<br></div><div class="battle-history"><small>Tail Glow go brrr's evasiveness fell!</small><br></div><div class="battle-history"><small>The pointed stones disappeared from around the opposing team!</small><br></div><div class="spacer battle-history"><br></div><h2 class="battle-history">Turn 18</h2><div class="spacer battle-history"><br></div><div class="battle-history">Tail Glow go brrr used <strong>Tail Glow</strong>!<br></div><div class="battle-history"><small>Tail Glow go brrr's Sp. Atk rose drastically!</small><br></div><div class="spacer battle-history"><br></div><div class="battle-history">The opposing Moltres used <strong>Flamethrower</strong>!<br></div><div class="battle-history"><small>It's not very effective...</small><br></div><div class="battle-history"><small>(Tail Glow go brrr lost <abbr title="−65/341">19.1%</abbr> of its health!)</small><br></div><div class="battle-history"><small>Tail Glow go brrr was burned!</small><br></div><div class="spacer battle-history"><br></div><div class="battle-history"><small>Tail Glow go brrr was hurt by its burn!</small><br></div><div class="spacer battle-history"><br></div><h2 class="battle-history">Turn 19</h2><div class="spacer battle-history"><br></div><div class="battle-history">Tail Glow go brrr used <strong>Surf</strong>!<br></div><div class="battle-history"><small>It's super effective!</small><br></div><div class="battle-history"><small>(The opposing Moltres lost 17% of its health!)</small><br></div><div class="spacer battle-history"><br></div><div class="battle-history">The opposing Moltres fainted!<br></div><div class="spacer battle-history"><br></div><div class="battle-history"><small>Tail Glow go brrr was hurt by its burn!</small><br></div><div class="spacer battle-history"><br></div><div class="battle-history">pokisokis sent out You Know Who (<strong>Clefable</strong>)!<br></div><div class="spacer battle-history"><br></div><h2 class="battle-history">Turn 20</h2><div class="spacer battle-history"><br></div><div class="battle-history"><small>Tail Glow go brrr surrounded itself with its Z-Power!</small><br></div><div class="spacer battle-history"><br></div><div class="battle-history"><small>Tail Glow go brrr unleashes its full-force Z-Move!</small><br>Tail Glow go brrr used <strong>Hydro Vortex</strong>!<br></div><div class="battle-history"><small>(The opposing You Know Who lost 66% of its health!)</small><br></div><div class="spacer battle-history"><br></div><div class="battle-history">The opposing You Know Who fainted!<br></div><div class="spacer battle-history"><br></div><div class="battle-history"><small>Tail Glow go brrr was hurt by its burn!</small><br></div><div class="chat chatmessage-vizarpkmn mine"><strong style="color:#4f78c0"><small>☆</small><span class="username" data-name="ViZarPKMN">ViZarPKMN</span>:</strong> <em>gg</em></div><div class="chat chatmessage-pokisokis"><strong style="color:#12adbe"><small>☆</small><span class="username" data-name="pokisokis">pokisokis</span>:</strong> <em>gg</em></div><div class="spacer battle-history"><br></div><div class="battle-history">pokisokis sent out Duck Season (<strong>Magnezone</strong>)!<br></div><div class="spacer battle-history"><br></div><h2 class="battle-history">Turn 21</h2><div class="spacer battle-history"><br></div><div class="battle-history">Tail Glow go brrr used <strong>Psychic</strong>!<br></div><div class="battle-history"><small>It's not very effective...</small><br></div><div class="battle-history"><small>(The opposing Duck Season lost 6% of its health!)</small><br></div><div class="spacer battle-history"><br></div><div class="battle-history">The opposing Duck Season fainted!<br></div><div class="spacer battle-history"><br></div><div class="battle-history"><strong>ViZarPKMN</strong> won the battle!<br></div></div><div class="inner-preempt message-log"></div></div></div>
</div>
<script>
let daily = Math.floor(Date.now()/1000/60/60/24);document.write('<script src="https://dragonheaven.herokuapp.com/js/replay-embed.js?version'+daily+'"></'+'script>');
</script>
