<!DOCTYPE html>
<meta charset="utf-8" />
<!-- version 1 -->
<title>[Gen 8] Megas for All replay: Lysion vs. Gravity Monkey</title>
<style>
html,body {font-family:Verdana, sans-serif;font-size:10pt;margin:0;padding:0;}body{padding:12px 0;} .battle-log {font-family:Verdana, sans-serif;font-size:10pt;} .battle-log-inline {border:1px solid #AAAAAA;background:#EEF2F5;color:black;max-width:640px;margin:0 auto 80px;padding-bottom:5px;} .battle-log .inner {padding:4px 8px 0px 8px;} .battle-log .inner-preempt {padding:0 8px 4px 8px;} .battle-log .inner-after {margin-top:0.5em;} .battle-log h2 {margin:0.5em -8px;padding:4px 8px;border:1px solid #AAAAAA;background:#E0E7EA;border-left:0;border-right:0;font-family:Verdana, sans-serif;font-size:13pt;} .battle-log .chat {vertical-align:middle;padding:3px 0 3px 0;font-size:8pt;} .battle-log .chat strong {color:#40576A;} .battle-log .chat em {padding:1px 4px 1px 3px;color:#000000;font-style:normal;} .chat.mine {background:rgba(0,0,0,0.05);margin-left:-8px;margin-right:-8px;padding-left:8px;padding-right:8px;} .spoiler {color:#BBBBBB;background:#BBBBBB;padding:0px 3px;} .spoiler:hover, .spoiler:active, .spoiler-shown {color:#000000;background:#E2E2E2;padding:0px 3px;} .spoiler a {color:#BBBBBB;} .spoiler:hover a, .spoiler:active a, .spoiler-shown a {color:#2288CC;} .chat code, .chat .spoiler:hover code, .chat .spoiler:active code, .chat .spoiler-shown code {border:1px solid #C0C0C0;background:#EEEEEE;color:black;padding:0 2px;} .chat .spoiler code {border:1px solid #CCCCCC;background:#CCCCCC;color:#CCCCCC;} .battle-log .rated {padding:3px 4px;} .battle-log .rated strong {color:white;background:#89A;padding:1px 4px;border-radius:4px;} .spacer {margin-top:0.5em;} .message-announce {background:#6688AA;color:white;padding:1px 4px 2px;} .message-announce a, .broadcast-green a, .broadcast-blue a, .broadcast-red a {color:#DDEEFF;} .broadcast-green {background-color:#559955;color:white;padding:2px 4px;} .broadcast-blue {background-color:#6688AA;color:white;padding:2px 4px;} .infobox {border:1px solid #6688AA;padding:2px 4px;} .infobox-limited {max-height:200px;overflow:auto;overflow-x:hidden;} .broadcast-red {background-color:#AA5544;color:white;padding:2px 4px;} .message-learn-canlearn {font-weight:bold;color:#228822;text-decoration:underline;} .message-learn-cannotlearn {font-weight:bold;color:#CC2222;text-decoration:underline;} .message-effect-weak {font-weight:bold;color:#CC2222;} .message-effect-resist {font-weight:bold;color:#6688AA;} .message-effect-immune {font-weight:bold;color:#666666;} .message-learn-list {margin-top:0;margin-bottom:0;} .message-throttle-notice, .message-error {color:#992222;} .message-overflow, .chat small.message-overflow {font-size:0pt;} .message-overflow::before {font-size:9pt;content:'...';} .subtle {color:#3A4A66;}
</style>
<div class="wrapper replay-wrapper" style="max-width:1180px;margin:0 auto">
<input type="hidden" name="replayid" value="dragonheaven-gen8megasforall-5749" />
<div class="battle"></div><div class="battle-log"></div><div class="replay-controls"></div><div class="replay-controls-2"></div>
<h1 style="font-weight:normal;text-align:center"><strong>[Gen 8] Megas for All</strong><br /><a href="http://pokemonshowdown.com/users/lysion" class="subtle" target="_blank">Lysion</a> vs. <a href="http://pokemonshowdown.com/users/gravitymonkey" class="subtle" target="_blank">Gravity Monkey</a></h1>
<script type="text/plain" class="battle-log-data">|j|☆Lysion
|j|☆Gravity Monkey
|player|p1|Lysion|102|
|player|p2|Gravity Monkey|nita|
|teamsize|p1|6
|teamsize|p2|6
|gametype|singles
|gen|8
|tier|[Gen 8] Megas for All
|clearpoke
|poke|p1|Dragonite, M|
|poke|p1|Magnezone|
|poke|p1|Rillaboom, F|
|poke|p1|Gliscor, M|
|poke|p1|Tapu Fini|
|poke|p1|Dragapult, M|
|poke|p2|Garbodor, M|
|poke|p2|Clefable, M|
|poke|p2|Heatran, F|
|poke|p2|Greninja, M|
|poke|p2|Landorus-Therian, M|
|poke|p2|Kommo-o, F|
|rule|HP Percentage Mod: HP is shown in percentages
|rule|Endless Battle Clause: Forcing endless battles is banned
|rule|OHKO Clause: OHKO moves are banned
|rule|Evasion Moves Clause: Evasion moves are banned
|rule|Species Clause: Limit one of each Pokémon
|rule|Dynamax Clause: You cannot dynamax
|rule|Sleep Clause Mod: Limit one foe put to sleep
|teampreview
|c|☆Lysion|GL HF
|c|☆Gravity Monkey|u2
|
|start
|switch|p1a: Rillaboom|Rillaboom, F|100\/100
|switch|p2a: Landorus|Landorus-Therian, M|100\/100
|-ability|p2a: Landorus|Intimidate|boost
|-unboost|p1a: Rillaboom|atk|1
|-fieldstart|move: Grassy Terrain|[from] ability: Grassy Surge|[of] p1a: Rillaboom
|turn|1
|
|move|p2a: Landorus|U-turn|p1a: Rillaboom
|-supereffective|p1a: Rillaboom
|-damage|p1a: Rillaboom|45\/100
|j| Feuti666
|c| Feuti666|C koi gl hf
|c|☆Gravity Monkey|déso dêtre lent lysio je gère 2 match en mm temps
|c|☆Lysion|Good Luck and Have Fun
|
|switch|p2a: Heatran|Heatran, F|100\/100|[from]move: U-turn
|move|p1a: Rillaboom|U-turn|p2a: Heatran
|-resisted|p2a: Heatran
|-damage|p2a: Heatran|95\/100
|c|☆Lysion|No problème
|c| Feuti666|Ah ok
|
|switch|p1a: Gliscor|Gliscor, M|100\/100|[from]move: U-turn
|
|-heal|p2a: Heatran|100\/100|[from] Grassy Terrain
|-status|p1a: Gliscor|tox|[from] item: Toxic Orb
|upkeep
|turn|2
|c|☆Lysion|Cette fois je vais arrêter d'être con
|
|switch|p2a: Landorus|Landorus-Therian, M|100\/100
|-ability|p2a: Landorus|Intimidate|boost
|-unboost|p1a: Gliscor|atk|1
|move|p1a: Gliscor|Earthquake|p2a: Landorus
|-immune|p2a: Landorus
|
|upkeep
|turn|3
|c|☆Lysion|Je savais au premier match pour Garbodor
|c|☆Lysion|Je connaissais le talent
|
|move|p2a: Landorus|U-turn|p1a: Gliscor
|-resisted|p1a: Gliscor
|-damage|p1a: Gliscor|91\/100 tox
|
|switch|p2a: Greninja|Greninja, M|100\/100|[from]move: U-turn
|move|p1a: Gliscor|Toxic|p2a: Greninja
|-status|p2a: Greninja|tox
|
|-damage|p2a: Greninja|95\/100 tox|[from] psn
|-heal|p1a: Gliscor|100\/100 tox|[from] ability: Poison Heal
|upkeep
|turn|4
|
|switch|p2a: Garbodor|Garbodor, M, shiny|100\/100
|switch|p1a: Tapu Fini|Tapu Fini|100\/100
|-fieldstart|move: Misty Terrain|[from] ability: Misty Surge|[of] p1a: Tapu Fini
|
|upkeep
|turn|5
|
|switch|p1a: Gliscor|Gliscor, M|100\/100 tox
|detailschange|p2a: Garbodor|Garbodor-Mega, M, shiny
|-mega|p2a: Garbodor|Garbodor|Garbodorite
|raw|<ul class="utilichart"><li class="result"><span class="col numcol">NU<\/span> <span class="col pokemonnamecol" style="white-space: nowrap">Garbodor-Mega<\/span> <span class="col typecol"><img src="https:\/\/play.pokemonshowdown.com\/sprites\/types\/Poison.png" alt="Poison" height="14" width="32"><\/span> <span style="float: left ; min-height: 26px"><span class="col abilitycol">Trash Compactor<\/span><span class="col abilitycol"><\/span><\/span><span style="float: left ; min-height: 26px"><span class="col statcol"><em>HP<\/em><br>80<\/span> <span class="col statcol"><em>Atk<\/em><br>95<\/span> <span class="col statcol"><em>Def<\/em><br>132<\/span> <span class="col statcol"><em>SpA<\/em><br>95<\/span> <span class="col statcol"><em>SpD<\/em><br>132<\/span> <span class="col statcol"><em>Spe<\/em><br>40<\/span> <\/span><\/li><li style="clear: both"><\/li><\/ul>
|move|p2a: Garbodor|Stealth Rock|p1a: Gliscor
|-sidestart|p1: Lysion|move: Stealth Rock
|
|upkeep
|turn|6
|
|switch|p2a: Landorus|Landorus-Therian, M|100\/100
|-ability|p2a: Landorus|Intimidate|boost
|-unboost|p1a: Gliscor|atk|1
|move|p1a: Gliscor|Earthquake|p2a: Landorus
|-immune|p2a: Landorus
|
|upkeep
|turn|7
|
|move|p2a: Landorus|U-turn|p1a: Gliscor
|-resisted|p1a: Gliscor
|-damage|p1a: Gliscor|91\/100 tox
|
|switch|p2a: Clefable|Clefable, M|100\/100|[from]move: U-turn
|move|p1a: Gliscor|Toxic|p2a: Clefable
|-activate|p2a: Clefable|move: Misty Terrain
|
|-heal|p1a: Gliscor|100\/100 tox|[from] ability: Poison Heal
|upkeep
|turn|8
|c|☆Lysion|Mais je suis débile
|
|switch|p1a: Tapu Fini|Tapu Fini|100\/100
|-damage|p1a: Tapu Fini|88\/100|[from] Stealth Rock
|move|p2a: Clefable|Wish|p2a: Clefable
|
|-heal|p1a: Tapu Fini|94\/100|[from] item: Leftovers
|-fieldend|Misty Terrain
|upkeep
|turn|9
|
|move|p1a: Tapu Fini|Calm Mind|p1a: Tapu Fini
|-boost|p1a: Tapu Fini|spa|1
|-boost|p1a: Tapu Fini|spd|1
|move|p2a: Clefable|Teleport|p2a: Clefable
|
|switch|p2a: Garbodor|Garbodor-Mega, M, shiny|100\/100|[from]move: Teleport
|
|-heal|p1a: Tapu Fini|100\/100|[from] item: Leftovers
|upkeep
|turn|10
|
|move|p1a: Tapu Fini|Defog|p2a: Garbodor
|-unboost|p2a: Garbodor|evasion|1
|-sideend|p1: Lysion|Stealth Rock|[from] move: Defog|[of] p1a: Tapu Fini
|move|p2a: Garbodor|Gunk Shot|p1a: Tapu Fini
|-supereffective|p1a: Tapu Fini
|-damage|p1a: Tapu Fini|25\/100
|-status|p1a: Tapu Fini|psn
|
|-heal|p1a: Tapu Fini|31\/100 psn|[from] item: Leftovers
|-damage|p1a: Tapu Fini|19\/100 psn|[from] psn
|upkeep
|turn|11
|
|switch|p1a: Dragonite|Dragonite, M|100\/100
|move|p2a: Garbodor|Stealth Rock|p1a: Dragonite
|-sidestart|p1: Lysion|move: Stealth Rock
|
|upkeep
|turn|12
|
|move|p1a: Dragonite|Dragon Dance|p1a: Dragonite
|-boost|p1a: Dragonite|atk|1
|-boost|p1a: Dragonite|spe|1
|move|p2a: Garbodor|Haze|p2a: Garbodor
|-clearallboost
|
|upkeep
|turn|13
|c|☆Lysion|Mais c'est qu'il commence à me faire chier le Garbodor
|l| Feuti666
|
|move|p1a: Dragonite|Earthquake|p2a: Garbodor
|-supereffective|p2a: Garbodor
|-damage|p2a: Garbodor|44\/100
|move|p2a: Garbodor|Knock Off|p1a: Dragonite
|-damage|p1a: Dragonite|91\/100
|
|upkeep
|turn|14
|
|switch|p2a: Clefable|Clefable, M|100\/100
|detailschange|p1a: Dragonite|Dragonite-Mega, M
|-mega|p1a: Dragonite|Dragonite|Draconite
|raw|<ul class="utilichart"><li class="result"><span class="col numcol">Illegal<\/span> <span class="col pokemonnamecol" style="white-space: nowrap">Dragonite-Mega<\/span> <span class="col typecol"><img src="https:\/\/play.pokemonshowdown.com\/sprites\/types\/Dragon.png" alt="Dragon" height="14" width="32"><img src="https:\/\/play.pokemonshowdown.com\/sprites\/types\/Flying.png" alt="Flying" height="14" width="32"><\/span> <span style="float: left ; min-height: 26px"><span class="col abilitycol">Tough Claws<\/span><span class="col abilitycol"><\/span><\/span><span style="float: left ; min-height: 26px"><span class="col statcol"><em>HP<\/em><br>91<\/span> <span class="col statcol"><em>Atk<\/em><br>164<\/span> <span class="col statcol"><em>Def<\/em><br>110<\/span> <span class="col statcol"><em>SpA<\/em><br>122<\/span> <span class="col statcol"><em>SpD<\/em><br>122<\/span> <span class="col statcol"><em>Spe<\/em><br>91<\/span> <\/span><\/li><li style="clear: both"><\/li><\/ul>
|move|p1a: Dragonite|Earthquake|p2a: Clefable
|-damage|p2a: Clefable|66\/100
|
|-heal|p2a: Clefable|72\/100|[from] item: Leftovers
|upkeep
|turn|15
|
|move|p1a: Dragonite|Dual Wingbeat|p2a: Clefable
|-damage|p2a: Clefable|42\/100
|-damage|p2a: Clefable|15\/100
|-hitcount|p2a: Clefable|2
|move|p2a: Clefable|Wish|p2a: Clefable
|
|-heal|p2a: Clefable|21\/100|[from] item: Leftovers
|upkeep
|turn|16
|
|move|p2a: Clefable|Protect|p2a: Clefable
|-singleturn|p2a: Clefable|Protect
|move|p1a: Dragonite|Dragon Dance|p1a: Dragonite
|-boost|p1a: Dragonite|atk|1
|-boost|p1a: Dragonite|spe|1
|
|-heal|p2a: Clefable|71\/100|[from] move: Wish|[wisher] Clefable
|-heal|p2a: Clefable|77\/100|[from] item: Leftovers
|upkeep
|turn|17
|
|switch|p2a: Landorus|Landorus-Therian, M|100\/100
|-ability|p2a: Landorus|Intimidate|boost
|-unboost|p1a: Dragonite|atk|1
|move|p1a: Dragonite|Dual Wingbeat|p2a: Landorus
|-damage|p2a: Landorus|65\/100
|-damage|p2a: Landorus|26\/100
|-hitcount|p2a: Landorus|2
|
|upkeep
|turn|18
|
|move|p2a: Landorus|Stone Edge|p1a: Dragonite
|-supereffective|p1a: Dragonite
|-damage|p1a: Dragonite|12\/100
|move|p1a: Dragonite|Dual Wingbeat|p2a: Landorus
|-damage|p2a: Landorus|0 fnt
|-hitcount|p2a: Landorus|1
|faint|p2a: Landorus
|
|upkeep
|
|switch|p2a: Greninja|Greninja, M|95\/100 tox
|turn|19
|
|move|p2a: Greninja|Water Shuriken|p1a: Dragonite
|-resisted|p1a: Dragonite
|-damage|p1a: Dragonite|7\/100
|-resisted|p1a: Dragonite
|-damage|p1a: Dragonite|3\/100
|-resisted|p1a: Dragonite
|-damage|p1a: Dragonite|0 fnt
|-hitcount|p1a: Dragonite|3
|faint|p1a: Dragonite
|-activate|p2a: Greninja|ability: Battle Bond
|detailschange|p2a: Greninja|Greninja-Ash, M
|
|-damage|p2a: Greninja|89\/100 tox|[from] psn
|upkeep
|c|☆Lysion|Mais t'as combien de trucs relous en fait ?
|
|switch|p1a: Rillaboom|Rillaboom, F|45\/100
|-damage|p1a: Rillaboom|33\/100|[from] Stealth Rock
|-fieldstart|move: Grassy Terrain|[from] ability: Grassy Surge|[of] p1a: Rillaboom
|turn|20
|c|☆Gravity Monkey|mdrr
|
|move|p2a: Greninja|Water Shuriken|p1a: Rillaboom
|-resisted|p1a: Rillaboom
|-damage|p1a: Rillaboom|21\/100
|-resisted|p1a: Rillaboom
|-damage|p1a: Rillaboom|9\/100
|-resisted|p1a: Rillaboom
|-damage|p1a: Rillaboom|0 fnt
|-hitcount|p1a: Rillaboom|3
|faint|p1a: Rillaboom
|
|-heal|p2a: Greninja|95\/100 tox|[from] Grassy Terrain
|-damage|p2a: Greninja|83\/100 tox|[from] psn
|upkeep
|
|switch|p1a: Dragapult|Dragapult, M|100\/100
|-damage|p1a: Dragapult|88\/100|[from] Stealth Rock
|turn|21
|
|switch|p2a: Heatran|Heatran, F|100\/100
|move|p1a: Dragapult|Dragon Darts|p2a: Heatran
|-resisted|p2a: Heatran
|-damage|p2a: Heatran|90\/100
|-anim|p1a: Dragapult|Dragon Darts|p2a: Heatran
|-resisted|p2a: Heatran
|-damage|p2a: Heatran|78\/100
|
|-heal|p1a: Dragapult|94\/100|[from] Grassy Terrain
|-heal|p2a: Heatran|84\/100|[from] Grassy Terrain
|upkeep
|turn|22
|c|☆Lysion|Je suis pas venu ici pour souffrir OK !!
|
|move|p1a: Dragapult|U-turn|p2a: Heatran
|-resisted|p2a: Heatran
|-damage|p2a: Heatran|80\/100
|c|☆Gravity Monkey|t'as pas vu le pire encore
|
|switch|p1a: Gliscor|Gliscor, M|100\/100 tox|[from]move: U-turn
|-damage|p1a: Gliscor|88\/100 tox|[from] Stealth Rock
|move|p2a: Heatran|Magma Storm|p1a: Gliscor
|-damage|p1a: Gliscor|22\/100 tox
|-activate|p1a: Gliscor|move: Magma Storm|[of] p2a: Heatran
|
|-heal|p2a: Heatran|86\/100|[from] Grassy Terrain
|-heal|p1a: Gliscor|35\/100 tox|[from] ability: Poison Heal
|-damage|p1a: Gliscor|22\/100 tox|[from] move: Magma Storm|[partiallytrapped]
|upkeep
|turn|23
|
|switch|p2a: Kommo-o|Kommo-o, F|100\/100
|move|p1a: Gliscor|Roost|p1a: Gliscor
|-heal|p1a: Gliscor|72\/100 tox
|-singleturn|p1a: Gliscor|move: Roost
|
|-heal|p1a: Gliscor|79\/100 tox|[from] Grassy Terrain
|-heal|p1a: Gliscor|91\/100 tox|[from] ability: Poison Heal
|-end|p1a: Gliscor|Magma Storm|[partiallytrapped]|[silent]
|upkeep
|turn|24
|
|move|p2a: Kommo-o|Substitute|p2a: Kommo-o
|-start|p2a: Kommo-o|Substitute
|-damage|p2a: Kommo-o|75\/100
|move|p1a: Gliscor|Toxic||[still]
|-fail|p1a: Gliscor
|
|-heal|p2a: Kommo-o|82\/100|[from] Grassy Terrain
|-fieldend|move: Grassy Terrain
|-heal|p1a: Gliscor|100\/100 tox|[from] ability: Poison Heal
|upkeep
|turn|25
|
|move|p2a: Kommo-o|Belly Drum|p2a: Kommo-o
|-damage|p2a: Kommo-o|32\/100
|-setboost|p2a: Kommo-o|atk|6|[from] move: Belly Drum
|move|p1a: Gliscor|Earthquake|p2a: Kommo-o
|-end|p2a: Kommo-o|Substitute
|
|upkeep
|turn|26
|
|move|p2a: Kommo-o|Drain Punch|p1a: Gliscor
|-resisted|p1a: Gliscor
|-damage|p1a: Gliscor|49\/100 tox
|-heal|p2a: Kommo-o|62\/100|[from] drain|[of] p1a: Gliscor
|move|p1a: Gliscor|Earthquake|p2a: Kommo-o
|-damage|p2a: Kommo-o|29\/100
|
|-heal|p1a: Gliscor|61\/100 tox|[from] ability: Poison Heal
|upkeep
|turn|27
|
|move|p2a: Kommo-o|Drain Punch|p1a: Gliscor
|-resisted|p1a: Gliscor
|-damage|p1a: Gliscor|12\/100 tox
|-heal|p2a: Kommo-o|58\/100|[from] drain|[of] p1a: Gliscor
|move|p1a: Gliscor|Earthquake|p2a: Kommo-o
|-damage|p2a: Kommo-o|25\/100
|-enditem|p2a: Kommo-o|Salac Berry|[eat]
|-boost|p2a: Kommo-o|spe|1|[from] item: Salac Berry
|
|-heal|p1a: Gliscor|24\/100 tox|[from] ability: Poison Heal
|upkeep
|turn|28
|
|move|p2a: Kommo-o|Drain Punch|p1a: Gliscor
|-resisted|p1a: Gliscor
|-damage|p1a: Gliscor|0 fnt
|-heal|p2a: Kommo-o|39\/100|[from] drain|[of] p1a: Gliscor
|faint|p1a: Gliscor
|
|upkeep
|
|switch|p1a: Dragapult|Dragapult, M|94\/100
|-damage|p1a: Dragapult|82\/100|[from] Stealth Rock
|turn|29
|
|move|p2a: Kommo-o|Earthquake|p1a: Dragapult
|-damage|p1a: Dragapult|0 fnt
|faint|p1a: Dragapult
|
|upkeep
|c|☆Lysion|Bah GG écoute
|c|☆Gravity Monkey|gg
|c|☆Lysion|Nounours dirait
|c|☆Lysion|ET BAH MANGE TES MORTS
|c|☆Gravity Monkey|mdrrrr
|-message|Lysion forfeited.
|
|win|Gravity Monkey
|c|☆Lysion|Merci pour les deux matchs !
</script>
</div>
<div class="battle-log battle-log-inline"><div class="inner"><div class="battle-options"><div style="padding-top: 3px; padding-right: 3px; text-align: right"><button class="icon button" name="openBattleOptions" title="Options">Battle Options</button></div></div><div class="inner message-log"><div class="chat"><small>☆Lysion and ☆Gravity Monkey joined</small></div><div class=""><small>Format:</small> <br><strong>[Gen 8] Megas for All</strong></div><div class=""><small><em>HP Percentage Mod:</em> HP is shown in percentages</small></div><div class=""><small><em>Endless Battle Clause:</em> Forcing endless battles is banned</small></div><div class=""><small><em>OHKO Clause:</em> OHKO moves are banned</small></div><div class=""><small><em>Evasion Moves Clause:</em> Evasion moves are banned</small></div><div class=""><small><em>Species Clause:</em> Limit one of each Pokémon</small></div><div class=""><small><em>Dynamax Clause:</em> You cannot dynamax</small></div><div class=""><small><em>Sleep Clause Mod:</em> Limit one foe put to sleep</small></div><div class="chat battle-history"><strong>Gravity Monkey's team:</strong> <em style="color:#445566;display:block;">Garbodor / Clefable / Heatran / Greninja / Landorus-Therian / Kommo-o</em></div><div class="chat battle-history"><strong>Lysion's team:</strong> <em style="color:#445566;display:block;">Dragonite / Magnezone / Rillaboom / Gliscor / Tapu Fini / Dragapult</em></div><div class="chat chatmessage-lysion"><strong style="color:#837b25"><small>☆</small><span class="username" data-name="Lysion">Lysion</span>:</strong> <em>GL HF</em></div><div class="chat chatmessage-gravitymonkey mine"><strong style="color:#a3742e"><small>☆</small><span class="username" data-name="Gravity Monkey">Gravity Monkey</span>:</strong> <em>u2</em></div><div class="spacer battle-history"><br></div><div class="battle-history">Battle started between Lysion and Gravity Monkey!<br></div><div class="spacer battle-history"><br></div><div class="battle-history">Lysion sent out <strong>Rillaboom</strong>!<br></div><div class="spacer battle-history"><br></div><div class="battle-history">Go! <strong>Landorus-Therian</strong>!<br></div><div class="battle-history">[Landorus-Therian's Intimidate]<br></div><div class="battle-history"><small>The opposing Rillaboom's Attack fell!</small><br></div><div class="battle-history">[The opposing Rillaboom's Grassy Surge]<br><small>Grass grew to cover the battlefield!</small><br></div><div class="spacer battle-history"><br></div><h2 class="battle-history">Turn 1</h2><div class="spacer battle-history"><br></div><div class="battle-history">Landorus-Therian used <strong>U-turn</strong>!<br></div><div class="battle-history"><small>It's super effective!</small><br></div><div class="battle-history"><small>(The opposing Rillaboom lost 55% of its health!)</small><br></div><div class="chat"><small> Feuti666 joined</small></div><div class="chat chatmessage-feuti666"><strong style="color:#3e8c1d"><small> </small><span class="username" data-name="Feuti666">Feuti666</span>:</strong> <em>C koi gl hf</em></div><div class="chat chatmessage-gravitymonkey mine"><strong style="color:#a3742e"><small>☆</small><span class="username" data-name="Gravity Monkey">Gravity Monkey</span>:</strong> <em>déso dêtre lent lysio je gère 2 match en mm temps</em></div><div class="chat chatmessage-lysion"><strong style="color:#837b25"><small>☆</small><span class="username" data-name="Lysion">Lysion</span>:</strong> <em>Good Luck and Have Fun</em></div><div class="spacer battle-history"><br></div><div class="battle-history">Landorus went back to Gravity Monkey!<br></div><div class="battle-history">Go! <strong>Heatran</strong>!<br></div><div class="spacer battle-history"><br></div><div class="battle-history">The opposing Rillaboom used <strong>U-turn</strong>!<br></div><div class="battle-history"><small>It's not very effective...</small><br></div><div class="battle-history"><small>(Heatran lost 5% of its health!)</small><br></div><div class="chat chatmessage-lysion"><strong style="color:#837b25"><small>☆</small><span class="username" data-name="Lysion">Lysion</span>:</strong> <em>No problème</em></div><div class="chat chatmessage-feuti666"><strong style="color:#3e8c1d"><small> </small><span class="username" data-name="Feuti666">Feuti666</span>:</strong> <em>Ah ok</em></div><div class="spacer battle-history"><br></div><div class="battle-history">The opposing Rillaboom went back to Lysion!<br></div><div class="battle-history">Lysion sent out <strong>Gliscor</strong>!<br></div><div class="spacer battle-history"><br></div><div class="battle-history"><small>Heatran's HP was restored.</small><br></div><div class="battle-history"><small>The opposing Gliscor was badly poisoned!</small><br></div><div class="spacer battle-history"><br></div><h2 class="battle-history">Turn 2</h2><div class="chat chatmessage-lysion"><strong style="color:#837b25"><small>☆</small><span class="username" data-name="Lysion">Lysion</span>:</strong> <em>Cette fois je vais arrêter d'être con</em></div><div class="spacer battle-history"><br></div><div class="battle-history">Heatran, come back!<br></div><div class="battle-history">Go! <strong>Landorus-Therian</strong>!<br></div><div class="battle-history">[Landorus-Therian's Intimidate]<br></div><div class="battle-history"><small>The opposing Gliscor's Attack fell!</small><br></div><div class="spacer battle-history"><br></div><div class="battle-history">The opposing Gliscor used <strong>Earthquake</strong>!<br></div><div class="battle-history"><small>It doesn't affect Landorus-Therian...</small><br></div><div class="spacer battle-history"><br></div><h2 class="battle-history">Turn 3</h2><div class="chat chatmessage-lysion"><strong style="color:#837b25"><small>☆</small><span class="username" data-name="Lysion">Lysion</span>:</strong> <em>Je savais au premier match pour Garbodor</em></div><div class="chat chatmessage-lysion"><strong style="color:#837b25"><small>☆</small><span class="username" data-name="Lysion">Lysion</span>:</strong> <em>Je connaissais le talent</em></div><div class="spacer battle-history"><br></div><div class="battle-history">Landorus-Therian used <strong>U-turn</strong>!<br></div><div class="battle-history"><small>It's not very effective...</small><br></div><div class="battle-history"><small>(The opposing Gliscor lost 9% of its health!)</small><br></div><div class="spacer battle-history"><br></div><div class="battle-history">Landorus went back to Gravity Monkey!<br></div><div class="battle-history">Go! <strong>Greninja</strong>!<br></div><div class="spacer battle-history"><br></div><div class="battle-history">The opposing Gliscor used <strong>Toxic</strong>!<br></div><div class="battle-history"><small>Greninja was badly poisoned!</small><br></div><div class="spacer battle-history"><br></div><div class="battle-history"><small>Greninja was hurt by poison!</small><br></div><div class="battle-history">[The opposing Gliscor's Poison Heal]<br><small>The opposing Gliscor had its HP restored.</small><br></div><div class="spacer battle-history"><br></div><h2 class="battle-history">Turn 4</h2><div class="spacer battle-history"><br></div><div class="battle-history">Greninja, come back!<br></div><div class="battle-history">Go! <strong>Garbodor</strong>!<br></div><div class="spacer battle-history"><br></div><div class="battle-history">Lysion withdrew Gliscor!<br></div><div class="battle-history">Lysion sent out <strong>Tapu Fini</strong>!<br></div><div class="battle-history">[The opposing Tapu Fini's Misty Surge]<br><small>Mist swirled around the battlefield!</small><br></div><div class="spacer battle-history"><br></div><h2 class="battle-history">Turn 5</h2><div class="spacer battle-history"><br></div><div class="battle-history">Lysion withdrew Tapu Fini!<br></div><div class="battle-history">Lysion sent out <strong>Gliscor</strong>!<br></div><div class="spacer battle-history"><br></div><div class="battle-history"><small>Garbodor-Mega's Garbodorite is reacting to the Key Stone!</small><br>Garbodor-Mega has Mega Evolved into Mega Garbodor!<br></div><div class="chat"><ul class="utilichart"><li class="result"><span class="col numcol">NU</span> <span class="col pokemonnamecol" style="white-space: nowrap">Garbodor-Mega</span> <span class="col typecol"><img src="https://play.pokemonshowdown.com/sprites/types/Poison.png" alt="Poison" width="32" height="14"></span> <span style="float: left ; min-height: 26px"><span class="col abilitycol">Trash Compactor</span><span class="col abilitycol"></span></span><span style="float: left ; min-height: 26px"><span class="col statcol"><em>HP</em><br>80</span> <span class="col statcol"><em>Atk</em><br>95</span> <span class="col statcol"><em>Def</em><br>132</span> <span class="col statcol"><em>SpA</em><br>95</span> <span class="col statcol"><em>SpD</em><br>132</span> <span class="col statcol"><em>Spe</em><br>40</span> </span></li><li style="clear: both"></li></ul></div><div class="spacer battle-history"><br></div><div class="battle-history">Garbodor-Mega used <strong>Stealth Rock</strong>!<br></div><div class="battle-history"><small>Pointed stones float in the air around the opposing team!</small><br></div><div class="spacer battle-history"><br></div><h2 class="battle-history">Turn 6</h2><div class="spacer battle-history"><br></div><div class="battle-history">Garbodor, come back!<br></div><div class="battle-history">Go! <strong>Landorus-Therian</strong>!<br></div><div class="battle-history">[Landorus-Therian's Intimidate]<br></div><div class="battle-history"><small>The opposing Gliscor's Attack fell!</small><br></div><div class="spacer battle-history"><br></div><div class="battle-history">The opposing Gliscor used <strong>Earthquake</strong>!<br></div><div class="battle-history"><small>It doesn't affect Landorus-Therian...</small><br></div><div class="spacer battle-history"><br></div><h2 class="battle-history">Turn 7</h2><div class="spacer battle-history"><br></div><div class="battle-history">Landorus-Therian used <strong>U-turn</strong>!<br></div><div class="battle-history"><small>It's not very effective...</small><br></div><div class="battle-history"><small>(The opposing Gliscor lost 9% of its health!)</small><br></div><div class="spacer battle-history"><br></div><div class="battle-history">Landorus went back to Gravity Monkey!<br></div><div class="battle-history">Go! <strong>Clefable</strong>!<br></div><div class="spacer battle-history"><br></div><div class="battle-history">The opposing Gliscor used <strong>Toxic</strong>!<br></div><div class="battle-history"><small>Clefable surrounds itself with a protective mist!</small><br></div><div class="spacer battle-history"><br></div><div class="battle-history">[The opposing Gliscor's Poison Heal]<br><small>The opposing Gliscor had its HP restored.</small><br></div><div class="spacer battle-history"><br></div><h2 class="battle-history">Turn 8</h2><div class="chat chatmessage-lysion"><strong style="color:#837b25"><small>☆</small><span class="username" data-name="Lysion">Lysion</span>:</strong> <em>Mais je suis débile</em></div><div class="spacer battle-history"><br></div><div class="battle-history">Lysion withdrew Gliscor!<br></div><div class="battle-history">Lysion sent out <strong>Tapu Fini</strong>!<br></div><div class="battle-history"><small>Pointed stones dug into the opposing Tapu Fini!</small><br></div><div class="spacer battle-history"><br></div><div class="battle-history">Clefable used <strong>Wish</strong>!<br></div><div class="spacer battle-history"><br></div><div class="battle-history"><small>The opposing Tapu Fini restored a little HP using its Leftovers!</small><br></div><div class="battle-history"><small>The mist disappeared from the battlefield.</small><br></div><div class="spacer battle-history"><br></div><h2 class="battle-history">Turn 9</h2><div class="spacer battle-history"><br></div><div class="battle-history">The opposing Tapu Fini used <strong>Calm Mind</strong>!<br></div><div class="battle-history"><small>The opposing Tapu Fini's Sp. Atk rose!</small><br></div><div class="battle-history"><small>The opposing Tapu Fini's Sp. Def rose!</small><br></div><div class="spacer battle-history"><br></div><div class="battle-history">Clefable used <strong>Teleport</strong>!<br></div><div class="spacer battle-history"><br></div><div class="battle-history">Clefable, come back!<br></div><div class="battle-history">Go! <strong>Garbodor-Mega</strong>!<br></div><div class="spacer battle-history"><br></div><div class="battle-history"><small>The opposing Tapu Fini restored a little HP using its Leftovers!</small><br></div><div class="spacer battle-history"><br></div><h2 class="battle-history">Turn 10</h2><div class="spacer battle-history"><br></div><div class="battle-history">The opposing Tapu Fini used <strong>Defog</strong>!<br></div><div class="battle-history"><small>Garbodor-Mega's evasiveness fell!</small><br></div><div class="battle-history"><small>The pointed stones disappeared from around the opposing team!</small><br></div><div class="spacer battle-history"><br></div><div class="battle-history">Garbodor-Mega used <strong>Gunk Shot</strong>!<br></div><div class="battle-history"><small>It's super effective!</small><br></div><div class="battle-history"><small>(The opposing Tapu Fini lost 75% of its health!)</small><br></div><div class="battle-history"><small>The opposing Tapu Fini was poisoned!</small><br></div><div class="spacer battle-history"><br></div><div class="battle-history"><small>The opposing Tapu Fini restored a little HP using its Leftovers!</small><br></div><div class="battle-history"><small>The opposing Tapu Fini was hurt by poison!</small><br></div><div class="spacer battle-history"><br></div><h2 class="battle-history">Turn 11</h2><div class="spacer battle-history"><br></div><div class="battle-history">Lysion withdrew Tapu Fini!<br></div><div class="battle-history">Lysion sent out <strong>Dragonite</strong>!<br></div><div class="spacer battle-history"><br></div><div class="battle-history">Garbodor-Mega used <strong>Stealth Rock</strong>!<br></div><div class="battle-history"><small>Pointed stones float in the air around the opposing team!</small><br></div><div class="spacer battle-history"><br></div><h2 class="battle-history">Turn 12</h2><div class="spacer battle-history"><br></div><div class="battle-history">The opposing Dragonite used <strong>Dragon Dance</strong>!<br></div><div class="battle-history"><small>The opposing Dragonite's Attack rose!</small><br></div><div class="battle-history"><small>The opposing Dragonite's Speed rose!</small><br></div><div class="spacer battle-history"><br></div><div class="battle-history">Garbodor-Mega used <strong>Haze</strong>!<br></div><div class="battle-history"><small>All stat changes were eliminated!</small><br></div><div class="spacer battle-history"><br></div><h2 class="battle-history">Turn 13</h2><div class="chat chatmessage-lysion"><strong style="color:#837b25"><small>☆</small><span class="username" data-name="Lysion">Lysion</span>:</strong> <em>Mais c'est qu'il commence à me faire chier le Garbodor</em></div><div class="chat"><small> Feuti666 left</small></div><div class="spacer battle-history"><br></div><div class="battle-history">The opposing Dragonite used <strong>Earthquake</strong>!<br></div><div class="battle-history"><small>It's super effective!</small><br></div><div class="battle-history"><small>(Garbodor-Mega lost 56% of its health!)</small><br></div><div class="spacer battle-history"><br></div><div class="battle-history">Garbodor-Mega used <strong>Knock Off</strong>!<br></div><div class="battle-history"><small>(The opposing Dragonite lost 9% of its health!)</small><br></div><div class="spacer battle-history"><br></div><h2 class="battle-history">Turn 14</h2><div class="spacer battle-history"><br></div><div class="battle-history">Garbodor, come back!<br></div><div class="battle-history">Go! <strong>Clefable</strong>!<br></div><div class="spacer battle-history"><br></div><div class="battle-history"><small>The opposing Dragonite-Mega's Draconite is reacting to the Key Stone!</small><br>The opposing Dragonite-Mega has Mega Evolved into Mega Dragonite!<br></div><div class="chat"><ul class="utilichart"><li class="result"><span class="col numcol">Illegal</span> <span class="col pokemonnamecol" style="white-space: nowrap">Dragonite-Mega</span> <span class="col typecol"><img src="https://play.pokemonshowdown.com/sprites/types/Dragon.png" alt="Dragon" width="32" height="14"><img src="https://play.pokemonshowdown.com/sprites/types/Flying.png" alt="Flying" width="32" height="14"></span> <span style="float: left ; min-height: 26px"><span class="col abilitycol">Tough Claws</span><span class="col abilitycol"></span></span><span style="float: left ; min-height: 26px"><span class="col statcol"><em>HP</em><br>91</span> <span class="col statcol"><em>Atk</em><br>164</span> <span class="col statcol"><em>Def</em><br>110</span> <span class="col statcol"><em>SpA</em><br>122</span> <span class="col statcol"><em>SpD</em><br>122</span> <span class="col statcol"><em>Spe</em><br>91</span> </span></li><li style="clear: both"></li></ul></div><div class="spacer battle-history"><br></div><div class="battle-history">The opposing Dragonite-Mega used <strong>Earthquake</strong>!<br></div><div class="battle-history"><small>(Clefable lost 34% of its health!)</small><br></div><div class="spacer battle-history"><br></div><div class="battle-history"><small>Clefable restored a little HP using its Leftovers!</small><br></div><div class="spacer battle-history"><br></div><h2 class="battle-history">Turn 15</h2><div class="spacer battle-history"><br></div><div class="battle-history">The opposing Dragonite-Mega used <strong>Dual Wingbeat</strong>!<br></div><div class="battle-history"><small>(Clefable lost 30% of its health!)</small><br></div><div class="battle-history"><small>(Clefable lost 27% of its health!)</small><br></div><div class="battle-history"><small>The Pokémon was hit 2 times!</small><br></div><div class="spacer battle-history"><br></div><div class="battle-history">Clefable used <strong>Wish</strong>!<br></div><div class="spacer battle-history"><br></div><div class="battle-history"><small>Clefable restored a little HP using its Leftovers!</small><br></div><div class="spacer battle-history"><br></div><h2 class="battle-history">Turn 16</h2><div class="spacer battle-history"><br></div><div class="battle-history">Clefable used <strong>Protect</strong>!<br></div><div class="battle-history"><small>Clefable protected itself!</small><br></div><div class="spacer battle-history"><br></div><div class="battle-history">The opposing Dragonite-Mega used <strong>Dragon Dance</strong>!<br></div><div class="battle-history"><small>The opposing Dragonite-Mega's Attack rose!</small><br></div><div class="battle-history"><small>The opposing Dragonite-Mega's Speed rose!</small><br></div><div class="spacer battle-history"><br></div><div class="battle-history"><small>Clefable's wish came true!</small><br></div><div class="battle-history"><small>Clefable restored a little HP using its Leftovers!</small><br></div><div class="spacer battle-history"><br></div><h2 class="battle-history">Turn 17</h2><div class="spacer battle-history"><br></div><div class="battle-history">Clefable, come back!<br></div><div class="battle-history">Go! <strong>Landorus-Therian</strong>!<br></div><div class="battle-history">[Landorus-Therian's Intimidate]<br></div><div class="battle-history"><small>The opposing Dragonite-Mega's Attack fell!</small><br></div><div class="spacer battle-history"><br></div><div class="battle-history">The opposing Dragonite-Mega used <strong>Dual Wingbeat</strong>!<br></div><div class="battle-history"><small>(Landorus-Therian lost 35% of its health!)</small><br></div><div class="battle-history"><small>(Landorus-Therian lost 39% of its health!)</small><br></div><div class="battle-history"><small>The Pokémon was hit 2 times!</small><br></div><div class="spacer battle-history"><br></div><h2 class="battle-history">Turn 18</h2><div class="spacer battle-history"><br></div><div class="battle-history">Landorus-Therian used <strong>Stone Edge</strong>!<br></div><div class="battle-history"><small>It's super effective!</small><br></div><div class="battle-history"><small>(The opposing Dragonite-Mega lost 79% of its health!)</small><br></div><div class="spacer battle-history"><br></div><div class="battle-history">The opposing Dragonite-Mega used <strong>Dual Wingbeat</strong>!<br></div><div class="battle-history"><small>(Landorus-Therian lost 26% of its health!)</small><br></div><div class="battle-history"><small>The Pokémon was hit 1 time!</small><br></div><div class="spacer battle-history"><br></div><div class="battle-history">Landorus-Therian fainted!<br></div><div class="spacer battle-history"><br></div><div class="battle-history">Go! <strong>Greninja</strong>!<br></div><div class="spacer battle-history"><br></div><h2 class="battle-history">Turn 19</h2><div class="spacer battle-history"><br></div><div class="battle-history">Greninja used <strong>Water Shuriken</strong>!<br></div><div class="battle-history"><small>It's not very effective...</small><br></div><div class="battle-history"><small>(The opposing Dragonite-Mega lost 5% of its health!)</small><br></div><div class="battle-history"><small>It's not very effective...</small><br></div><div class="battle-history"><small>(The opposing Dragonite-Mega lost 4% of its health!)</small><br></div><div class="battle-history"><small>It's not very effective...</small><br></div><div class="battle-history"><small>(The opposing Dragonite-Mega lost 3% of its health!)</small><br></div><div class="battle-history"><small>The Pokémon was hit 3 times!</small><br></div><div class="spacer battle-history"><br></div><div class="battle-history">The opposing Dragonite-Mega fainted!<br></div><div class="battle-history">[Greninja's Battle Bond]<br><small>Greninja became fully charged due to its bond with its Trainer!</small><br></div><div class="battle-history">Greninja-Ash became Ash-Greninja!<br></div><div class="spacer battle-history"><br></div><div class="battle-history"><small>Greninja-Ash was hurt by poison!</small><br></div><div class="chat chatmessage-lysion"><strong style="color:#837b25"><small>☆</small><span class="username" data-name="Lysion">Lysion</span>:</strong> <em>Mais t'as combien de trucs relous en fait ?</em></div><div class="spacer battle-history"><br></div><div class="battle-history">Lysion sent out <strong>Rillaboom</strong>!<br></div><div class="battle-history"><small>Pointed stones dug into the opposing Rillaboom!</small><br></div><div class="battle-history">[The opposing Rillaboom's Grassy Surge]<br><small>Grass grew to cover the battlefield!</small><br></div><div class="spacer battle-history"><br></div><h2 class="battle-history">Turn 20</h2><div class="chat chatmessage-gravitymonkey mine"><strong style="color:#a3742e"><small>☆</small><span class="username" data-name="Gravity Monkey">Gravity Monkey</span>:</strong> <em>mdrr</em></div><div class="spacer battle-history"><br></div><div class="battle-history">Greninja-Ash used <strong>Water Shuriken</strong>!<br></div><div class="battle-history"><small>It's not very effective...</small><br></div><div class="battle-history"><small>(The opposing Rillaboom lost 12% of its health!)</small><br></div><div class="battle-history"><small>It's not very effective...</small><br></div><div class="battle-history"><small>(The opposing Rillaboom lost 12% of its health!)</small><br></div><div class="battle-history"><small>It's not very effective...</small><br></div><div class="battle-history"><small>(The opposing Rillaboom lost 9% of its health!)</small><br></div><div class="battle-history"><small>The Pokémon was hit 3 times!</small><br></div><div class="spacer battle-history"><br></div><div class="battle-history">The opposing Rillaboom fainted!<br></div><div class="spacer battle-history"><br></div><div class="battle-history"><small>Greninja-Ash's HP was restored.</small><br></div><div class="battle-history"><small>Greninja-Ash was hurt by poison!</small><br></div><div class="spacer battle-history"><br></div><div class="battle-history">Lysion sent out <strong>Dragapult</strong>!<br></div><div class="battle-history"><small>Pointed stones dug into the opposing Dragapult!</small><br></div><div class="spacer battle-history"><br></div><h2 class="battle-history">Turn 21</h2><div class="spacer battle-history"><br></div><div class="battle-history">Greninja, come back!<br></div><div class="battle-history">Go! <strong>Heatran</strong>!<br></div><div class="spacer battle-history"><br></div><div class="battle-history">The opposing Dragapult used <strong>Dragon Darts</strong>!<br></div><div class="battle-history"><small>It's not very effective...</small><br></div><div class="battle-history"><small>(Heatran lost 10% of its health!)</small><br></div><div class="battle-history"><small>It's not very effective...</small><br></div><div class="battle-history"><small>(Heatran lost 12% of its health!)</small><br></div><div class="spacer battle-history"><br></div><div class="battle-history"><small>The opposing Dragapult's HP was restored.</small><br></div><div class="battle-history"><small>Heatran's HP was restored.</small><br></div><div class="spacer battle-history"><br></div><h2 class="battle-history">Turn 22</h2><div class="chat chatmessage-lysion"><strong style="color:#837b25"><small>☆</small><span class="username" data-name="Lysion">Lysion</span>:</strong> <em>Je suis pas venu ici pour souffrir OK !!</em></div><div class="spacer battle-history"><br></div><div class="battle-history">The opposing Dragapult used <strong>U-turn</strong>!<br></div><div class="battle-history"><small>It's not very effective...</small><br></div><div class="battle-history"><small>(Heatran lost 4% of its health!)</small><br></div><div class="chat chatmessage-gravitymonkey mine"><strong style="color:#a3742e"><small>☆</small><span class="username" data-name="Gravity Monkey">Gravity Monkey</span>:</strong> <em>t'as pas vu le pire encore</em></div><div class="spacer battle-history"><br></div><div class="battle-history">The opposing Dragapult went back to Lysion!<br></div><div class="battle-history">Lysion sent out <strong>Gliscor</strong>!<br></div><div class="battle-history"><small>Pointed stones dug into the opposing Gliscor!</small><br></div><div class="spacer battle-history"><br></div><div class="battle-history">Heatran used <strong>Magma Storm</strong>!<br></div><div class="battle-history"><small>(The opposing Gliscor lost 66% of its health!)</small><br></div><div class="battle-history"><small>The opposing Gliscor became trapped by swirling magma!</small><br></div><div class="spacer battle-history"><br></div><div class="battle-history"><small>Heatran's HP was restored.</small><br></div><div class="battle-history">[The opposing Gliscor's Poison Heal]<br><small>The opposing Gliscor had its HP restored.</small><br></div><div class="battle-history"><small>The opposing Gliscor is hurt by Magma Storm!</small><br></div><div class="spacer battle-history"><br></div><h2 class="battle-history">Turn 23</h2><div class="spacer battle-history"><br></div><div class="battle-history">Heatran, come back!<br></div><div class="battle-history">Go! <strong>Kommo-o</strong>!<br></div><div class="spacer battle-history"><br></div><div class="battle-history">The opposing Gliscor used <strong>Roost</strong>!<br></div><div class="battle-history"><small>The opposing Gliscor had its HP restored.</small><br></div><div class="battle-history"><small>(The opposing Gliscor loses Flying type this turn.)</small><br></div><div class="spacer battle-history"><br></div><div class="battle-history"><small>The opposing Gliscor's HP was restored.</small><br></div><div class="battle-history">[The opposing Gliscor's Poison Heal]<br><small>The opposing Gliscor had its HP restored.</small><br></div><div class="spacer battle-history"><br></div><h2 class="battle-history">Turn 24</h2><div class="spacer battle-history"><br></div><div class="battle-history">Kommo-o used <strong>Substitute</strong>!<br></div><div class="battle-history"><small>Kommo-o put in a substitute!</small><br></div><div class="battle-history"><small>(Kommo-o lost 25% of its health!)</small><br></div><div class="spacer battle-history"><br></div><div class="battle-history">The opposing Gliscor used <strong>Toxic</strong>!<br></div><div class="battle-history"><small>But it failed!</small><br></div><div class="spacer battle-history"><br></div><div class="battle-history"><small>Kommo-o's HP was restored.</small><br></div><div class="battle-history"><small>The grass disappeared from the battlefield.</small><br></div><div class="battle-history">[The opposing Gliscor's Poison Heal]<br><small>The opposing Gliscor had its HP restored.</small><br></div><div class="spacer battle-history"><br></div><h2 class="battle-history">Turn 25</h2><div class="spacer battle-history"><br></div><div class="battle-history">Kommo-o used <strong>Belly Drum</strong>!<br></div><div class="battle-history"><small>(Kommo-o lost 50% of its health!)</small><br></div><div class="battle-history"><small>Kommo-o cut its own HP and maximized its Attack!</small><br></div><div class="spacer battle-history"><br></div><div class="battle-history">The opposing Gliscor used <strong>Earthquake</strong>!<br></div><div class="battle-history"><small>Kommo-o's substitute faded!</small><br></div><div class="spacer battle-history"><br></div><h2 class="battle-history">Turn 26</h2><div class="spacer battle-history"><br></div><div class="battle-history">Kommo-o used <strong>Drain Punch</strong>!<br></div><div class="battle-history"><small>It's not very effective...</small><br></div><div class="battle-history"><small>(The opposing Gliscor lost 51% of its health!)</small><br></div><div class="battle-history"><small>The opposing Gliscor had its energy drained!</small><br></div><div class="spacer battle-history"><br></div><div class="battle-history">The opposing Gliscor used <strong>Earthquake</strong>!<br></div><div class="battle-history"><small>(Kommo-o lost 33% of its health!)</small><br></div><div class="spacer battle-history"><br></div><div class="battle-history">[The opposing Gliscor's Poison Heal]<br><small>The opposing Gliscor had its HP restored.</small><br></div><div class="spacer battle-history"><br></div><h2 class="battle-history">Turn 27</h2><div class="spacer battle-history"><br></div><div class="battle-history">Kommo-o used <strong>Drain Punch</strong>!<br></div><div class="battle-history"><small>It's not very effective...</small><br></div><div class="battle-history"><small>(The opposing Gliscor lost 49% of its health!)</small><br></div><div class="battle-history"><small>The opposing Gliscor had its energy drained!</small><br></div><div class="spacer battle-history"><br></div><div class="battle-history">The opposing Gliscor used <strong>Earthquake</strong>!<br></div><div class="battle-history"><small>(Kommo-o lost 33% of its health!)</small><br></div><div class="battle-history"><small>(Kommo-o ate its Salac Berry!)</small><br></div><div class="battle-history"><small>The Salac Berry raised Kommo-o's Speed!</small><br></div><div class="spacer battle-history"><br></div><div class="battle-history">[The opposing Gliscor's Poison Heal]<br><small>The opposing Gliscor had its HP restored.</small><br></div><div class="spacer battle-history"><br></div><h2 class="battle-history">Turn 28</h2><div class="spacer battle-history"><br></div><div class="battle-history">Kommo-o used <strong>Drain Punch</strong>!<br></div><div class="battle-history"><small>It's not very effective...</small><br></div><div class="battle-history"><small>(The opposing Gliscor lost 24% of its health!)</small><br></div><div class="battle-history"><small>The opposing Gliscor had its energy drained!</small><br></div><div class="spacer battle-history"><br></div><div class="battle-history">The opposing Gliscor fainted!<br></div><div class="spacer battle-history"><br></div><div class="battle-history">Lysion sent out <strong>Dragapult</strong>!<br></div><div class="battle-history"><small>Pointed stones dug into the opposing Dragapult!</small><br></div><div class="spacer battle-history"><br></div><h2 class="battle-history">Turn 29</h2><div class="spacer battle-history"><br></div><div class="battle-history">Kommo-o used <strong>Earthquake</strong>!<br></div><div class="battle-history"><small>(The opposing Dragapult lost 82% of its health!)</small><br></div><div class="spacer battle-history"><br></div><div class="battle-history">The opposing Dragapult fainted!<br></div><div class="chat chatmessage-lysion"><strong style="color:#837b25"><small>☆</small><span class="username" data-name="Lysion">Lysion</span>:</strong> <em>Bah GG écoute</em></div><div class="chat chatmessage-gravitymonkey mine"><strong style="color:#a3742e"><small>☆</small><span class="username" data-name="Gravity Monkey">Gravity Monkey</span>:</strong> <em>gg</em></div><div class="chat chatmessage-lysion"><strong style="color:#837b25"><small>☆</small><span class="username" data-name="Lysion">Lysion</span>:</strong> <em>Nounours dirait</em></div><div class="chat chatmessage-lysion"><strong style="color:#837b25"><small>☆</small><span class="username" data-name="Lysion">Lysion</span>:</strong> <em>ET BAH MANGE TES MORTS</em></div><div class="chat chatmessage-gravitymonkey mine"><strong style="color:#a3742e"><small>☆</small><span class="username" data-name="Gravity Monkey">Gravity Monkey</span>:</strong> <em>mdrrrr</em></div><div class="spacer battle-history"><br></div><div class="battle-history"><small>Lysion forfeited.</small><br></div><div class="spacer battle-history"><br></div><div class="battle-history"><strong>Gravity Monkey</strong> won the battle!<br></div><div class="chat chatmessage-lysion"><strong style="color:#837b25"><small>☆</small><span class="username" data-name="Lysion">Lysion</span>:</strong> <em>Merci pour les deux matchs !</em></div></div><div class="inner-preempt message-log"></div></div></div>
</div>
<script>
let daily = Math.floor(Date.now()/1000/60/60/24);document.write('<script src="https://play.pokemonshowdown.com/js/replay-embed.js?version'+daily+'"></'+'script>');
</script>
