<!DOCTYPE html>
<meta charset="utf-8" />
<!-- version 1 -->
<title>[Gen 8] Megas for All replay: BlaueBrause vs. Mossy Sandwich</title>
<style>
html,body {font-family:Verdana, sans-serif;font-size:10pt;margin:0;padding:0;}body{padding:12px 0;} .battle-log {font-family:Verdana, sans-serif;font-size:10pt;} .battle-log-inline {border:1px solid #AAAAAA;background:#EEF2F5;color:black;max-width:640px;margin:0 auto 80px;padding-bottom:5px;} .battle-log .inner {padding:4px 8px 0px 8px;} .battle-log .inner-preempt {padding:0 8px 4px 8px;} .battle-log .inner-after {margin-top:0.5em;} .battle-log h2 {margin:0.5em -8px;padding:4px 8px;border:1px solid #AAAAAA;background:#E0E7EA;border-left:0;border-right:0;font-family:Verdana, sans-serif;font-size:13pt;} .battle-log .chat {vertical-align:middle;padding:3px 0 3px 0;font-size:8pt;} .battle-log .chat strong {color:#40576A;} .battle-log .chat em {padding:1px 4px 1px 3px;color:#000000;font-style:normal;} .chat.mine {background:rgba(0,0,0,0.05);margin-left:-8px;margin-right:-8px;padding-left:8px;padding-right:8px;} .spoiler {color:#BBBBBB;background:#BBBBBB;padding:0px 3px;} .spoiler:hover, .spoiler:active, .spoiler-shown {color:#000000;background:#E2E2E2;padding:0px 3px;} .spoiler a {color:#BBBBBB;} .spoiler:hover a, .spoiler:active a, .spoiler-shown a {color:#2288CC;} .chat code, .chat .spoiler:hover code, .chat .spoiler:active code, .chat .spoiler-shown code {border:1px solid #C0C0C0;background:#EEEEEE;color:black;padding:0 2px;} .chat .spoiler code {border:1px solid #CCCCCC;background:#CCCCCC;color:#CCCCCC;} .battle-log .rated {padding:3px 4px;} .battle-log .rated strong {color:white;background:#89A;padding:1px 4px;border-radius:4px;} .spacer {margin-top:0.5em;} .message-announce {background:#6688AA;color:white;padding:1px 4px 2px;} .message-announce a, .broadcast-green a, .broadcast-blue a, .broadcast-red a {color:#DDEEFF;} .broadcast-green {background-color:#559955;color:white;padding:2px 4px;} .broadcast-blue {background-color:#6688AA;color:white;padding:2px 4px;} .infobox {border:1px solid #6688AA;padding:2px 4px;} .infobox-limited {max-height:200px;overflow:auto;overflow-x:hidden;} .broadcast-red {background-color:#AA5544;color:white;padding:2px 4px;} .message-learn-canlearn {font-weight:bold;color:#228822;text-decoration:underline;} .message-learn-cannotlearn {font-weight:bold;color:#CC2222;text-decoration:underline;} .message-effect-weak {font-weight:bold;color:#CC2222;} .message-effect-resist {font-weight:bold;color:#6688AA;} .message-effect-immune {font-weight:bold;color:#666666;} .message-learn-list {margin-top:0;margin-bottom:0;} .message-throttle-notice, .message-error {color:#992222;} .message-overflow, .chat small.message-overflow {font-size:0pt;} .message-overflow::before {font-size:9pt;content:'...';} .subtle {color:#3A4A66;}
</style>
<div class="wrapper replay-wrapper" style="max-width:1180px;margin:0 auto">
<input type="hidden" name="replayid" value="dragonheaven-gen8megasforall-268" />
<div class="battle"></div><div class="battle-log"></div><div class="replay-controls"></div><div class="replay-controls-2"></div>
<h1 style="font-weight:normal;text-align:center"><strong>[Gen 8] Megas for All</strong><br /><a href="http://pokemonshowdown.com/users/blauebrause" class="subtle" target="_blank">BlaueBrause</a> vs. <a href="http://pokemonshowdown.com/users/mossysandwich" class="subtle" target="_blank">Mossy Sandwich</a></h1>
<script type="text/plain" class="battle-log-data">|j|☆BlaueBrause
|j|☆Mossy Sandwich
|t:|1612640366
|player|p1|BlaueBrause|psychic|
|player|p2|Mossy Sandwich|wally-gen3|
|teamsize|p1|6
|teamsize|p2|6
|gametype|singles
|gen|8
|tier|[Gen 8] Megas for All
|rated|Tournament battle
|clearpoke
|poke|p1|Toxtricity-Low-Key, M|
|poke|p1|Corviknight, M|
|poke|p1|Slowking, M|
|poke|p1|Tyranitar, M|
|poke|p1|Kartana|
|poke|p1|Garchomp, F|
|poke|p2|Weezing-Galar, F|
|poke|p2|Blissey, F|
|poke|p2|Dhelmise|
|poke|p2|Greninja, M|
|poke|p2|Landorus-Therian, M|
|poke|p2|Kommo-o, M|
|rule|HP Percentage Mod: HP is shown in percentages
|rule|Endless Battle Clause: Forcing endless battles is banned
|rule|OHKO Clause: OHKO moves are banned
|rule|Evasion Moves Clause: Evasion moves are banned
|rule|Species Clause: Limit one of each Pokémon
|rule|Dynamax Clause: You cannot dynamax
|rule|Sleep Clause Mod: Limit one foe put to sleep
|rule|Freeze Clause Mod: Limit one foe frozen
|teampreview
|c|☆Mossy Sandwich|gl hf
|c|☆BlaueBrause|glhf!
|
|t:|1612640377
|start
|switch|p1a: Toxtricroak?|Toxtricity-Low-Key, M|100\/100
|switch|p2a: Landorus|Landorus-Therian, M|100\/100
|-ability|p2a: Landorus|Intimidate|boost
|-unboost|p1a: Toxtricroak?|atk|1
|turn|1
|j| Soul Dew Latias
|
|t:|1612640386
|detailschange|p1a: Toxtricroak?|Toxtricity-Low-Key-Mega, M
|-mega|p1a: Toxtricroak?|Toxtricity|Toxtricitite
|-status|p2a: Landorus|psn|[from] ability: Acid Rock|[of] p1a: Toxtricroak?
|-start|p1a: Toxtricroak?|typechange|Electric\/Poison|[silent]
|raw|<ul class="utilichart"><li class="result"><span class="col pokemonnamecol" style="white-space: nowrap">Toxtricity-Low-Key-Mega<\/span> <span class="col typecol"><img src="https:\/\/play.pokemonshowdown.com\/sprites\/types\/Electric.png" alt="Electric" height="14" width="32"><img src="https:\/\/play.pokemonshowdown.com\/sprites\/types\/Poison.png" alt="Poison" height="14" width="32"><\/span> <span style="float: left ; min-height: 26px"><span class="col abilitycol">Acid Rock<\/span><span class="col abilitycol"><\/span><\/span><span style="float: left ; min-height: 26px"><span class="col statcol"><em>HP<\/em><br>75<\/span> <span class="col statcol"><em>Atk<\/em><br>98<\/span> <span class="col statcol"><em>Def<\/em><br>100<\/span> <span class="col statcol"><em>SpA<\/em><br>114<\/span> <span class="col statcol"><em>SpD<\/em><br>140<\/span> <span class="col statcol"><em>Spe<\/em><br>75<\/span> <\/span><\/li><li style="clear: both"><\/li><\/ul>
|move|p1a: Toxtricroak?|Protect|p1a: Toxtricroak?
|-singleturn|p1a: Toxtricroak?|Protect
|move|p2a: Landorus|U-turn|p1a: Toxtricroak?
|-activate|p1a: Toxtricroak?|move: Protect
|
|-damage|p2a: Landorus|88\/100 psn|[from] psn
|upkeep
|turn|2
|j| ViZarPKMN
|
|t:|1612640401
|switch|p1a: Fidelis|Corviknight, M|100\/100
|-ability|p1a: Fidelis|Pressure
|move|p2a: Landorus|U-turn|p1a: Fidelis
|-resisted|p1a: Fidelis
|-damage|p1a: Fidelis|96\/100
|
|t:|1612640404
|switch|p2a: Dhelmise|Dhelmise|100\/100|[from]move: U-turn
|
|-heal|p1a: Fidelis|100\/100|[from] item: Leftovers
|upkeep
|turn|3
|j|#inkbug1

|
|t:|1612640411
|switch|p1a: Toxtricroak?|Toxtricity-Low-Key-Mega, M|100\/100
|-start|p1a: Toxtricroak?|typechange|Electric\/Poison|[silent]
|-status|p2a: Dhelmise|psn|[from] ability: Acid Rock|[of] p1a: Toxtricroak?
|detailschange|p2a: Dhelmise|Dhelmise-Mega
|-mega|p2a: Dhelmise|Dhelmise|Dhelmite
|-weather|PrimordialSea|[from] ability: Primordial Sea|[of] p2a: Dhelmise
|-start|p2a: Dhelmise|typechange|Ghost\/Steel|[silent]
|raw|<ul class="utilichart"><li class="result"><span class="col pokemonnamecol" style="white-space: nowrap">Dhelmise-Mega<\/span> <span class="col typecol"><img src="https:\/\/play.pokemonshowdown.com\/sprites\/types\/Ghost.png" alt="Ghost" height="14" width="32"><img src="https:\/\/play.pokemonshowdown.com\/sprites\/types\/Steel.png" alt="Steel" height="14" width="32"><\/span> <span style="float: left ; min-height: 26px"><span class="col abilitycol">Primordial Sea<\/span><span class="col abilitycol"><\/span><\/span><span style="float: left ; min-height: 26px"><span class="col statcol"><em>HP<\/em><br>70<\/span> <span class="col statcol"><em>Atk<\/em><br>151<\/span> <span class="col statcol"><em>Def<\/em><br>115<\/span> <span class="col statcol"><em>SpA<\/em><br>116<\/span> <span class="col statcol"><em>SpD<\/em><br>115<\/span> <span class="col statcol"><em>Spe<\/em><br>50<\/span> <\/span><\/li><li style="clear: both"><\/li><\/ul>
|move|p2a: Dhelmise|Substitute|p2a: Dhelmise
|-start|p2a: Dhelmise|Substitute
|-damage|p2a: Dhelmise|75\/100 psn
|
|-weather|PrimordialSea|[upkeep]
|-damage|p2a: Dhelmise|63\/100 psn|[from] psn
|upkeep
|turn|4
|
|t:|1612640424
|move|p1a: Toxtricroak?|Volt Switch|p2a: Dhelmise
|-activate|p2a: Dhelmise|move: Substitute|[damage]
|c|☆BlaueBrause|wow
|
|t:|1612640433
|switch|p1a: Fidelis|Corviknight, M|100\/100|[from]move: Volt Switch
|-ability|p1a: Fidelis|Pressure
|move|p2a: Dhelmise|Flip Turn|p1a: Fidelis
|-damage|p1a: Fidelis|76\/100
|c| ViZarPKMN|fbm
|
|t:|1612640440
|-weather|none
|switch|p2a: Weezing|Weezing-Galar, F|100\/100|[from]move: Flip Turn
|
|-heal|p1a: Fidelis|82\/100|[from] item: Leftovers
|upkeep
|turn|5
|
|t:|1612640449
|move|p1a: Fidelis|U-turn|p2a: Weezing
|-resisted|p2a: Weezing
|-damage|p2a: Weezing|98\/100
|
|t:|1612640456
|switch|p1a: Louis|Slowking, M|100\/100|[from]move: U-turn
|move|p2a: Weezing|Aromatherapy|p2a: Weezing
|-activate|p2a: Weezing|move: Aromatherapy
|-curestatus|p2: Landorus|psn|[msg]
|-curestatus|p2: Dhelmise|psn|[msg]
|
|-heal|p2a: Weezing|100\/100|[from] item: Black Sludge
|upkeep
|turn|6
|
|t:|1612640466
|switch|p2a: Blissey|Blissey, F|100\/100
|move|p1a: Louis|Teleport|p1a: Louis
|
|t:|1612640472
|switch|p1a: Rawr|Tyranitar, M|100\/100|[from]move: Teleport
|-weather|Sandstorm|[from] ability: Sand Stream|[of] p1a: Rawr
|
|-weather|Sandstorm|[upkeep]
|-damage|p2a: Blissey|94\/100|[from] Sandstorm
|upkeep
|turn|7
|
|t:|1612640482
|move|p1a: Rawr|Stone Edge|p2a: Blissey
|-damage|p2a: Blissey|17\/100
|move|p2a: Blissey|Soft-Boiled|p2a: Blissey
|-heal|p2a: Blissey|67\/100
|
|-weather|Sandstorm|[upkeep]
|-damage|p2a: Blissey|61\/100|[from] Sandstorm
|upkeep
|turn|8
|
|t:|1612640489
|switch|p2a: Kommo-o|Kommo-o, M|100\/100
|move|p1a: Rawr|Stone Edge|p2a: Kommo-o
|-resisted|p2a: Kommo-o
|-damage|p2a: Kommo-o|61\/100
|
|-weather|Sandstorm|[upkeep]
|-damage|p2a: Kommo-o|55\/100|[from] Sandstorm
|upkeep
|turn|9
|
|t:|1612640499
|switch|p1a: Toxtricroak?|Toxtricity-Low-Key-Mega, M|100\/100
|-start|p1a: Toxtricroak?|typechange|Electric\/Poison|[silent]
|-status|p2a: Kommo-o|psn|[from] ability: Acid Rock|[of] p1a: Toxtricroak?
|move|p2a: Kommo-o|Drain Punch|p1a: Toxtricroak?
|-resisted|p1a: Toxtricroak?
|-damage|p1a: Toxtricroak?|87\/100
|-heal|p2a: Kommo-o|64\/100 psn|[from] drain|[of] p1a: Toxtricroak?
|
|-weather|Sandstorm|[upkeep]
|-damage|p2a: Kommo-o|58\/100 psn|[from] Sandstorm
|-damage|p1a: Toxtricroak?|80\/100|[from] Sandstorm
|-damage|p2a: Kommo-o|45\/100 psn|[from] psn
|upkeep
|turn|10
|
|t:|1612640512
|switch|p2a: Weezing|Weezing-Galar, F|100\/100
|switch|p1a: Louis|Slowking, M|100\/100
|
|-weather|none
|upkeep
|turn|11
|
|t:|1612640519
|switch|p2a: Greninja|Greninja, M|100\/100
|move|p1a: Louis|Future Sight|p2a: Greninja
|-start|p1a: Louis|move: Future Sight
|
|upkeep
|turn|12
|
|t:|1612640526
|move|p2a: Greninja|Spikes|p1a: Louis
|-sidestart|p1: BlaueBrause|Spikes
|move|p1a: Louis|Teleport|p1a: Louis
|
|t:|1612640542
|switch|p1a: Rawr|Tyranitar, M|100\/100|[from]move: Teleport
|-damage|p1a: Rawr|88\/100|[from] Spikes
|-weather|Sandstorm|[from] ability: Sand Stream|[of] p1a: Rawr
|
|-weather|Sandstorm|[upkeep]
|-damage|p2a: Greninja|95\/100|[from] Sandstorm
|upkeep
|turn|13
|
|t:|1612640551
|-activate|p2a: Greninja|move: Pursuit
|move|p1a: Rawr|Pursuit|p2a: Greninja|[from]Pursuit
|-resisted|p2a: Greninja
|-damage|p2a: Greninja|39\/100
|switch|p2a: Weezing|Weezing-Galar, F|100\/100
|
|-weather|Sandstorm|[upkeep]
|-damage|p2a: Weezing|95\/100|[from] Sandstorm
|-end|p2a: Weezing|move: Future Sight
|-supereffective|p2a: Weezing
|-damage|p2a: Weezing|0 fnt
|faint|p2a: Weezing
|upkeep
|c| Soul Dew Latias|...
|
|t:|1612640561
|switch|p2a: Dhelmise|Dhelmise-Mega|63\/100
|-start|p2a: Dhelmise|typechange|Ghost\/Steel|[silent]
|-weather|PrimordialSea|[from] ability: Primordial Sea|[of] p2a: Dhelmise
|turn|14
|c| ViZarPKMN|whats wrong?
|c|☆Mossy Sandwich|Wait shit
|c|☆Mossy Sandwich|When did nerf go through?
|
|t:|1612640581
|switch|p1a: Toxtricroak?|Toxtricity-Low-Key-Mega, M|80\/100
|-start|p1a: Toxtricroak?|typechange|Electric\/Poison|[silent]
|-damage|p1a: Toxtricroak?|68\/100|[from] Spikes
|-ability|p1a: Toxtricroak?|Acid Rock
|-immune|p2a: Dhelmise
|move|p2a: Dhelmise|Flip Turn|p1a: Toxtricroak?
|-damage|p1a: Toxtricroak?|34\/100
|
|t:|1612640584
|-weather|none
|switch|p2a: Greninja|Greninja, M|39\/100|[from]move: Flip Turn
|
|upkeep
|turn|15
|
|t:|1612640593
|switch|p1a: Louis|Slowking, M|100\/100
|move|p2a: Greninja|Hydro Pump|p1a: Louis
|-resisted|p1a: Louis
|-damage|p1a: Louis|78\/100
|
|upkeep
|turn|16
|
|t:|1612640606
|switch|p2a: Kommo-o|Kommo-o, M|45\/100 psn
|move|p1a: Louis|Future Sight|p2a: Kommo-o
|-start|p1a: Louis|move: Future Sight
|
|-damage|p2a: Kommo-o|33\/100 psn|[from] psn
|upkeep
|turn|17
|
|t:|1612640613
|-zpower|p2a: Kommo-o
|move|p2a: Kommo-o|Clangorous Soulblaze|p1a: Louis|[zeffect]
|-damage|p1a: Louis|30\/100
|-boost|p2a: Kommo-o|atk|1
|-boost|p2a: Kommo-o|def|1
|-boost|p2a: Kommo-o|spa|1
|-boost|p2a: Kommo-o|spd|1
|-boost|p2a: Kommo-o|spe|1
|move|p1a: Louis|Teleport|p1a: Louis
|
|t:|1612640630
|switch|p1a: Divine Blades|Kartana|100\/100|[from]move: Teleport
|-damage|p1a: Divine Blades|88\/100|[from] Spikes
|
|-damage|p2a: Kommo-o|20\/100 psn|[from] psn
|upkeep
|turn|18
|
|t:|1612640642
|move|p1a: Divine Blades|Smart Strike|p2a: Kommo-o
|-damage|p2a: Kommo-o|0 fnt
|faint|p2a: Kommo-o
|-ability|p1a: Divine Blades|Beast Boost|boost
|-boost|p1a: Divine Blades|atk|1
|
|-hint|Future Sight did not hit because the target is the user.
|upkeep
|
|t:|1612640645
|switch|p2a: Dhelmise|Dhelmise-Mega|63\/100
|-start|p2a: Dhelmise|typechange|Ghost\/Steel|[silent]
|-weather|PrimordialSea|[from] ability: Primordial Sea|[of] p2a: Dhelmise
|turn|19
|
|t:|1612640656
|move|p1a: Divine Blades|Smart Strike|p2a: Dhelmise
|-resisted|p2a: Dhelmise
|-damage|p2a: Dhelmise|35\/100
|move|p2a: Dhelmise|Flip Turn|p1a: Divine Blades
|-resisted|p1a: Divine Blades
|-damage|p1a: Divine Blades|69\/100
|
|t:|1612640659
|-weather|none
|switch|p2a: Landorus|Landorus-Therian, M|88\/100|[from]move: Flip Turn
|-ability|p2a: Landorus|Intimidate|boost
|-unboost|p1a: Divine Blades|atk|1
|
|upkeep
|turn|20
|
|t:|1612640674
|switch|p1a: Fidelis|Corviknight, M|82\/100
|-ability|p1a: Fidelis|Pressure
|move|p2a: Landorus|U-turn|p1a: Fidelis
|-resisted|p1a: Fidelis
|-damage|p1a: Fidelis|78\/100
|
|t:|1612640678
|switch|p2a: Blissey|Blissey, F|61\/100|[from]move: U-turn
|
|-heal|p1a: Fidelis|84\/100|[from] item: Leftovers
|upkeep
|turn|21
|
|t:|1612640688
|move|p1a: Fidelis|U-turn|p2a: Blissey
|-damage|p2a: Blissey|48\/100
|
|t:|1612640692
|switch|p1a: Rawr|Tyranitar, M|88\/100|[from]move: U-turn
|-damage|p1a: Rawr|76\/100|[from] Spikes
|-weather|Sandstorm|[from] ability: Sand Stream|[of] p1a: Rawr
|move|p2a: Blissey|Soft-Boiled|p2a: Blissey
|-heal|p2a: Blissey|98\/100
|
|-weather|Sandstorm|[upkeep]
|-damage|p2a: Blissey|92\/100|[from] Sandstorm
|upkeep
|turn|22
|
|t:|1612640704
|switch|p2a: Landorus|Landorus-Therian, M|88\/100
|-ability|p2a: Landorus|Intimidate|boost
|-unboost|p1a: Rawr|atk|1
|move|p1a: Rawr|Crunch|p2a: Landorus
|-damage|p2a: Landorus|32\/100
|
|-weather|Sandstorm|[upkeep]
|upkeep
|turn|23
|
|t:|1612640715
|switch|p1a: Fidelis|Corviknight, M|84\/100
|-ability|p1a: Fidelis|Pressure
|move|p2a: Landorus|U-turn|p1a: Fidelis
|-resisted|p1a: Fidelis
|-crit|p1a: Fidelis
|-damage|p1a: Fidelis|78\/100
|
|t:|1612640718
|switch|p2a: Dhelmise|Dhelmise-Mega|35\/100|[from]move: U-turn
|-start|p2a: Dhelmise|typechange|Ghost\/Steel|[silent]
|-weather|PrimordialSea|[from] ability: Primordial Sea|[of] p2a: Dhelmise
|
|-weather|PrimordialSea|[upkeep]
|-heal|p1a: Fidelis|84\/100|[from] item: Leftovers
|upkeep
|turn|24
|
|t:|1612640728
|move|p1a: Fidelis|Brave Bird|p2a: Dhelmise
|-resisted|p2a: Dhelmise
|-damage|p2a: Dhelmise|20\/100
|-damage|p1a: Fidelis|80\/100|[from] Recoil
|move|p2a: Dhelmise|Substitute|p2a: Dhelmise
|-fail|p2a: Dhelmise|move: Substitute|[weak]
|
|-weather|PrimordialSea|[upkeep]
|-heal|p1a: Fidelis|86\/100|[from] item: Leftovers
|upkeep
|turn|25
|
|t:|1612640737
|-weather|none
|switch|p2a: Blissey|Blissey, F|92\/100
|move|p1a: Fidelis|Brave Bird|p2a: Blissey
|-damage|p2a: Blissey|58\/100
|-damage|p1a: Fidelis|66\/100|[from] Recoil
|
|-heal|p1a: Fidelis|72\/100|[from] item: Leftovers
|upkeep
|turn|26
|
|t:|1612640746
|move|p1a: Fidelis|Defog|p2a: Blissey
|-unboost|p2a: Blissey|evasion|1
|-sideend|p1: BlaueBrause|Spikes|[from] move: Defog|[of] p1a: Fidelis
|move|p2a: Blissey|Wish|p2a: Blissey
|
|-heal|p1a: Fidelis|78\/100|[from] item: Leftovers
|upkeep
|turn|27
|
|t:|1612640756
|switch|p2a: Dhelmise|Dhelmise-Mega|20\/100
|-start|p2a: Dhelmise|typechange|Ghost\/Steel|[silent]
|-weather|PrimordialSea|[from] ability: Primordial Sea|[of] p2a: Dhelmise
|move|p1a: Fidelis|U-turn|p2a: Dhelmise
|-resisted|p2a: Dhelmise
|-damage|p2a: Dhelmise|16\/100
|
|t:|1612640766
|switch|p1a: Rawr|Tyranitar, M|76\/100|[from]move: U-turn
|-ability|p1a: Rawr|Sand Stream|[from] primordialsea|[fail]
|
|-weather|PrimordialSea|[upkeep]
|-heal|p2a: Dhelmise|100\/100|[from] move: Wish|[wisher] Blissey
|upkeep
|turn|28
|
|t:|1612640776
|move|p1a: Rawr|Crunch|p2a: Dhelmise
|-supereffective|p2a: Dhelmise
|-damage|p2a: Dhelmise|0 fnt
|faint|p2a: Dhelmise
|-weather|none
|
|upkeep
|
|t:|1612640779
|switch|p2a: Greninja|Greninja, M|39\/100
|turn|29
|
|t:|1612640792
|switch|p1a: Toxtricroak?|Toxtricity-Low-Key-Mega, M|34\/100
|-start|p1a: Toxtricroak?|typechange|Electric\/Poison|[silent]
|-status|p2a: Greninja|psn|[from] ability: Acid Rock|[of] p1a: Toxtricroak?
|move|p2a: Greninja|Hydro Pump|p1a: Toxtricroak?
|-damage|p1a: Toxtricroak?|0 fnt
|faint|p1a: Toxtricroak?
|-activate|p2a: Greninja|ability: Battle Bond
|detailschange|p2a: Greninja|Greninja-Ash, M
|
|-damage|p2a: Greninja|26\/100 psn|[from] psn
|upkeep
|
|t:|1612640805
|switch|p1a: Divine Blades|Kartana|69\/100
|turn|30
|
|t:|1612640812
|switch|p2a: Blissey|Blissey, F|58\/100
|move|p1a: Divine Blades|Leaf Blade|p2a: Blissey
|-damage|p2a: Blissey|4\/100
|
|upkeep
|turn|31
|
|t:|1612640818
|move|p1a: Divine Blades|Leaf Blade|p2a: Blissey
|-damage|p2a: Blissey|0 fnt
|faint|p2a: Blissey
|-ability|p1a: Divine Blades|Beast Boost|boost
|-boost|p1a: Divine Blades|atk|1
|
|upkeep
|
|t:|1612640820
|switch|p2a: Greninja|Greninja-Ash, M|26\/100 psn
|turn|32
|
|t:|1612640826
|switch|p1a: Rawr|Tyranitar, M|76\/100
|-weather|Sandstorm|[from] ability: Sand Stream|[of] p1a: Rawr
|move|p2a: Greninja|Water Shuriken|p1a: Rawr
|-supereffective|p1a: Rawr
|-damage|p1a: Rawr|56\/100
|-supereffective|p1a: Rawr
|-damage|p1a: Rawr|36\/100
|-supereffective|p1a: Rawr
|-damage|p1a: Rawr|17\/100
|-hitcount|p1a: Rawr|3
|
|-weather|Sandstorm|[upkeep]
|-damage|p2a: Greninja|20\/100 psn|[from] Sandstorm
|-damage|p2a: Greninja|8\/100 psn|[from] psn
|upkeep
|turn|33
|
|t:|1612640840
|move|p2a: Greninja|Water Shuriken|p1a: Rawr
|-supereffective|p1a: Rawr
|-damage|p1a: Rawr|0 fnt
|-hitcount|p1a: Rawr|1
|faint|p1a: Rawr
|
|-weather|Sandstorm|[upkeep]
|-damage|p2a: Greninja|2\/100 psn|[from] Sandstorm
|-damage|p2a: Greninja|0 fnt|[from] psn
|faint|p2a: Greninja
|upkeep
|c|☆Mossy Sandwich|gg
|c|☆BlaueBrause|gg
|
|t:|1612640850
|switch|p2a: Landorus|Landorus-Therian, M|32\/100
|switch|p1a: Fidelis|Corviknight, M|78\/100
|-ability|p2a: Landorus|Intimidate|boost
|-unboost|p1a: Fidelis|atk|1
|-ability|p1a: Fidelis|Pressure
|turn|34
|
|t:|1612640858
|move|p2a: Landorus|Knock Off|p1a: Fidelis
|-damage|p1a: Fidelis|54\/100
|-enditem|p1a: Fidelis|Leftovers|[from] move: Knock Off|[of] p2a: Landorus
|move|p1a: Fidelis|U-turn|p2a: Landorus
|-resisted|p2a: Landorus
|-damage|p2a: Landorus|26\/100
|
|t:|1612640864
|switch|p1a: Divine Blades|Kartana|69\/100|[from]move: U-turn
|
|-weather|Sandstorm|[upkeep]
|upkeep
|turn|35
|
|t:|1612640868
|move|p1a: Divine Blades|Leaf Blade|p2a: Landorus
|-crit|p2a: Landorus
|-damage|p2a: Landorus|0 fnt
|faint|p2a: Landorus
|
|win|BlaueBrause
|l|☆Mossy Sandwich</script>
</div>
<div class="battle-log battle-log-inline"><div class="inner"><div class="battle-options"><div style="padding-top: 3px; padding-right: 3px; text-align: right"><button class="icon button" name="openBattleOptions" title="Options">Battle Options</button></div></div><div class="inner message-log"><div class="chat"><small>☆BlaueBrause and ☆Mossy Sandwich joined</small></div><div class=""><small>Format:</small> <br><strong>[Gen 8] Megas for All</strong></div><div class="rated"><strong>Tournament battle</strong></div><div class=""><small><em>HP Percentage Mod:</em> HP is shown in percentages</small></div><div class=""><small><em>Endless Battle Clause:</em> Forcing endless battles is banned</small></div><div class=""><small><em>OHKO Clause:</em> OHKO moves are banned</small></div><div class=""><small><em>Evasion Moves Clause:</em> Evasion moves are banned</small></div><div class=""><small><em>Species Clause:</em> Limit one of each Pokémon</small></div><div class=""><small><em>Dynamax Clause:</em> You cannot dynamax</small></div><div class=""><small><em>Sleep Clause Mod:</em> Limit one foe put to sleep</small></div><div class=""><small><em>Freeze Clause Mod:</em> Limit one foe frozen</small></div><div class="chat battle-history"><strong>BlaueBrause's team:</strong> <em style="color:#445566;display:block;">Toxtricity-Low-Key / Corviknight / Slowking / Tyranitar / Kartana / Garchomp</em></div><div class="chat battle-history"><strong>Mossy Sandwich's team:</strong> <em style="color:#445566;display:block;">Weezing-Galar / Blissey / Dhelmise / Greninja / Landorus-Therian / Kommo-o</em></div><div class="chat chatmessage-mossysandwich"><strong style="color:#ba49a2"><small>☆</small><span class="username" data-name="Mossy Sandwich">Mossy Sandwich</span>:</strong> <em>gl hf</em></div><div class="chat chatmessage-blauebrause"><strong style="color:#6b66e4"><small>☆</small><span class="username" data-name="BlaueBrause">BlaueBrause</span>:</strong> <em>glhf!</em></div><div class="spacer battle-history"><br></div><div class="battle-history">Battle started between BlaueBrause and Mossy Sandwich!<br></div><div class="spacer battle-history"><br></div><div class="battle-history">Go! Toxtricroak? (<strong>Toxtricity-Low-Key</strong>)!<br></div><div class="spacer battle-history"><br></div><div class="battle-history">Mossy Sandwich sent out Landorus (<strong>Landorus-Therian</strong>)!<br></div><div class="battle-history">[The opposing Landorus's Intimidate]<br></div><div class="battle-history"><small>Toxtricroak?'s Attack fell!</small><br></div><div class="spacer battle-history"><br></div><h2 class="battle-history">Turn 1</h2><div class="chat"><small> Soul Dew Latias joined</small></div><div class="spacer battle-history"><br></div><div class="battle-history"><small>Toxtricroak?'s Toxtricitite is reacting to the Key Stone!</small><br>Toxtricroak? has Mega Evolved into Mega Toxtricity!<br></div><div class="battle-history">[Toxtricroak?'s Acid Rock]<br><small>The opposing Landorus was poisoned!</small><br></div><div class="chat"><ul class="utilichart"><li class="result"><span class="col pokemonnamecol" style="white-space: nowrap">Toxtricity-Low-Key-Mega</span> <span class="col typecol"><img src="https://play.pokemonshowdown.com/sprites/types/Electric.png" alt="Electric" height="14" width="32"><img src="https://play.pokemonshowdown.com/sprites/types/Poison.png" alt="Poison" height="14" width="32"></span> <span style="float: left ; min-height: 26px"><span class="col abilitycol">Acid Rock</span><span class="col abilitycol"></span></span><span style="float: left ; min-height: 26px"><span class="col statcol"><em>HP</em><br>75</span> <span class="col statcol"><em>Atk</em><br>98</span> <span class="col statcol"><em>Def</em><br>100</span> <span class="col statcol"><em>SpA</em><br>114</span> <span class="col statcol"><em>SpD</em><br>140</span> <span class="col statcol"><em>Spe</em><br>75</span> </span></li><li style="clear: both"></li></ul></div><div class="spacer battle-history"><br></div><div class="battle-history">Toxtricroak? used <strong>Protect</strong>!<br></div><div class="battle-history"><small>Toxtricroak? protected itself!</small><br></div><div class="spacer battle-history"><br></div><div class="battle-history">The opposing Landorus used <strong>U-turn</strong>!<br></div><div class="battle-history"><small>Toxtricroak? protected itself!</small><br></div><div class="spacer battle-history"><br></div><div class="battle-history"><small>The opposing Landorus was hurt by poison!</small><br></div><div class="spacer battle-history"><br></div><h2 class="battle-history">Turn 2</h2><div class="chat"><small> ViZarPKMN joined</small></div><div class="spacer battle-history"><br></div><div class="battle-history">Toxtricroak?, come back!<br></div><div class="battle-history">Go! Fidelis (<strong>Corviknight</strong>)!<br></div><div class="battle-history">[Fidelis's Pressure]<br><small>Fidelis is exerting its pressure!</small><br></div><div class="spacer battle-history"><br></div><div class="battle-history">The opposing Landorus used <strong>U-turn</strong>!<br></div><div class="battle-history"><small>It's not very effective...</small><br></div><div class="battle-history"><small>(Fidelis lost 4% of its health!)</small><br></div><div class="spacer battle-history"><br></div><div class="battle-history">The opposing Landorus went back to Mossy Sandwich!<br></div><div class="battle-history">Mossy Sandwich sent out <strong>Dhelmise</strong>!<br></div><div class="spacer battle-history"><br></div><div class="battle-history"><small>Fidelis restored a little HP using its Leftovers!</small><br></div><div class="spacer battle-history"><br></div><h2 class="battle-history">Turn 3</h2><div class="chat"><small>#inkbug1 joined</small></div><div class="spacer battle-history"><br></div><div class="battle-history">Fidelis, come back!<br></div><div class="battle-history">Go! Toxtricroak? (<strong>Toxtricity-Low-Key-Mega</strong>)!<br></div><div class="battle-history">[Toxtricroak?'s Acid Rock]<br><small>The opposing Dhelmise was poisoned!</small><br></div><div class="spacer battle-history"><br></div><div class="battle-history"><small>The opposing Dhelmise's Dhelmite is reacting to the Key Stone!</small><br>The opposing Dhelmise has Mega Evolved into Mega Dhelmise!<br></div><div class="battle-history">[The opposing Dhelmise's Primordial Sea]<br><small>A heavy rain began to fall!</small><br></div><div class="chat"><ul class="utilichart"><li class="result"><span class="col pokemonnamecol" style="white-space: nowrap">Dhelmise-Mega</span> <span class="col typecol"><img src="https://play.pokemonshowdown.com/sprites/types/Ghost.png" alt="Ghost" height="14" width="32"><img src="https://play.pokemonshowdown.com/sprites/types/Steel.png" alt="Steel" height="14" width="32"></span> <span style="float: left ; min-height: 26px"><span class="col abilitycol">Primordial Sea</span><span class="col abilitycol"></span></span><span style="float: left ; min-height: 26px"><span class="col statcol"><em>HP</em><br>70</span> <span class="col statcol"><em>Atk</em><br>151</span> <span class="col statcol"><em>Def</em><br>115</span> <span class="col statcol"><em>SpA</em><br>116</span> <span class="col statcol"><em>SpD</em><br>115</span> <span class="col statcol"><em>Spe</em><br>50</span> </span></li><li style="clear: both"></li></ul></div><div class="spacer battle-history"><br></div><div class="battle-history">The opposing Dhelmise used <strong>Substitute</strong>!<br></div><div class="battle-history"><small>The opposing Dhelmise put in a substitute!</small><br></div><div class="battle-history"><small>(The opposing Dhelmise lost 25% of its health!)</small><br></div><div class="spacer battle-history"><br></div><div class="battle-history"><small>The opposing Dhelmise was hurt by poison!</small><br></div><div class="spacer battle-history"><br></div><h2 class="battle-history">Turn 4</h2><div class="spacer battle-history"><br></div><div class="battle-history">Toxtricroak? used <strong>Volt Switch</strong>!<br></div><div class="battle-history"><small>The substitute took damage for the opposing Dhelmise!</small><br></div><div class="chat chatmessage-blauebrause"><strong style="color:#6b66e4"><small>☆</small><span class="username" data-name="BlaueBrause">BlaueBrause</span>:</strong> <em>wow</em></div><div class="spacer battle-history"><br></div><div class="battle-history">Toxtricroak? went back to BlaueBrause!<br></div><div class="battle-history">Go! Fidelis (<strong>Corviknight</strong>)!<br></div><div class="battle-history">[Fidelis's Pressure]<br><small>Fidelis is exerting its pressure!</small><br></div><div class="spacer battle-history"><br></div><div class="battle-history">The opposing Dhelmise used <strong>Flip Turn</strong>!<br></div><div class="battle-history"><small>(Fidelis lost 24% of its health!)</small><br></div><div class="chat chatmessage-vizarpkmn"><strong style="color:#4f78c0"><small> </small><span class="username" data-name="ViZarPKMN">ViZarPKMN</span>:</strong> <em>fbm</em></div><div class="spacer battle-history"><br></div><div class="battle-history"><small>The heavy rain has lifted!</small><br></div><div class="spacer battle-history"><br></div><div class="battle-history">Mossy Sandwich withdrew Dhelmise!<br></div><div class="battle-history">Mossy Sandwich sent out Weezing (<strong>Weezing-Galar</strong>)!<br></div><div class="spacer battle-history"><br></div><div class="battle-history"><small>Fidelis restored a little HP using its Leftovers!</small><br></div><div class="spacer battle-history"><br></div><h2 class="battle-history">Turn 5</h2><div class="spacer battle-history"><br></div><div class="battle-history">Fidelis used <strong>U-turn</strong>!<br></div><div class="battle-history"><small>It's not very effective...</small><br></div><div class="battle-history"><small>(The opposing Weezing lost 2% of its health!)</small><br></div><div class="spacer battle-history"><br></div><div class="battle-history">Fidelis went back to BlaueBrause!<br></div><div class="battle-history">Go! Louis (<strong>Slowking</strong>)!<br></div><div class="spacer battle-history"><br></div><div class="battle-history">The opposing Weezing used <strong>Aromatherapy</strong>!<br></div><div class="battle-history"><small>A soothing aroma wafted through the area!</small><br></div><div class="battle-history"><small>The opposing Landorus was cured of its poisoning!</small><br></div><div class="battle-history"><small>The opposing Dhelmise was cured of its poisoning!</small><br></div><div class="spacer battle-history"><br></div><div class="battle-history"><small>The opposing Weezing restored a little HP using its Black Sludge!</small><br></div><div class="spacer battle-history"><br></div><h2 class="battle-history">Turn 6</h2><div class="spacer battle-history"><br></div><div class="battle-history">Mossy Sandwich withdrew Weezing!<br></div><div class="battle-history">Mossy Sandwich sent out <strong>Blissey</strong>!<br></div><div class="spacer battle-history"><br></div><div class="battle-history">Louis used <strong>Teleport</strong>!<br></div><div class="spacer battle-history"><br></div><div class="battle-history">Louis, come back!<br></div><div class="battle-history">Go! Rawr (<strong>Tyranitar</strong>)!<br></div><div class="battle-history">[Rawr's Sand Stream]<br><small>A sandstorm kicked up!</small><br></div><div class="spacer battle-history"><br></div><div class="battle-history"><small>(The sandstorm is raging.)</small><br></div><div class="battle-history"><small>The opposing Blissey is buffeted by the sandstorm!</small><br></div><div class="spacer battle-history"><br></div><h2 class="battle-history">Turn 7</h2><div class="spacer battle-history"><br></div><div class="battle-history">Rawr used <strong>Stone Edge</strong>!<br></div><div class="battle-history"><small>(The opposing Blissey lost 77% of its health!)</small><br></div><div class="spacer battle-history"><br></div><div class="battle-history">The opposing Blissey used <strong>Soft-Boiled</strong>!<br></div><div class="battle-history"><small>The opposing Blissey had its HP restored.</small><br></div><div class="spacer battle-history"><br></div><div class="battle-history"><small>(The sandstorm is raging.)</small><br></div><div class="battle-history"><small>The opposing Blissey is buffeted by the sandstorm!</small><br></div><div class="spacer battle-history"><br></div><h2 class="battle-history">Turn 8</h2><div class="spacer battle-history"><br></div><div class="battle-history">Mossy Sandwich withdrew Blissey!<br></div><div class="battle-history">Mossy Sandwich sent out <strong>Kommo-o</strong>!<br></div><div class="spacer battle-history"><br></div><div class="battle-history">Rawr used <strong>Stone Edge</strong>!<br></div><div class="battle-history"><small>It's not very effective...</small><br></div><div class="battle-history"><small>(The opposing Kommo-o lost 39% of its health!)</small><br></div><div class="spacer battle-history"><br></div><div class="battle-history"><small>(The sandstorm is raging.)</small><br></div><div class="battle-history"><small>The opposing Kommo-o is buffeted by the sandstorm!</small><br></div><div class="spacer battle-history"><br></div><h2 class="battle-history">Turn 9</h2><div class="spacer battle-history"><br></div><div class="battle-history">Rawr, come back!<br></div><div class="battle-history">Go! Toxtricroak? (<strong>Toxtricity-Low-Key-Mega</strong>)!<br></div><div class="battle-history">[Toxtricroak?'s Acid Rock]<br><small>The opposing Kommo-o was poisoned!</small><br></div><div class="spacer battle-history"><br></div><div class="battle-history">The opposing Kommo-o used <strong>Drain Punch</strong>!<br></div><div class="battle-history"><small>It's not very effective...</small><br></div><div class="battle-history"><small>(Toxtricroak? lost 13% of its health!)</small><br></div><div class="battle-history"><small>Toxtricroak? had its energy drained!</small><br></div><div class="spacer battle-history"><br></div><div class="battle-history"><small>(The sandstorm is raging.)</small><br></div><div class="battle-history"><small>The opposing Kommo-o is buffeted by the sandstorm!</small><br></div><div class="battle-history"><small>Toxtricroak? is buffeted by the sandstorm!</small><br></div><div class="battle-history"><small>The opposing Kommo-o was hurt by poison!</small><br></div><div class="spacer battle-history"><br></div><h2 class="battle-history">Turn 10</h2><div class="spacer battle-history"><br></div><div class="battle-history">Mossy Sandwich withdrew Kommo-o!<br></div><div class="battle-history">Mossy Sandwich sent out Weezing (<strong>Weezing-Galar</strong>)!<br></div><div class="spacer battle-history"><br></div><div class="battle-history">Toxtricroak?, come back!<br></div><div class="battle-history">Go! Louis (<strong>Slowking</strong>)!<br></div><div class="spacer battle-history"><br></div><div class="battle-history"><small>The sandstorm subsided.</small><br></div><div class="spacer battle-history"><br></div><h2 class="battle-history">Turn 11</h2><div class="spacer battle-history"><br></div><div class="battle-history">Mossy Sandwich withdrew Weezing!<br></div><div class="battle-history">Mossy Sandwich sent out <strong>Greninja</strong>!<br></div><div class="spacer battle-history"><br></div><div class="battle-history">Louis used <strong>Future Sight</strong>!<br></div><div class="battle-history"><small>Louis foresaw an attack!</small><br></div><div class="spacer battle-history"><br></div><h2 class="battle-history">Turn 12</h2><div class="spacer battle-history"><br></div><div class="battle-history">The opposing Greninja used <strong>Spikes</strong>!<br></div><div class="battle-history"><small>Spikes were scattered on the ground all around your team!</small><br></div><div class="spacer battle-history"><br></div><div class="battle-history">Louis used <strong>Teleport</strong>!<br></div><div class="spacer battle-history"><br></div><div class="battle-history">Louis, come back!<br></div><div class="battle-history">Go! Rawr (<strong>Tyranitar</strong>)!<br></div><div class="battle-history"><small>Rawr was hurt by the spikes!</small><br></div><div class="battle-history">[Rawr's Sand Stream]<br><small>A sandstorm kicked up!</small><br></div><div class="spacer battle-history"><br></div><div class="battle-history"><small>(The sandstorm is raging.)</small><br></div><div class="battle-history"><small>The opposing Greninja is buffeted by the sandstorm!</small><br></div><div class="spacer battle-history"><br></div><h2 class="battle-history">Turn 13</h2><div class="spacer battle-history"><br></div><div class="battle-history"><small>(The opposing Greninja is being withdrawn...)</small><br></div><div class="spacer battle-history"><br></div><div class="battle-history">Rawr used <strong>Pursuit</strong>!<br></div><div class="battle-history"><small>It's not very effective...</small><br></div><div class="battle-history"><small>(The opposing Greninja lost 56% of its health!)</small><br></div><div class="spacer battle-history"><br></div><div class="battle-history">Mossy Sandwich withdrew Greninja!<br></div><div class="battle-history">Mossy Sandwich sent out Weezing (<strong>Weezing-Galar</strong>)!<br></div><div class="spacer battle-history"><br></div><div class="battle-history"><small>(The sandstorm is raging.)</small><br></div><div class="battle-history"><small>The opposing Weezing is buffeted by the sandstorm!</small><br></div><div class="battle-history"><small>The opposing Weezing took the Future Sight attack!</small><br></div><div class="battle-history"><small>It's super effective!</small><br></div><div class="battle-history"><small>(The opposing Weezing lost 95% of its health!)</small><br></div><div class="spacer battle-history"><br></div><div class="battle-history">The opposing Weezing fainted!<br></div><div class="chat chatmessage-souldewlatias"><strong style="color:#bd4b55"><small> </small><span class="username" data-name="Soul Dew Latias">Soul Dew Latias</span>:</strong> <em>...</em></div><div class="spacer battle-history"><br></div><div class="battle-history">Mossy Sandwich sent out Dhelmise (<strong>Dhelmise-Mega</strong>)!<br></div><div class="battle-history">[The opposing Dhelmise's Primordial Sea]<br><small>A heavy rain began to fall!</small><br></div><div class="spacer battle-history"><br></div><h2 class="battle-history">Turn 14</h2><div class="chat chatmessage-vizarpkmn"><strong style="color:#4f78c0"><small> </small><span class="username" data-name="ViZarPKMN">ViZarPKMN</span>:</strong> <em>whats wrong?</em></div><div class="chat chatmessage-mossysandwich"><strong style="color:#ba49a2"><small>☆</small><span class="username" data-name="Mossy Sandwich">Mossy Sandwich</span>:</strong> <em>Wait shit</em></div><div class="chat chatmessage-mossysandwich"><strong style="color:#ba49a2"><small>☆</small><span class="username" data-name="Mossy Sandwich">Mossy Sandwich</span>:</strong> <em>When did nerf go through?</em></div><div class="spacer battle-history"><br></div><div class="battle-history">Rawr, come back!<br></div><div class="battle-history">Go! Toxtricroak? (<strong>Toxtricity-Low-Key-Mega</strong>)!<br></div><div class="battle-history"><small>Toxtricroak? was hurt by the spikes!</small><br></div><div class="battle-history">[Toxtricroak?'s Acid Rock]<br></div><div class="battle-history"><small>It doesn't affect the opposing Dhelmise...</small><br></div><div class="spacer battle-history"><br></div><div class="battle-history">The opposing Dhelmise used <strong>Flip Turn</strong>!<br></div><div class="battle-history"><small>(Toxtricroak? lost 34% of its health!)</small><br></div><div class="spacer battle-history"><br></div><div class="battle-history"><small>The heavy rain has lifted!</small><br></div><div class="spacer battle-history"><br></div><div class="battle-history">Mossy Sandwich withdrew Dhelmise!<br></div><div class="battle-history">Mossy Sandwich sent out <strong>Greninja</strong>!<br></div><div class="spacer battle-history"><br></div><h2 class="battle-history">Turn 15</h2><div class="spacer battle-history"><br></div><div class="battle-history">Toxtricroak?, come back!<br></div><div class="battle-history">Go! Louis (<strong>Slowking</strong>)!<br></div><div class="spacer battle-history"><br></div><div class="battle-history">The opposing Greninja used <strong>Hydro Pump</strong>!<br></div><div class="battle-history"><small>It's not very effective...</small><br></div><div class="battle-history"><small>(Louis lost 22% of its health!)</small><br></div><div class="spacer battle-history"><br></div><h2 class="battle-history">Turn 16</h2><div class="spacer battle-history"><br></div><div class="battle-history">Mossy Sandwich withdrew Greninja!<br></div><div class="battle-history">Mossy Sandwich sent out <strong>Kommo-o</strong>!<br></div><div class="spacer battle-history"><br></div><div class="battle-history">Louis used <strong>Future Sight</strong>!<br></div><div class="battle-history"><small>Louis foresaw an attack!</small><br></div><div class="spacer battle-history"><br></div><div class="battle-history"><small>The opposing Kommo-o was hurt by poison!</small><br></div><div class="spacer battle-history"><br></div><h2 class="battle-history">Turn 17</h2><div class="spacer battle-history"><br></div><div class="battle-history"><small>The opposing Kommo-o surrounded itself with its Z-Power!</small><br></div><div class="spacer battle-history"><br></div><div class="battle-history"><small>The opposing Kommo-o unleashes its full-force Z-Move!</small><br>The opposing Kommo-o used <strong>Clangorous Soulblaze</strong>!<br></div><div class="battle-history"><small>(Louis lost 48% of its health!)</small><br></div><div class="battle-history"><small>The opposing Kommo-o's Attack rose!</small><br></div><div class="battle-history"><small>The opposing Kommo-o's Defense rose!</small><br></div><div class="battle-history"><small>The opposing Kommo-o's Sp. Atk rose!</small><br></div><div class="battle-history"><small>The opposing Kommo-o's Sp. Def rose!</small><br></div><div class="battle-history"><small>The opposing Kommo-o's Speed rose!</small><br></div><div class="spacer battle-history"><br></div><div class="battle-history">Louis used <strong>Teleport</strong>!<br></div><div class="spacer battle-history"><br></div><div class="battle-history">Louis, come back!<br></div><div class="battle-history">Go! Divine Blades (<strong>Kartana</strong>)!<br></div><div class="battle-history"><small>Divine Blades was hurt by the spikes!</small><br></div><div class="spacer battle-history"><br></div><div class="battle-history"><small>The opposing Kommo-o was hurt by poison!</small><br></div><div class="spacer battle-history"><br></div><h2 class="battle-history">Turn 18</h2><div class="spacer battle-history"><br></div><div class="battle-history">Divine Blades used <strong>Smart Strike</strong>!<br></div><div class="battle-history"><small>(The opposing Kommo-o lost 20% of its health!)</small><br></div><div class="spacer battle-history"><br></div><div class="battle-history">The opposing Kommo-o fainted!<br></div><div class="battle-history">[Divine Blades's Beast Boost]<br></div><div class="battle-history"><small>Divine Blades's Attack rose!</small><br></div><div class="spacer battle-history"><br></div><div class="battle-history"><small>(Future Sight did not hit because the target is the user.)</small><br></div><div class="spacer battle-history"><br></div><div class="battle-history">Mossy Sandwich sent out Dhelmise (<strong>Dhelmise-Mega</strong>)!<br></div><div class="battle-history">[The opposing Dhelmise's Primordial Sea]<br><small>A heavy rain began to fall!</small><br></div><div class="spacer battle-history"><br></div><h2 class="battle-history">Turn 19</h2><div class="spacer battle-history"><br></div><div class="battle-history">Divine Blades used <strong>Smart Strike</strong>!<br></div><div class="battle-history"><small>It's not very effective...</small><br></div><div class="battle-history"><small>(The opposing Dhelmise lost 28% of its health!)</small><br></div><div class="spacer battle-history"><br></div><div class="battle-history">The opposing Dhelmise used <strong>Flip Turn</strong>!<br></div><div class="battle-history"><small>It's not very effective...</small><br></div><div class="battle-history"><small>(Divine Blades lost 19% of its health!)</small><br></div><div class="spacer battle-history"><br></div><div class="battle-history"><small>The heavy rain has lifted!</small><br></div><div class="spacer battle-history"><br></div><div class="battle-history">Mossy Sandwich withdrew Dhelmise!<br></div><div class="battle-history">Mossy Sandwich sent out Landorus (<strong>Landorus-Therian</strong>)!<br></div><div class="battle-history">[The opposing Landorus's Intimidate]<br></div><div class="battle-history"><small>Divine Blades's Attack fell!</small><br></div><div class="spacer battle-history"><br></div><h2 class="battle-history">Turn 20</h2><div class="spacer battle-history"><br></div><div class="battle-history">Divine Blades, come back!<br></div><div class="battle-history">Go! Fidelis (<strong>Corviknight</strong>)!<br></div><div class="battle-history">[Fidelis's Pressure]<br><small>Fidelis is exerting its pressure!</small><br></div><div class="spacer battle-history"><br></div><div class="battle-history">The opposing Landorus used <strong>U-turn</strong>!<br></div><div class="battle-history"><small>It's not very effective...</small><br></div><div class="battle-history"><small>(Fidelis lost 4% of its health!)</small><br></div><div class="spacer battle-history"><br></div><div class="battle-history">The opposing Landorus went back to Mossy Sandwich!<br></div><div class="battle-history">Mossy Sandwich sent out <strong>Blissey</strong>!<br></div><div class="spacer battle-history"><br></div><div class="battle-history"><small>Fidelis restored a little HP using its Leftovers!</small><br></div><div class="spacer battle-history"><br></div><h2 class="battle-history">Turn 21</h2><div class="spacer battle-history"><br></div><div class="battle-history">Fidelis used <strong>U-turn</strong>!<br></div><div class="battle-history"><small>(The opposing Blissey lost 13% of its health!)</small><br></div><div class="spacer battle-history"><br></div><div class="battle-history">Fidelis went back to BlaueBrause!<br></div><div class="battle-history">Go! Rawr (<strong>Tyranitar</strong>)!<br></div><div class="battle-history"><small>Rawr was hurt by the spikes!</small><br></div><div class="battle-history">[Rawr's Sand Stream]<br><small>A sandstorm kicked up!</small><br></div><div class="spacer battle-history"><br></div><div class="battle-history">The opposing Blissey used <strong>Soft-Boiled</strong>!<br></div><div class="battle-history"><small>The opposing Blissey had its HP restored.</small><br></div><div class="spacer battle-history"><br></div><div class="battle-history"><small>(The sandstorm is raging.)</small><br></div><div class="battle-history"><small>The opposing Blissey is buffeted by the sandstorm!</small><br></div><div class="spacer battle-history"><br></div><h2 class="battle-history">Turn 22</h2><div class="spacer battle-history"><br></div><div class="battle-history">Mossy Sandwich withdrew Blissey!<br></div><div class="battle-history">Mossy Sandwich sent out Landorus (<strong>Landorus-Therian</strong>)!<br></div><div class="battle-history">[The opposing Landorus's Intimidate]<br></div><div class="battle-history"><small>Rawr's Attack fell!</small><br></div><div class="spacer battle-history"><br></div><div class="battle-history">Rawr used <strong>Crunch</strong>!<br></div><div class="battle-history"><small>(The opposing Landorus lost 56% of its health!)</small><br></div><div class="spacer battle-history"><br></div><div class="battle-history"><small>(The sandstorm is raging.)</small><br></div><div class="spacer battle-history"><br></div><h2 class="battle-history">Turn 23</h2><div class="spacer battle-history"><br></div><div class="battle-history">Rawr, come back!<br></div><div class="battle-history">Go! Fidelis (<strong>Corviknight</strong>)!<br></div><div class="battle-history">[Fidelis's Pressure]<br><small>Fidelis is exerting its pressure!</small><br></div><div class="spacer battle-history"><br></div><div class="battle-history">The opposing Landorus used <strong>U-turn</strong>!<br></div><div class="battle-history"><small>It's not very effective...</small><br></div><div class="battle-history"><small>A critical hit!</small><br></div><div class="battle-history"><small>(Fidelis lost 6% of its health!)</small><br></div><div class="spacer battle-history"><br></div><div class="battle-history">The opposing Landorus went back to Mossy Sandwich!<br></div><div class="battle-history">Mossy Sandwich sent out Dhelmise (<strong>Dhelmise-Mega</strong>)!<br></div><div class="battle-history">[The opposing Dhelmise's Primordial Sea]<br><small>A heavy rain began to fall!</small><br></div><div class="spacer battle-history"><br></div><div class="battle-history"><small>Fidelis restored a little HP using its Leftovers!</small><br></div><div class="spacer battle-history"><br></div><h2 class="battle-history">Turn 24</h2><div class="spacer battle-history"><br></div><div class="battle-history">Fidelis used <strong>Brave Bird</strong>!<br></div><div class="battle-history"><small>It's not very effective...</small><br></div><div class="battle-history"><small>(The opposing Dhelmise lost 15% of its health!)</small><br></div><div class="battle-history"><small>Fidelis was damaged by the recoil!</small><br></div><div class="spacer battle-history"><br></div><div class="battle-history">The opposing Dhelmise used <strong>Substitute</strong>!<br></div><div class="battle-history"><small>But it does not have enough HP left to make a substitute!</small><br></div><div class="spacer battle-history"><br></div><div class="battle-history"><small>Fidelis restored a little HP using its Leftovers!</small><br></div><div class="spacer battle-history"><br></div><h2 class="battle-history">Turn 25</h2><div class="spacer battle-history"><br></div><div class="battle-history"><small>The heavy rain has lifted!</small><br></div><div class="spacer battle-history"><br></div><div class="battle-history">Mossy Sandwich withdrew Dhelmise!<br></div><div class="battle-history">Mossy Sandwich sent out <strong>Blissey</strong>!<br></div><div class="spacer battle-history"><br></div><div class="battle-history">Fidelis used <strong>Brave Bird</strong>!<br></div><div class="battle-history"><small>(The opposing Blissey lost 34% of its health!)</small><br></div><div class="battle-history"><small>Fidelis was damaged by the recoil!</small><br></div><div class="spacer battle-history"><br></div><div class="battle-history"><small>Fidelis restored a little HP using its Leftovers!</small><br></div><div class="spacer battle-history"><br></div><h2 class="battle-history">Turn 26</h2><div class="spacer battle-history"><br></div><div class="battle-history">Fidelis used <strong>Defog</strong>!<br></div><div class="battle-history"><small>The opposing Blissey's evasiveness fell!</small><br></div><div class="battle-history"><small>The spikes disappeared from the ground around your team!</small><br></div><div class="spacer battle-history"><br></div><div class="battle-history">The opposing Blissey used <strong>Wish</strong>!<br></div><div class="spacer battle-history"><br></div><div class="battle-history"><small>Fidelis restored a little HP using its Leftovers!</small><br></div><div class="spacer battle-history"><br></div><h2 class="battle-history">Turn 27</h2><div class="spacer battle-history"><br></div><div class="battle-history">Mossy Sandwich withdrew Blissey!<br></div><div class="battle-history">Mossy Sandwich sent out Dhelmise (<strong>Dhelmise-Mega</strong>)!<br></div><div class="battle-history">[The opposing Dhelmise's Primordial Sea]<br><small>A heavy rain began to fall!</small><br></div><div class="spacer battle-history"><br></div><div class="battle-history">Fidelis used <strong>U-turn</strong>!<br></div><div class="battle-history"><small>It's not very effective...</small><br></div><div class="battle-history"><small>(The opposing Dhelmise lost 4% of its health!)</small><br></div><div class="spacer battle-history"><br></div><div class="battle-history">Fidelis went back to BlaueBrause!<br></div><div class="battle-history">Go! Rawr (<strong>Tyranitar</strong>)!<br></div><div class="battle-history">[Rawr's Sand Stream]<br><small>There is no relief from this heavy rain!</small><br></div><div class="spacer battle-history"><br></div><div class="battle-history"><small>Blissey's wish came true!</small><br></div><div class="spacer battle-history"><br></div><h2 class="battle-history">Turn 28</h2><div class="spacer battle-history"><br></div><div class="battle-history">Rawr used <strong>Crunch</strong>!<br></div><div class="battle-history"><small>It's super effective!</small><br></div><div class="battle-history"><small>(The opposing Dhelmise lost 100% of its health!)</small><br></div><div class="spacer battle-history"><br></div><div class="battle-history">The opposing Dhelmise fainted!<br></div><div class="battle-history"><small>The heavy rain has lifted!</small><br></div><div class="spacer battle-history"><br></div><div class="battle-history">Mossy Sandwich sent out <strong>Greninja</strong>!<br></div><div class="spacer battle-history"><br></div><h2 class="battle-history">Turn 29</h2><div class="spacer battle-history"><br></div><div class="battle-history">Rawr, come back!<br></div><div class="battle-history">Go! Toxtricroak? (<strong>Toxtricity-Low-Key-Mega</strong>)!<br></div><div class="battle-history">[Toxtricroak?'s Acid Rock]<br><small>The opposing Greninja was poisoned!</small><br></div><div class="spacer battle-history"><br></div><div class="battle-history">The opposing Greninja used <strong>Hydro Pump</strong>!<br></div><div class="battle-history"><small>(Toxtricroak? lost 34% of its health!)</small><br></div><div class="spacer battle-history"><br></div><div class="battle-history">Toxtricroak? fainted!<br></div><div class="battle-history">[The opposing Greninja's Battle Bond]<br><small>The opposing Greninja became fully charged due to its bond with its Trainer!</small><br></div><div class="battle-history">The opposing Greninja became Ash-Greninja!<br></div><div class="spacer battle-history"><br></div><div class="battle-history"><small>The opposing Greninja was hurt by poison!</small><br></div><div class="spacer battle-history"><br></div><div class="battle-history">Go! Divine Blades (<strong>Kartana</strong>)!<br></div><div class="spacer battle-history"><br></div><h2 class="battle-history">Turn 30</h2><div class="spacer battle-history"><br></div><div class="battle-history">Mossy Sandwich withdrew Greninja!<br></div><div class="battle-history">Mossy Sandwich sent out <strong>Blissey</strong>!<br></div><div class="spacer battle-history"><br></div><div class="battle-history">Divine Blades used <strong>Leaf Blade</strong>!<br></div><div class="battle-history"><small>(The opposing Blissey lost 54% of its health!)</small><br></div><div class="spacer battle-history"><br></div><h2 class="battle-history">Turn 31</h2><div class="spacer battle-history"><br></div><div class="battle-history">Divine Blades used <strong>Leaf Blade</strong>!<br></div><div class="battle-history"><small>(The opposing Blissey lost 4% of its health!)</small><br></div><div class="spacer battle-history"><br></div><div class="battle-history">The opposing Blissey fainted!<br></div><div class="battle-history">[Divine Blades's Beast Boost]<br></div><div class="battle-history"><small>Divine Blades's Attack rose!</small><br></div><div class="spacer battle-history"><br></div><div class="battle-history">Mossy Sandwich sent out Greninja (<strong>Greninja-Ash</strong>)!<br></div><div class="spacer battle-history"><br></div><h2 class="battle-history">Turn 32</h2><div class="spacer battle-history"><br></div><div class="battle-history">Divine Blades, come back!<br></div><div class="battle-history">Go! Rawr (<strong>Tyranitar</strong>)!<br></div><div class="battle-history">[Rawr's Sand Stream]<br><small>A sandstorm kicked up!</small><br></div><div class="spacer battle-history"><br></div><div class="battle-history">The opposing Greninja used <strong>Water Shuriken</strong>!<br></div><div class="battle-history"><small>It's super effective!</small><br></div><div class="battle-history"><small>(Rawr lost 20% of its health!)</small><br></div><div class="battle-history"><small>It's super effective!</small><br></div><div class="battle-history"><small>(Rawr lost 20% of its health!)</small><br></div><div class="battle-history"><small>It's super effective!</small><br></div><div class="battle-history"><small>(Rawr lost 19% of its health!)</small><br></div><div class="battle-history"><small>The Pokémon was hit 3 times!</small><br></div><div class="spacer battle-history"><br></div><div class="battle-history"><small>(The sandstorm is raging.)</small><br></div><div class="battle-history"><small>The opposing Greninja is buffeted by the sandstorm!</small><br></div><div class="battle-history"><small>The opposing Greninja was hurt by poison!</small><br></div><div class="spacer battle-history"><br></div><h2 class="battle-history">Turn 33</h2><div class="spacer battle-history"><br></div><div class="battle-history">The opposing Greninja used <strong>Water Shuriken</strong>!<br></div><div class="battle-history"><small>It's super effective!</small><br></div><div class="battle-history"><small>(Rawr lost 17% of its health!)</small><br></div><div class="battle-history"><small>The Pokémon was hit 1 time!</small><br></div><div class="spacer battle-history"><br></div><div class="battle-history">Rawr fainted!<br></div><div class="spacer battle-history"><br></div><div class="battle-history"><small>(The sandstorm is raging.)</small><br></div><div class="battle-history"><small>The opposing Greninja is buffeted by the sandstorm!</small><br></div><div class="battle-history"><small>The opposing Greninja was hurt by poison!</small><br></div><div class="spacer battle-history"><br></div><div class="battle-history">The opposing Greninja fainted!<br></div><div class="chat chatmessage-mossysandwich"><strong style="color:#ba49a2"><small>☆</small><span class="username" data-name="Mossy Sandwich">Mossy Sandwich</span>:</strong> <em>gg</em></div><div class="chat chatmessage-blauebrause"><strong style="color:#6b66e4"><small>☆</small><span class="username" data-name="BlaueBrause">BlaueBrause</span>:</strong> <em>gg</em></div><div class="spacer battle-history"><br></div><div class="battle-history">Mossy Sandwich sent out Landorus (<strong>Landorus-Therian</strong>)!<br></div><div class="spacer battle-history"><br></div><div class="battle-history">Go! Fidelis (<strong>Corviknight</strong>)!<br></div><div class="battle-history">[The opposing Landorus's Intimidate]<br></div><div class="battle-history"><small>Fidelis's Attack fell!</small><br></div><div class="battle-history">[Fidelis's Pressure]<br><small>Fidelis is exerting its pressure!</small><br></div><div class="spacer battle-history"><br></div><h2 class="battle-history">Turn 34</h2><div class="spacer battle-history"><br></div><div class="battle-history">The opposing Landorus used <strong>Knock Off</strong>!<br></div><div class="battle-history"><small>(Fidelis lost 24% of its health!)</small><br></div><div class="battle-history"><small>The opposing Landorus knocked off Fidelis's Leftovers!</small><br></div><div class="spacer battle-history"><br></div><div class="battle-history">Fidelis used <strong>U-turn</strong>!<br></div><div class="battle-history"><small>It's not very effective...</small><br></div><div class="battle-history"><small>(The opposing Landorus lost 6% of its health!)</small><br></div><div class="spacer battle-history"><br></div><div class="battle-history">Fidelis went back to BlaueBrause!<br></div><div class="battle-history">Go! Divine Blades (<strong>Kartana</strong>)!<br></div><div class="spacer battle-history"><br></div><div class="battle-history"><small>(The sandstorm is raging.)</small><br></div><div class="spacer battle-history"><br></div><h2 class="battle-history">Turn 35</h2><div class="spacer battle-history"><br></div><div class="battle-history">Divine Blades used <strong>Leaf Blade</strong>!<br></div><div class="battle-history"><small>A critical hit!</small><br></div><div class="battle-history"><small>(The opposing Landorus lost 26% of its health!)</small><br></div><div class="spacer battle-history"><br></div><div class="battle-history">The opposing Landorus fainted!<br></div><div class="spacer battle-history"><br></div><div class="battle-history"><strong>BlaueBrause</strong> won the battle!<br></div><div class="chat"><small>☆Mossy Sandwich left</small></div></div><div class="inner-preempt message-log"></div></div></div>
</div>
<script>
let daily = Math.floor(Date.now()/1000/60/60/24);document.write('<script src="https://dragonheaven.herokuapp.com/js/replay-embed.js?version'+daily+'"></'+'script>');
</script>
