<!DOCTYPE html>
<meta charset="utf-8" />
<!-- version 1 -->
<title>[Gen 8] M4A: Mega Spooky Cup replay: H2OPulse vs. SteelixPrismGX</title>
<style>
html,body {font-family:Verdana, sans-serif;font-size:10pt;margin:0;padding:0;}body{padding:12px 0;} .battle-log {font-family:Verdana, sans-serif;font-size:10pt;} .battle-log-inline {border:1px solid #AAAAAA;background:#EEF2F5;color:black;max-width:640px;margin:0 auto 80px;padding-bottom:5px;} .battle-log .inner {padding:4px 8px 0px 8px;} .battle-log .inner-preempt {padding:0 8px 4px 8px;} .battle-log .inner-after {margin-top:0.5em;} .battle-log h2 {margin:0.5em -8px;padding:4px 8px;border:1px solid #AAAAAA;background:#E0E7EA;border-left:0;border-right:0;font-family:Verdana, sans-serif;font-size:13pt;} .battle-log .chat {vertical-align:middle;padding:3px 0 3px 0;font-size:8pt;} .battle-log .chat strong {color:#40576A;} .battle-log .chat em {padding:1px 4px 1px 3px;color:#000000;font-style:normal;} .chat.mine {background:rgba(0,0,0,0.05);margin-left:-8px;margin-right:-8px;padding-left:8px;padding-right:8px;} .spoiler {color:#BBBBBB;background:#BBBBBB;padding:0px 3px;} .spoiler:hover, .spoiler:active, .spoiler-shown {color:#000000;background:#E2E2E2;padding:0px 3px;} .spoiler a {color:#BBBBBB;} .spoiler:hover a, .spoiler:active a, .spoiler-shown a {color:#2288CC;} .chat code, .chat .spoiler:hover code, .chat .spoiler:active code, .chat .spoiler-shown code {border:1px solid #C0C0C0;background:#EEEEEE;color:black;padding:0 2px;} .chat .spoiler code {border:1px solid #CCCCCC;background:#CCCCCC;color:#CCCCCC;} .battle-log .rated {padding:3px 4px;} .battle-log .rated strong {color:white;background:#89A;padding:1px 4px;border-radius:4px;} .spacer {margin-top:0.5em;} .message-announce {background:#6688AA;color:white;padding:1px 4px 2px;} .message-announce a, .broadcast-green a, .broadcast-blue a, .broadcast-red a {color:#DDEEFF;} .broadcast-green {background-color:#559955;color:white;padding:2px 4px;} .broadcast-blue {background-color:#6688AA;color:white;padding:2px 4px;} .infobox {border:1px solid #6688AA;padding:2px 4px;} .infobox-limited {max-height:200px;overflow:auto;overflow-x:hidden;} .broadcast-red {background-color:#AA5544;color:white;padding:2px 4px;} .message-learn-canlearn {font-weight:bold;color:#228822;text-decoration:underline;} .message-learn-cannotlearn {font-weight:bold;color:#CC2222;text-decoration:underline;} .message-effect-weak {font-weight:bold;color:#CC2222;} .message-effect-resist {font-weight:bold;color:#6688AA;} .message-effect-immune {font-weight:bold;color:#666666;} .message-learn-list {margin-top:0;margin-bottom:0;} .message-throttle-notice, .message-error {color:#992222;} .message-overflow, .chat small.message-overflow {font-size:0pt;} .message-overflow::before {font-size:9pt;content:'...';} .subtle {color:#3A4A66;}
</style>
<div class="wrapper replay-wrapper" style="max-width:1180px;margin:0 auto">
<input type="hidden" name="replayid" value="dragonheaven-gen8m4amegaspookycup-5391" />
<div class="battle"></div><div class="battle-log"></div><div class="replay-controls"></div><div class="replay-controls-2"></div>
<h1 style="font-weight:normal;text-align:center"><strong>[Gen 8] M4A: Mega Spooky Cup</strong><br /><a href="http://pokemonshowdown.com/users/h2opulse" class="subtle" target="_blank">H2OPulse</a> vs. <a href="http://pokemonshowdown.com/users/steelixprismgx" class="subtle" target="_blank">SteelixPrismGX</a></h1>
<script type="text/plain" class="battle-log-data">|j|☆H2OPulse


|j|☆SteelixPrismGX


|player|p1|H2OPulse|aetherfoundation|


|player|p2|SteelixPrismGX|winona|
|teamsize|p1|6
|teamsize|p2|6
|gametype|singles
|gen|8
|tier|[Gen 8] M4A: Mega Spooky Cup
|clearpoke
|poke|p1|Vileplume, F|
|poke|p1|Gliscor, M|
|poke|p1|Hydreigon, F|
|poke|p1|Delphox, M|
|poke|p1|Bisharp, F|
|poke|p1|Araquanid, M|
|poke|p2|Aegislash, M|
|poke|p2|Clefable, F|
|poke|p2|Gliscor, M|
|poke|p2|Hydreigon, M|
|poke|p2|Scolipede, M|
|poke|p2|Toxapex, M|
|rule|HP Percentage Mod: HP is shown in percentages
|rule|Endless Battle Clause: Forcing endless battles is banned
|rule|OHKO Clause: OHKO moves are banned
|rule|Evasion Moves Clause: Evasion moves are banned
|rule|Species Clause: Limit one of each Pokémon
|rule|Dynamax Clause: You cannot dynamax
|rule|Sleep Clause Mod: Limit one foe put to sleep
|teampreview


|j| aausma


|inactive|Battle timer is ON: inactive players will automatically lose when time's up. (requested by SteelixPrismGX)

|inactive|Time left: 300 sec this turn | 300 sec total | 60 sec grace

|inactiveoff|Battle timer is now OFF.


|c|☆H2OPulse|Hi! Good luck and have fun!


|c|☆SteelixPrismGX|hello


|c|☆H2OPulse|~~(and disclaimer: I will not be a very formidable opponent)~~


|
|start
|switch|p1a: Spilly|Araquanid, M|294\/294
|switch|p2a: Gliscor|Gliscor, M, shiny|100\/100
|turn|1


|
|move|p2a: Gliscor|Stealth Rock|p1a: Spilly
|-sidestart|p1: H2OPulse|move: Stealth Rock
|move|p1a: Spilly|Liquidation|p2a: Gliscor
|-supereffective|p2a: Gliscor
|-damage|p2a: Gliscor|0 fnt
|faint|p2a: Gliscor
|
|upkeep


|
|switch|p2a: Toxapex|Toxapex, M|100\/100
|turn|2


|
|move|p1a: Spilly|Sticky Web|p2a: Toxapex
|-sidestart|p2: SteelixPrismGX|move: Sticky Web
|move|p2a: Toxapex|Scald|p1a: Spilly
|-resisted|p1a: Spilly
|-damage|p1a: Spilly|273\/294
|
|upkeep
|turn|3


|c|☆SteelixPrismGX|i.. uh... i... what?


|
|switch|p1a: Raffles|Vileplume, F|354\/354
|-damage|p1a: Raffles|310\/354|[from] Stealth Rock
|move|p2a: Toxapex|Knock Off|p1a: Raffles
|-damage|p1a: Raffles|266\/354
|-enditem|p1a: Raffles|Black Sludge|[from] move: Knock Off|[of] p2a: Toxapex
|
|upkeep
|turn|4


|c|☆H2OPulse|?


|c|☆SteelixPrismGX|i dont know


|
|switch|p2a: Hydreigon|Hydreigon, M|100\/100
|move|p1a: Raffles|Swords Dance|p1a: Raffles
|-boost|p1a: Raffles|atk|2
|
|upkeep
|turn|5


|c|☆SteelixPrismGX|oh no


|c|☆H2OPulse|oh I can't really threaten this anyway to be fair haha


|
|move|p2a: Hydreigon|Defog|p1a: Raffles
|-unboost|p1a: Raffles|evasion|1
|-sideend|p1: H2OPulse|Stealth Rock|[from] move: Defog|[of] p2a: Hydreigon
|-sideend|p2: SteelixPrismGX|Sticky Web|[from] move: Defog|[of] p2a: Hydreigon
|move|p1a: Raffles|Seed Bomb|p2a: Hydreigon
|-resisted|p2a: Hydreigon
|-damage|p2a: Hydreigon|74\/100
|
|upkeep
|turn|6


|c|☆SteelixPrismGX|phew


|c|☆H2OPulse|case in point


|c|☆H2OPulse|no moves it doesn't resist :')


|
|switch|p2a: Aegislash|Aegislash, M, shiny|100\/100
|move|p1a: Raffles|Swords Dance|p1a: Raffles
|-boost|p1a: Raffles|atk|2
|
|upkeep
|turn|7


|
|move|p2a: Aegislash|King's Shield|p2a: Aegislash
|-singleturn|p2a: Aegislash|Protect
|move|p1a: Raffles|Seed Bomb|p2a: Aegislash
|-activate|p2a: Aegislash|move: Protect
|
|upkeep
|turn|8


|
|move|p1a: Raffles|Seed Bomb|p2a: Aegislash
|-resisted|p2a: Aegislash
|-damage|p2a: Aegislash|74\/100
|-formechange|p2a: Aegislash|Aegislash-Blade||[from] ability: Stance Change
|move|p2a: Aegislash|Shadow Ball|p1a: Raffles
|-damage|p1a: Raffles|91\/354
|
|-heal|p2a: Aegislash|80\/100|[from] item: Leftovers
|upkeep
|turn|9


|
|-formechange|p2a: Aegislash|Aegislash||[from] ability: Stance Change
|move|p2a: Aegislash|King's Shield|p2a: Aegislash
|-singleturn|p2a: Aegislash|Protect
|move|p1a: Raffles|Strength Sap|p2a: Aegislash
|-unboost|p2a: Aegislash|atk|1
|-heal|p1a: Raffles|227\/354
|
|-heal|p2a: Aegislash|86\/100|[from] item: Leftovers
|upkeep
|turn|10


|
|switch|p1a: Sword Lily|Bisharp, F|334\/334
|-formechange|p2a: Aegislash|Aegislash-Blade||[from] ability: Stance Change
|move|p2a: Aegislash|Shadow Ball|p1a: Sword Lily
|-resisted|p1a: Sword Lily
|-damage|p1a: Sword Lily|229\/334
|
|-heal|p2a: Aegislash|92\/100|[from] item: Leftovers
|upkeep
|turn|11


|
|-formechange|p2a: Aegislash|Aegislash||[from] ability: Stance Change
|move|p2a: Aegislash|King's Shield|p2a: Aegislash
|-singleturn|p2a: Aegislash|Protect
|move|p1a: Sword Lily|Knock Off|p2a: Aegislash
|-activate|p2a: Aegislash|move: Protect
|-unboost|p1a: Sword Lily|atk|1
|-ability|p1a: Sword Lily|Defiant
|-boost|p1a: Sword Lily|atk|2
|
|-heal|p2a: Aegislash|98\/100|[from] item: Leftovers
|upkeep
|turn|12


|c|☆H2OPulse|Heheh


|c|☆SteelixPrismGX|oh crap


|
|switch|p2a: Toxapex|Toxapex, M|100\/100
|move|p1a: Sword Lily|Knock Off|p2a: Toxapex
|-damage|p2a: Toxapex|31\/100
|-enditem|p2a: Toxapex|Black Sludge|[from] move: Knock Off|[of] p1a: Sword Lily
|
|upkeep
|turn|13


|c|☆SteelixPrismGX|great


|
|switch|p2a: Aegislash|Aegislash, M, shiny|98\/100
|move|p1a: Sword Lily|Knock Off|p2a: Aegislash
|-supereffective|p2a: Aegislash
|-damage|p2a: Aegislash|0 fnt
|-enditem|p2a: Aegislash|Leftovers|[from] move: Knock Off|[of] p1a: Sword Lily
|faint|p2a: Aegislash
|
|upkeep


|
|switch|p2a: Scolipede|Scolipede, M, shiny|100\/100
|turn|14


|
|move|p1a: Sword Lily|Sucker Punch|p2a: Scolipede
|-damage|p2a: Scolipede|0 fnt
|faint|p2a: Scolipede
|
|upkeep


|
|switch|p2a: Clefable|Clefable, F|100\/100
|turn|15


|
|detailschange|p2a: Clefable|Clefable-Mega, F
|-mega|p2a: Clefable|Clefable|Clefabite
|move|p2a: Clefable|Flamethrower|p1a: Sword Lily
|-supereffective|p1a: Sword Lily
|-damage|p1a: Sword Lily|0 fnt
|faint|p1a: Sword Lily
|
|upkeep


|c|☆SteelixPrismGX|finally


|c|☆H2OPulse|Fair :'D


|
|switch|p1a: Spilly|Araquanid, M|273\/294
|turn|16


|
|switch|p2a: Hydreigon|Hydreigon, M|74\/100
|move|p1a: Spilly|Toxic|p2a: Hydreigon
|-status|p2a: Hydreigon|tox
|
|-damage|p2a: Hydreigon|68\/100 tox|[from] psn
|upkeep
|turn|17


|
|move|p2a: Hydreigon|Draco Meteor|p1a: Spilly
|-damage|p1a: Spilly|80\/294
|-unboost|p2a: Hydreigon|spa|2
|move|p1a: Spilly|Leech Life|p2a: Hydreigon
|-supereffective|p2a: Hydreigon
|-damage|p2a: Hydreigon|1\/100 tox
|-heal|p1a: Spilly|189\/294|[from] drain|[of] p2a: Hydreigon
|
|-damage|p2a: Hydreigon|0 fnt|[from] psn
|faint|p2a: Hydreigon
|upkeep


|c|☆SteelixPrismGX|now i basically have 0 way to beat you now


|
|switch|p2a: Clefable|Clefable-Mega, F|100\/100
|turn|18


|
|move|p2a: Clefable|Nasty Plot|p2a: Clefable
|-boost|p2a: Clefable|spa|2
|move|p1a: Spilly|Toxic|p2a: Clefable
|-status|p2a: Clefable|tox
|
|-damage|p2a: Clefable|94\/100 tox|[from] psn
|upkeep
|turn|19


|
|move|p2a: Clefable|Moonblast|p1a: Spilly
|-damage|p1a: Spilly|0 fnt
|faint|p1a: Spilly
|
|-damage|p2a: Clefable|82\/100 tox|[from] psn
|upkeep


|
|switch|p1a: Raffles|Vileplume, F|227\/354
|turn|20


|c|☆H2OPulse|To be fair that's pretty concerning


|c|☆H2OPulse|I may well still lose :'D


|
|switch|p1a: Glove|Delphox, M|354\/354
|move|p2a: Clefable|Flamethrower|p1a: Glove
|-resisted|p1a: Glove
|-damage|p1a: Glove|232\/354
|
|-damage|p2a: Clefable|64\/100 tox|[from] psn
|upkeep
|turn|21


|
|move|p1a: Glove|Wish|p1a: Glove
|move|p2a: Clefable|Moonblast|p1a: Glove
|-resisted|p1a: Glove
|-damage|p1a: Glove|41\/354
|
|-damage|p2a: Clefable|39\/100 tox|[from] psn
|upkeep
|turn|22


|
|move|p1a: Glove|Overheat|p2a: Clefable
|-damage|p2a: Clefable|0 fnt
|-unboost|p1a: Glove|spa|2
|-enditem|p1a: Glove|Eject Pack
|faint|p2a: Clefable


|
|switch|p1a: Raffles|Vileplume, F|227\/354
|
|-heal|p1a: Raffles|354\/354|[from] move: Wish|[wisher] Glove
|upkeep


|c|☆SteelixPrismGX|i am so dissapointed rn


|
|switch|p2a: Toxapex|Toxapex, M|64\/100
|turn|23


|c|☆H2OPulse|I'm sorry D:


|
|move|p1a: Raffles|Swords Dance|p1a: Raffles
|-boost|p1a: Raffles|atk|2
|move|p2a: Toxapex|Knock Off|p1a: Raffles
|-damage|p1a: Raffles|326\/354
|
|upkeep
|turn|24


|c|☆SteelixPrismGX|i thought clefable would outspeed delphox.


|c|☆SteelixPrismGX|it did not.


|
|move|p1a: Raffles|Swords Dance|p1a: Raffles
|-boost|p1a: Raffles|atk|2
|move|p2a: Toxapex|Scald|p1a: Raffles
|-resisted|p1a: Raffles
|-damage|p1a: Raffles|297\/354
|
|upkeep
|turn|25


|c|☆H2OPulse|(that actually... also surprised me a lot! are you Modest maybe?)


|
|move|p1a: Raffles|Seed Bomb|p2a: Toxapex
|-damage|p2a: Toxapex|11\/100
|move|p2a: Toxapex|Scald|p1a: Raffles
|-resisted|p1a: Raffles
|-damage|p1a: Raffles|264\/354
|-status|p1a: Raffles|brn
|
|-damage|p1a: Raffles|242\/354 brn|[from] brn
|upkeep
|turn|26


|
|move|p1a: Raffles|Seed Bomb|p2a: Toxapex
|-damage|p2a: Toxapex|0 fnt
|faint|p2a: Toxapex
|
|win|H2OPulse


|c|☆H2OPulse|Good game!!!


|c|☆SteelixPrismGX|gg
</script>
</div>
<div class="battle-log battle-log-inline"><div class="inner"><div class="battle-options"><div style="padding-top: 3px; padding-right: 3px; text-align: right"><button class="icon button" name="openBattleOptions" title="Options">Battle Options</button></div></div><div class="inner message-log"><div class="chat"><small>☆H2OPulse and ☆SteelixPrismGX joined</small></div><div class=""><small>Format:</small> <br><strong>[Gen 8] M4A: Mega Spooky Cup</strong></div><div class=""><small><em>HP Percentage Mod:</em> HP is shown in percentages</small></div><div class=""><small><em>Endless Battle Clause:</em> Forcing endless battles is banned</small></div><div class=""><small><em>OHKO Clause:</em> OHKO moves are banned</small></div><div class=""><small><em>Evasion Moves Clause:</em> Evasion moves are banned</small></div><div class=""><small><em>Species Clause:</em> Limit one of each Pokémon</small></div><div class=""><small><em>Dynamax Clause:</em> You cannot dynamax</small></div><div class=""><small><em>Sleep Clause Mod:</em> Limit one foe put to sleep</small></div><div class="chat battle-history"><strong>H2OPulse's team:</strong> <em style="color:#445566;display:block;">Vileplume / Gliscor / Hydreigon / Delphox / Bisharp / Araquanid</em></div><div class="chat battle-history"><strong>SteelixPrismGX's team:</strong> <em style="color:#445566;display:block;">Aegislash / Clefable / Gliscor / Hydreigon / Scolipede / Toxapex</em></div><div class="chat"><small> aausma joined</small></div><div class="chat message-error">Battle timer is ON: inactive players will automatically lose when time's up. (requested by SteelixPrismGX)</div><div class="chat message-error">Battle timer is now OFF.</div><div class="chat chatmessage-h2opulse mine"><strong style="color:#6e8c2b"><small>☆</small><span class="username" data-name="H2OPulse">H2OPulse</span>:</strong> <em>Hi! Good luck and have fun!</em></div><div class="chat chatmessage-steelixprismgx"><strong style="color:#149f6c"><small>☆</small><span class="username" data-name="SteelixPrismGX">SteelixPrismGX</span>:</strong> <em>hello</em></div><div class="chat chatmessage-h2opulse mine"><strong style="color:#6e8c2b"><small>☆</small><span class="username" data-name="H2OPulse">H2OPulse</span>:</strong> <em><s>(and disclaimer: I will not be a very formidable opponent)</s></em></div><div class="spacer battle-history"><br></div><div class="battle-history">Battle started between H2OPulse and SteelixPrismGX!<br></div><div class="spacer battle-history"><br></div><div class="battle-history">Go! Spilly (<strong>Araquanid</strong>)!<br></div><div class="spacer battle-history"><br></div><div class="battle-history">SteelixPrismGX sent out <strong>Gliscor</strong>!<br></div><div class="spacer battle-history"><br></div><h2 class="battle-history">Turn 1</h2><div class="spacer battle-history"><br></div><div class="battle-history">The opposing Gliscor used <strong>Stealth Rock</strong>!<br></div><div class="battle-history"><small>Pointed stones float in the air around your team!</small><br></div><div class="spacer battle-history"><br></div><div class="battle-history">Spilly used <strong>Liquidation</strong>!<br></div><div class="battle-history"><small>It's super effective!</small><br></div><div class="battle-history"><small>(The opposing Gliscor lost 100% of its health!)</small><br></div><div class="spacer battle-history"><br></div><div class="battle-history">The opposing Gliscor fainted!<br></div><div class="spacer battle-history"><br></div><div class="battle-history">SteelixPrismGX sent out <strong>Toxapex</strong>!<br></div><div class="spacer battle-history"><br></div><h2 class="battle-history">Turn 2</h2><div class="spacer battle-history"><br></div><div class="battle-history">Spilly used <strong>Sticky Web</strong>!<br></div><div class="battle-history"><small>A sticky web has been laid out on the ground around the opposing team!</small><br></div><div class="spacer battle-history"><br></div><div class="battle-history">The opposing Toxapex used <strong>Scald</strong>!<br></div><div class="battle-history"><small>It's not very effective...</small><br></div><div class="battle-history"><small>(Spilly lost <abbr title="−21/294">7.1%</abbr> of its health!)</small><br></div><div class="spacer battle-history"><br></div><h2 class="battle-history">Turn 3</h2><div class="chat chatmessage-steelixprismgx"><strong style="color:#149f6c"><small>☆</small><span class="username" data-name="SteelixPrismGX">SteelixPrismGX</span>:</strong> <em>i.. uh... i... what?</em></div><div class="spacer battle-history"><br></div><div class="battle-history">Spilly, come back!<br></div><div class="battle-history">Go! Raffles (<strong>Vileplume</strong>)!<br></div><div class="battle-history"><small>Pointed stones dug into Raffles!</small><br></div><div class="spacer battle-history"><br></div><div class="battle-history">The opposing Toxapex used <strong>Knock Off</strong>!<br></div><div class="battle-history"><small>(Raffles lost <abbr title="−44/354">12.4%</abbr> of its health!)</small><br></div><div class="battle-history"><small>The opposing Toxapex knocked off Raffles's Black Sludge!</small><br></div><div class="spacer battle-history"><br></div><h2 class="battle-history">Turn 4</h2><div class="chat chatmessage-h2opulse mine"><strong style="color:#6e8c2b"><small>☆</small><span class="username" data-name="H2OPulse">H2OPulse</span>:</strong> <em>?</em></div><div class="chat chatmessage-steelixprismgx"><strong style="color:#149f6c"><small>☆</small><span class="username" data-name="SteelixPrismGX">SteelixPrismGX</span>:</strong> <em>i dont know</em></div><div class="spacer battle-history"><br></div><div class="battle-history">SteelixPrismGX withdrew Toxapex!<br></div><div class="battle-history">SteelixPrismGX sent out <strong>Hydreigon</strong>!<br></div><div class="spacer battle-history"><br></div><div class="battle-history">Raffles used <strong>Swords Dance</strong>!<br></div><div class="battle-history"><small>Raffles's Attack rose sharply!</small><br></div><div class="spacer battle-history"><br></div><h2 class="battle-history">Turn 5</h2><div class="chat chatmessage-steelixprismgx"><strong style="color:#149f6c"><small>☆</small><span class="username" data-name="SteelixPrismGX">SteelixPrismGX</span>:</strong> <em>oh no</em></div><div class="chat chatmessage-h2opulse mine"><strong style="color:#6e8c2b"><small>☆</small><span class="username" data-name="H2OPulse">H2OPulse</span>:</strong> <em>oh I can't really threaten this anyway to be fair haha</em></div><div class="spacer battle-history"><br></div><div class="battle-history">The opposing Hydreigon used <strong>Defog</strong>!<br></div><div class="battle-history"><small>Raffles's evasiveness fell!</small><br></div><div class="battle-history"><small>The pointed stones disappeared from around your team!</small><br></div><div class="battle-history"><small>The sticky web has disappeared from the ground around the opposing team!</small><br></div><div class="spacer battle-history"><br></div><div class="battle-history">Raffles used <strong>Seed Bomb</strong>!<br></div><div class="battle-history"><small>It's not very effective...</small><br></div><div class="battle-history"><small>(The opposing Hydreigon lost 26% of its health!)</small><br></div><div class="spacer battle-history"><br></div><h2 class="battle-history">Turn 6</h2><div class="chat chatmessage-steelixprismgx"><strong style="color:#149f6c"><small>☆</small><span class="username" data-name="SteelixPrismGX">SteelixPrismGX</span>:</strong> <em>phew</em></div><div class="chat chatmessage-h2opulse mine"><strong style="color:#6e8c2b"><small>☆</small><span class="username" data-name="H2OPulse">H2OPulse</span>:</strong> <em>case in point</em></div><div class="chat chatmessage-h2opulse mine"><strong style="color:#6e8c2b"><small>☆</small><span class="username" data-name="H2OPulse">H2OPulse</span>:</strong> <em>no moves it doesn't resist :')</em></div><div class="spacer battle-history"><br></div><div class="battle-history">SteelixPrismGX withdrew Hydreigon!<br></div><div class="battle-history">SteelixPrismGX sent out <strong>Aegislash</strong>!<br></div><div class="spacer battle-history"><br></div><div class="battle-history">Raffles used <strong>Swords Dance</strong>!<br></div><div class="battle-history"><small>Raffles's Attack rose sharply!</small><br></div><div class="spacer battle-history"><br></div><h2 class="battle-history">Turn 7</h2><div class="spacer battle-history"><br></div><div class="battle-history">The opposing Aegislash used <strong>King's Shield</strong>!<br></div><div class="battle-history"><small>The opposing Aegislash protected itself!</small><br></div><div class="spacer battle-history"><br></div><div class="battle-history">Raffles used <strong>Seed Bomb</strong>!<br></div><div class="battle-history"><small>The opposing Aegislash protected itself!</small><br></div><div class="spacer battle-history"><br></div><h2 class="battle-history">Turn 8</h2><div class="spacer battle-history"><br></div><div class="battle-history">Raffles used <strong>Seed Bomb</strong>!<br></div><div class="battle-history"><small>It's not very effective...</small><br></div><div class="battle-history"><small>(The opposing Aegislash lost 26% of its health!)</small><br></div><div class="battle-history">[The opposing Aegislash's Stance Change]<br>Changed to Blade Forme!<br></div><div class="spacer battle-history"><br></div><div class="battle-history">The opposing Aegislash used <strong>Shadow Ball</strong>!<br></div><div class="battle-history"><small>(Raffles lost <abbr title="−175/354">49.4%</abbr> of its health!)</small><br></div><div class="spacer battle-history"><br></div><div class="battle-history"><small>The opposing Aegislash restored a little HP using its Leftovers!</small><br></div><div class="spacer battle-history"><br></div><h2 class="battle-history">Turn 9</h2><div class="spacer battle-history"><br></div><div class="battle-history">[The opposing Aegislash's Stance Change]<br>Changed to Shield Forme!<br></div><div class="spacer battle-history"><br></div><div class="battle-history">The opposing Aegislash used <strong>King's Shield</strong>!<br></div><div class="battle-history"><small>The opposing Aegislash protected itself!</small><br></div><div class="spacer battle-history"><br></div><div class="battle-history">Raffles used <strong>Strength Sap</strong>!<br></div><div class="battle-history"><small>The opposing Aegislash's Attack fell!</small><br></div><div class="battle-history"><small>Raffles had its HP restored.</small><br></div><div class="spacer battle-history"><br></div><div class="battle-history"><small>The opposing Aegislash restored a little HP using its Leftovers!</small><br></div><div class="spacer battle-history"><br></div><h2 class="battle-history">Turn 10</h2><div class="spacer battle-history"><br></div><div class="battle-history">Raffles, come back!<br></div><div class="battle-history">Go! Sword Lily (<strong>Bisharp</strong>)!<br></div><div class="battle-history">[The opposing Aegislash's Stance Change]<br>Changed to Blade Forme!<br></div><div class="spacer battle-history"><br></div><div class="battle-history">The opposing Aegislash used <strong>Shadow Ball</strong>!<br></div><div class="battle-history"><small>It's not very effective...</small><br></div><div class="battle-history"><small>(Sword Lily lost <abbr title="−105/334">31.4%</abbr> of its health!)</small><br></div><div class="spacer battle-history"><br></div><div class="battle-history"><small>The opposing Aegislash restored a little HP using its Leftovers!</small><br></div><div class="spacer battle-history"><br></div><h2 class="battle-history">Turn 11</h2><div class="spacer battle-history"><br></div><div class="battle-history">[The opposing Aegislash's Stance Change]<br>Changed to Shield Forme!<br></div><div class="spacer battle-history"><br></div><div class="battle-history">The opposing Aegislash used <strong>King's Shield</strong>!<br></div><div class="battle-history"><small>The opposing Aegislash protected itself!</small><br></div><div class="spacer battle-history"><br></div><div class="battle-history">Sword Lily used <strong>Knock Off</strong>!<br></div><div class="battle-history"><small>The opposing Aegislash protected itself!</small><br></div><div class="battle-history"><small>Sword Lily's Attack fell!</small><br></div><div class="battle-history">[Sword Lily's Defiant]<br></div><div class="battle-history"><small>Sword Lily's Attack rose sharply!</small><br></div><div class="spacer battle-history"><br></div><div class="battle-history"><small>The opposing Aegislash restored a little HP using its Leftovers!</small><br></div><div class="spacer battle-history"><br></div><h2 class="battle-history">Turn 12</h2><div class="chat chatmessage-h2opulse mine"><strong style="color:#6e8c2b"><small>☆</small><span class="username" data-name="H2OPulse">H2OPulse</span>:</strong> <em>Heheh</em></div><div class="chat chatmessage-steelixprismgx"><strong style="color:#149f6c"><small>☆</small><span class="username" data-name="SteelixPrismGX">SteelixPrismGX</span>:</strong> <em>oh crap</em></div><div class="spacer battle-history"><br></div><div class="battle-history">SteelixPrismGX withdrew Aegislash!<br></div><div class="battle-history">SteelixPrismGX sent out <strong>Toxapex</strong>!<br></div><div class="spacer battle-history"><br></div><div class="battle-history">Sword Lily used <strong>Knock Off</strong>!<br></div><div class="battle-history"><small>(The opposing Toxapex lost 69% of its health!)</small><br></div><div class="battle-history"><small>Sword Lily knocked off the opposing Toxapex's Black Sludge!</small><br></div><div class="spacer battle-history"><br></div><h2 class="battle-history">Turn 13</h2><div class="chat chatmessage-steelixprismgx"><strong style="color:#149f6c"><small>☆</small><span class="username" data-name="SteelixPrismGX">SteelixPrismGX</span>:</strong> <em>great</em></div><div class="spacer battle-history"><br></div><div class="battle-history">SteelixPrismGX withdrew Toxapex!<br></div><div class="battle-history">SteelixPrismGX sent out <strong>Aegislash</strong>!<br></div><div class="spacer battle-history"><br></div><div class="battle-history">Sword Lily used <strong>Knock Off</strong>!<br></div><div class="battle-history"><small>It's super effective!</small><br></div><div class="battle-history"><small>(The opposing Aegislash lost 98% of its health!)</small><br></div><div class="battle-history"><small>Sword Lily knocked off the opposing Aegislash's Leftovers!</small><br></div><div class="spacer battle-history"><br></div><div class="battle-history">The opposing Aegislash fainted!<br></div><div class="spacer battle-history"><br></div><div class="battle-history">SteelixPrismGX sent out <strong>Scolipede</strong>!<br></div><div class="spacer battle-history"><br></div><h2 class="battle-history">Turn 14</h2><div class="spacer battle-history"><br></div><div class="battle-history">Sword Lily used <strong>Sucker Punch</strong>!<br></div><div class="battle-history"><small>(The opposing Scolipede lost 100% of its health!)</small><br></div><div class="spacer battle-history"><br></div><div class="battle-history">The opposing Scolipede fainted!<br></div><div class="spacer battle-history"><br></div><div class="battle-history">SteelixPrismGX sent out <strong>Clefable</strong>!<br></div><div class="spacer battle-history"><br></div><h2 class="battle-history">Turn 15</h2><div class="spacer battle-history"><br></div><div class="battle-history"><small>The opposing Clefable's Clefabite is reacting to the Key Stone!</small><br>The opposing Clefable has Mega Evolved into Mega Clefable!<br></div><div class="spacer battle-history"><br></div><div class="battle-history">The opposing Clefable used <strong>Flamethrower</strong>!<br></div><div class="battle-history"><small>It's super effective!</small><br></div><div class="battle-history"><small>(Sword Lily lost <abbr title="−229/334">68.6%</abbr> of its health!)</small><br></div><div class="spacer battle-history"><br></div><div class="battle-history">Sword Lily fainted!<br></div><div class="chat chatmessage-steelixprismgx"><strong style="color:#149f6c"><small>☆</small><span class="username" data-name="SteelixPrismGX">SteelixPrismGX</span>:</strong> <em>finally</em></div><div class="chat chatmessage-h2opulse mine"><strong style="color:#6e8c2b"><small>☆</small><span class="username" data-name="H2OPulse">H2OPulse</span>:</strong> <em>Fair :'D</em></div><div class="spacer battle-history"><br></div><div class="battle-history">Go! Spilly (<strong>Araquanid</strong>)!<br></div><div class="spacer battle-history"><br></div><h2 class="battle-history">Turn 16</h2><div class="spacer battle-history"><br></div><div class="battle-history">SteelixPrismGX withdrew Clefable!<br></div><div class="battle-history">SteelixPrismGX sent out <strong>Hydreigon</strong>!<br></div><div class="spacer battle-history"><br></div><div class="battle-history">Spilly used <strong>Toxic</strong>!<br></div><div class="battle-history"><small>The opposing Hydreigon was badly poisoned!</small><br></div><div class="spacer battle-history"><br></div><div class="battle-history"><small>The opposing Hydreigon was hurt by poison!</small><br></div><div class="spacer battle-history"><br></div><h2 class="battle-history">Turn 17</h2><div class="spacer battle-history"><br></div><div class="battle-history">The opposing Hydreigon used <strong>Draco Meteor</strong>!<br></div><div class="battle-history"><small>(Spilly lost <abbr title="−193/294">65.6%</abbr> of its health!)</small><br></div><div class="battle-history"><small>The opposing Hydreigon's Sp. Atk fell harshly!</small><br></div><div class="spacer battle-history"><br></div><div class="battle-history">Spilly used <strong>Leech Life</strong>!<br></div><div class="battle-history"><small>It's super effective!</small><br></div><div class="battle-history"><small>(The opposing Hydreigon lost 67% of its health!)</small><br></div><div class="battle-history"><small>The opposing Hydreigon had its energy drained!</small><br></div><div class="spacer battle-history"><br></div><div class="battle-history"><small>The opposing Hydreigon was hurt by poison!</small><br></div><div class="spacer battle-history"><br></div><div class="battle-history">The opposing Hydreigon fainted!<br></div><div class="chat chatmessage-steelixprismgx"><strong style="color:#149f6c"><small>☆</small><span class="username" data-name="SteelixPrismGX">SteelixPrismGX</span>:</strong> <em>now i basically have 0 way to beat you now</em></div><div class="spacer battle-history"><br></div><div class="battle-history">SteelixPrismGX sent out Clefable (<strong>Clefable-Mega</strong>)!<br></div><div class="spacer battle-history"><br></div><h2 class="battle-history">Turn 18</h2><div class="spacer battle-history"><br></div><div class="battle-history">The opposing Clefable used <strong>Nasty Plot</strong>!<br></div><div class="battle-history"><small>The opposing Clefable's Sp. Atk rose sharply!</small><br></div><div class="spacer battle-history"><br></div><div class="battle-history">Spilly used <strong>Toxic</strong>!<br></div><div class="battle-history"><small>The opposing Clefable was badly poisoned!</small><br></div><div class="spacer battle-history"><br></div><div class="battle-history"><small>The opposing Clefable was hurt by poison!</small><br></div><div class="spacer battle-history"><br></div><h2 class="battle-history">Turn 19</h2><div class="spacer battle-history"><br></div><div class="battle-history">The opposing Clefable used <strong>Moonblast</strong>!<br></div><div class="battle-history"><small>(Spilly lost <abbr title="−189/294">64.3%</abbr> of its health!)</small><br></div><div class="spacer battle-history"><br></div><div class="battle-history">Spilly fainted!<br></div><div class="spacer battle-history"><br></div><div class="battle-history"><small>The opposing Clefable was hurt by poison!</small><br></div><div class="spacer battle-history"><br></div><div class="battle-history">Go! Raffles (<strong>Vileplume</strong>)!<br></div><div class="spacer battle-history"><br></div><h2 class="battle-history">Turn 20</h2><div class="chat chatmessage-h2opulse mine"><strong style="color:#6e8c2b"><small>☆</small><span class="username" data-name="H2OPulse">H2OPulse</span>:</strong> <em>To be fair that's pretty concerning</em></div><div class="chat chatmessage-h2opulse mine"><strong style="color:#6e8c2b"><small>☆</small><span class="username" data-name="H2OPulse">H2OPulse</span>:</strong> <em>I may well still lose :'D</em></div><div class="spacer battle-history"><br></div><div class="battle-history">Raffles, come back!<br></div><div class="battle-history">Go! Glove (<strong>Delphox</strong>)!<br></div><div class="spacer battle-history"><br></div><div class="battle-history">The opposing Clefable used <strong>Flamethrower</strong>!<br></div><div class="battle-history"><small>It's not very effective...</small><br></div><div class="battle-history"><small>(Glove lost <abbr title="−122/354">34.5%</abbr> of its health!)</small><br></div><div class="spacer battle-history"><br></div><div class="battle-history"><small>The opposing Clefable was hurt by poison!</small><br></div><div class="spacer battle-history"><br></div><h2 class="battle-history">Turn 21</h2><div class="spacer battle-history"><br></div><div class="battle-history">Glove used <strong>Wish</strong>!<br></div><div class="spacer battle-history"><br></div><div class="battle-history">The opposing Clefable used <strong>Moonblast</strong>!<br></div><div class="battle-history"><small>It's not very effective...</small><br></div><div class="battle-history"><small>(Glove lost <abbr title="−191/354">54.0%</abbr> of its health!)</small><br></div><div class="spacer battle-history"><br></div><div class="battle-history"><small>The opposing Clefable was hurt by poison!</small><br></div><div class="spacer battle-history"><br></div><h2 class="battle-history">Turn 22</h2><div class="spacer battle-history"><br></div><div class="battle-history">Glove used <strong>Overheat</strong>!<br></div><div class="battle-history"><small>(The opposing Clefable lost 39% of its health!)</small><br></div><div class="battle-history"><small>Glove's Sp. Atk fell harshly!</small><br></div><div class="battle-history"><small>(Glove used its Eject Pack!)</small><br></div><div class="spacer battle-history"><br></div><div class="battle-history">The opposing Clefable fainted!<br></div><div class="spacer battle-history"><br></div><div class="battle-history">Glove, come back!<br></div><div class="battle-history">Go! Raffles (<strong>Vileplume</strong>)!<br></div><div class="spacer battle-history"><br></div><div class="battle-history"><small>Glove's wish came true!</small><br></div><div class="chat chatmessage-steelixprismgx"><strong style="color:#149f6c"><small>☆</small><span class="username" data-name="SteelixPrismGX">SteelixPrismGX</span>:</strong> <em>i am so dissapointed rn</em></div><div class="spacer battle-history"><br></div><div class="battle-history">SteelixPrismGX sent out <strong>Toxapex</strong>!<br></div><div class="spacer battle-history"><br></div><h2 class="battle-history">Turn 23</h2><div class="chat chatmessage-h2opulse mine"><strong style="color:#6e8c2b"><small>☆</small><span class="username" data-name="H2OPulse">H2OPulse</span>:</strong> <em>I'm sorry D:</em></div><div class="spacer battle-history"><br></div><div class="battle-history">Raffles used <strong>Swords Dance</strong>!<br></div><div class="battle-history"><small>Raffles's Attack rose sharply!</small><br></div><div class="spacer battle-history"><br></div><div class="battle-history">The opposing Toxapex used <strong>Knock Off</strong>!<br></div><div class="battle-history"><small>(Raffles lost <abbr title="−28/354">7.9%</abbr> of its health!)</small><br></div><div class="spacer battle-history"><br></div><h2 class="battle-history">Turn 24</h2><div class="chat chatmessage-steelixprismgx"><strong style="color:#149f6c"><small>☆</small><span class="username" data-name="SteelixPrismGX">SteelixPrismGX</span>:</strong> <em>i thought clefable would outspeed delphox.</em></div><div class="chat chatmessage-steelixprismgx"><strong style="color:#149f6c"><small>☆</small><span class="username" data-name="SteelixPrismGX">SteelixPrismGX</span>:</strong> <em>it did not.</em></div><div class="spacer battle-history"><br></div><div class="battle-history">Raffles used <strong>Swords Dance</strong>!<br></div><div class="battle-history"><small>Raffles's Attack rose sharply!</small><br></div><div class="spacer battle-history"><br></div><div class="battle-history">The opposing Toxapex used <strong>Scald</strong>!<br></div><div class="battle-history"><small>It's not very effective...</small><br></div><div class="battle-history"><small>(Raffles lost <abbr title="−29/354">8.2%</abbr> of its health!)</small><br></div><div class="spacer battle-history"><br></div><h2 class="battle-history">Turn 25</h2><div class="chat chatmessage-h2opulse mine"><strong style="color:#6e8c2b"><small>☆</small><span class="username" data-name="H2OPulse">H2OPulse</span>:</strong> <em>(that actually... also surprised me a lot! are you Modest maybe?)</em></div><div class="spacer battle-history"><br></div><div class="battle-history">Raffles used <strong>Seed Bomb</strong>!<br></div><div class="battle-history"><small>(The opposing Toxapex lost 53% of its health!)</small><br></div><div class="spacer battle-history"><br></div><div class="battle-history">The opposing Toxapex used <strong>Scald</strong>!<br></div><div class="battle-history"><small>It's not very effective...</small><br></div><div class="battle-history"><small>(Raffles lost <abbr title="−33/354">9.3%</abbr> of its health!)</small><br></div><div class="battle-history"><small>Raffles was burned!</small><br></div><div class="spacer battle-history"><br></div><div class="battle-history"><small>Raffles was hurt by its burn!</small><br></div><div class="spacer battle-history"><br></div><h2 class="battle-history">Turn 26</h2><div class="spacer battle-history"><br></div><div class="battle-history">Raffles used <strong>Seed Bomb</strong>!<br></div><div class="battle-history"><small>(The opposing Toxapex lost 11% of its health!)</small><br></div><div class="spacer battle-history"><br></div><div class="battle-history">The opposing Toxapex fainted!<br></div><div class="spacer battle-history"><br></div><div class="battle-history"><strong>H2OPulse</strong> won the battle!<br></div><div class="chat chatmessage-h2opulse mine"><strong style="color:#6e8c2b"><small>☆</small><span class="username" data-name="H2OPulse">H2OPulse</span>:</strong> <em>Good game!!!</em></div><div class="chat chatmessage-steelixprismgx"><strong style="color:#149f6c"><small>☆</small><span class="username" data-name="SteelixPrismGX">SteelixPrismGX</span>:</strong> <em>gg</em></div></div><div class="inner-preempt message-log"></div></div></div>
</div>
<script>
let daily = Math.floor(Date.now()/1000/60/60/24);document.write('<script src="https://play.pokemonshowdown.com/js/replay-embed.js?version'+daily+'"></'+'script>');
</script>
