<!DOCTYPE html>
<meta charset="utf-8" />
<!-- version 1 -->
<title>[Gen 8] Megas for All replay: inkbug1 vs. Coppersmith</title>
<style>
html,body {font-family:Verdana, sans-serif;font-size:10pt;margin:0;padding:0;}body{padding:12px 0;} .battle-log {font-family:Verdana, sans-serif;font-size:10pt;} .battle-log-inline {border:1px solid #AAAAAA;background:#EEF2F5;color:black;max-width:640px;margin:0 auto 80px;padding-bottom:5px;} .battle-log .inner {padding:4px 8px 0px 8px;} .battle-log .inner-preempt {padding:0 8px 4px 8px;} .battle-log .inner-after {margin-top:0.5em;} .battle-log h2 {margin:0.5em -8px;padding:4px 8px;border:1px solid #AAAAAA;background:#E0E7EA;border-left:0;border-right:0;font-family:Verdana, sans-serif;font-size:13pt;} .battle-log .chat {vertical-align:middle;padding:3px 0 3px 0;font-size:8pt;} .battle-log .chat strong {color:#40576A;} .battle-log .chat em {padding:1px 4px 1px 3px;color:#000000;font-style:normal;} .chat.mine {background:rgba(0,0,0,0.05);margin-left:-8px;margin-right:-8px;padding-left:8px;padding-right:8px;} .spoiler {color:#BBBBBB;background:#BBBBBB;padding:0px 3px;} .spoiler:hover, .spoiler:active, .spoiler-shown {color:#000000;background:#E2E2E2;padding:0px 3px;} .spoiler a {color:#BBBBBB;} .spoiler:hover a, .spoiler:active a, .spoiler-shown a {color:#2288CC;} .chat code, .chat .spoiler:hover code, .chat .spoiler:active code, .chat .spoiler-shown code {border:1px solid #C0C0C0;background:#EEEEEE;color:black;padding:0 2px;} .chat .spoiler code {border:1px solid #CCCCCC;background:#CCCCCC;color:#CCCCCC;} .battle-log .rated {padding:3px 4px;} .battle-log .rated strong {color:white;background:#89A;padding:1px 4px;border-radius:4px;} .spacer {margin-top:0.5em;} .message-announce {background:#6688AA;color:white;padding:1px 4px 2px;} .message-announce a, .broadcast-green a, .broadcast-blue a, .broadcast-red a {color:#DDEEFF;} .broadcast-green {background-color:#559955;color:white;padding:2px 4px;} .broadcast-blue {background-color:#6688AA;color:white;padding:2px 4px;} .infobox {border:1px solid #6688AA;padding:2px 4px;} .infobox-limited {max-height:200px;overflow:auto;overflow-x:hidden;} .broadcast-red {background-color:#AA5544;color:white;padding:2px 4px;} .message-learn-canlearn {font-weight:bold;color:#228822;text-decoration:underline;} .message-learn-cannotlearn {font-weight:bold;color:#CC2222;text-decoration:underline;} .message-effect-weak {font-weight:bold;color:#CC2222;} .message-effect-resist {font-weight:bold;color:#6688AA;} .message-effect-immune {font-weight:bold;color:#666666;} .message-learn-list {margin-top:0;margin-bottom:0;} .message-throttle-notice, .message-error {color:#992222;} .message-overflow, .chat small.message-overflow {font-size:0pt;} .message-overflow::before {font-size:9pt;content:'...';} .subtle {color:#3A4A66;}
</style>
<div class="wrapper replay-wrapper" style="max-width:1180px;margin:0 auto">
<input type="hidden" name="replayid" value="dragonheaven-gen8megasforall-712" />
<div class="battle"></div><div class="battle-log"></div><div class="replay-controls"></div><div class="replay-controls-2"></div>
<h1 style="font-weight:normal;text-align:center"><strong>[Gen 8] Megas for All</strong><br /><a href="http://pokemonshowdown.com/users/inkbug1" class="subtle" target="_blank">inkbug1</a> vs. <a href="http://pokemonshowdown.com/users/coppersmith" class="subtle" target="_blank">Coppersmith</a></h1>
<script type="text/plain" class="battle-log-data">|j|☆inkbug1

|j|☆Coppersmith
|t:|1610604807
|player|p1|inkbug1|burgh|
|player|p2|Coppersmith|pokemonranger-gen4|
|teamsize|p1|6
|teamsize|p2|6
|gametype|singles
|gen|8
|tier|[Gen 8] Megas for All
|clearpoke
|poke|p1|Incineroar, F|
|poke|p1|Noivern, M|
|poke|p1|Krookodile, F|
|poke|p1|Vaporeon, M|
|poke|p1|Zygarde-10%|
|poke|p1|Kricketune, M|
|poke|p2|Kricketune, F|
|poke|p2|Mandibuzz, F|
|poke|p2|Slowbro, M|
|poke|p2|Heatran, M|
|poke|p2|Landorus-Therian, M|
|poke|p2|Spectrier|
|rule|HP Percentage Mod: HP is shown in percentages
|rule|Endless Battle Clause: Forcing endless battles is banned
|rule|OHKO Clause: OHKO moves are banned
|rule|Evasion Moves Clause: Evasion moves are banned
|rule|Species Clause: Limit one of each Pokémon
|rule|Dynamax Clause: You cannot dynamax
|rule|Sleep Clause Mod: Limit one foe put to sleep
|rule|Freeze Clause Mod: Limit one foe frozen
|raw|<img src="https:\/\/www.smogon.com\/forums\/attachments\/banner_2-png.302358\/" height="65" width="381">
|-message|Welcome to Megas for All!
|-message|This is a National Dex-based format where we aim to give a new Mega Evolution to every Pokémon.
|-message|Just like any official format, you can still only Mega Evolve one Pokémon per team!
|-message|You can find our thread and metagame resources here:
|-message|https:\/\/www.smogon.com\/forums\/threads\/3671140\/
|teampreview
|c|☆Coppersmith|hi
|c|☆inkbug1|heya
|c|☆Coppersmith|oh that
|c|☆Coppersmith|looks rad
|
|t:|1610604821
|start
|switch|p1a: Cindy|Incineroar, F|394\/394
|switch|p2a: Kricketune|Kricketune, F|100\/100
|-ability|p1a: Cindy|Intimidate|boost
|-unboost|p2a: Kricketune|atk|1
|turn|1
|c|☆inkbug1|thanks i copied it from one of my early ver leavanny teams :'D 
|
|t:|1610604836
|detailschange|p2a: Kricketune|Kricketune-Mega, F
|-mega|p2a: Kricketune|Kricketune|Kricketite
|-start|p2a: Kricketune|typechange|Bug\/Fighting|[silent]
|raw|<ul class="utilichart"><li class="result"><span class="col pokemonnamecol" style="white-space: nowrap">Kricketune-Mega<\/span> <span class="col typecol"><img src="https:\/\/play.pokemonshowdown.com\/sprites\/types\/Bug.png" alt="Bug" height="14" width="32"><img src="https:\/\/play.pokemonshowdown.com\/sprites\/types\/Fighting.png" alt="Fighting" height="14" width="32"><\/span> <span style="float: left ; min-height: 26px"><span class="col abilitycol">Dancer<\/span><span class="col abilitycol"><\/span><\/span><span style="float: left ; min-height: 26px"><span class="col statcol"><em>HP<\/em><br>77<\/span> <span class="col statcol"><em>Atk<\/em><br>145<\/span> <span class="col statcol"><em>Def<\/em><br>51<\/span> <span class="col statcol"><em>SpA<\/em><br>15<\/span> <span class="col statcol"><em>SpD<\/em><br>51<\/span> <span class="col statcol"><em>Spe<\/em><br>145<\/span> <\/span><\/li><li style="clear: both"><\/li><\/ul>
|move|p2a: Kricketune|Close Combat|p1a: Cindy
|-supereffective|p1a: Cindy
|-damage|p1a: Cindy|28\/394
|-unboost|p2a: Kricketune|def|1
|-unboost|p2a: Kricketune|spd|1
|move|p1a: Cindy|Will-O-Wisp|p2a: Kricketune|[miss]
|-miss|p1a: Cindy|p2a: Kricketune
|
|upkeep
|turn|2
|c|☆inkbug1|kajhdkjshdasd
|c|☆Coppersmith|vfdhjsgfhdjk
|
|t:|1610604851
|switch|p1a: Oliver|Noivern, M|311\/311
|move|p2a: Kricketune|U-turn|p1a: Oliver
|-resisted|p1a: Oliver
|-damage|p1a: Oliver|257\/311
|c|☆Coppersmith|im sorry
|
|t:|1610604862
|switch|p2a: Heatran|Heatran, M|100\/100|[from]move: U-turn
|
|upkeep
|turn|3
|c|☆Coppersmith|wasnt tryna hax i promise
|
|t:|1610604881
|move|p1a: Oliver|U-turn|p2a: Heatran
|-resisted|p2a: Heatran
|-damage|p2a: Heatran|98\/100
|
|t:|1610604885
|switch|p1a: Shay|Krookodile, F|374\/374
|-ability|p1a: Shay|Intimidate|boost
|-unboost|p2a: Heatran|atk|1
|move|p2a: Heatran|Stealth Rock|p1a: Shay
|-sidestart|p1: inkbug1|move: Stealth Rock
|
|-heal|p2a: Heatran|100\/100|[from] item: Leftovers
|upkeep
|turn|4
|c|☆Coppersmith|it just happened
|c|☆Coppersmith|oh man i love krookodile
|
|t:|1610604899
|switch|p2a: Landorus|Landorus-Therian, M|100\/100
|-ability|p2a: Landorus|Intimidate|boost
|-unboost|p1a: Shay|atk|1
|-enditem|p1a: Shay|Eject Pack
|c|☆inkbug1|NO
|c|☆Coppersmith|oh no
|c|☆Coppersmith|was it cc
|c|☆inkbug1|yea ajshdgasd fair enough
|c|☆inkbug1|usually SR lead 
|
|t:|1610604922
|switch|p1a: Finnigan|Vaporeon, M|464\/464
|-damage|p1a: Finnigan|406\/464|[from] Stealth Rock
|
|-heal|p1a: Finnigan|435\/464|[from] item: Leftovers
|upkeep
|turn|5
|c|☆Coppersmith|krookodile is cool
|c|☆Coppersmith|its like
|c|☆inkbug1|its epic i use it alot
|c|☆Coppersmith|Lando-T: UU Edition
|c|☆inkbug1|its very fast
|c|☆Coppersmith|But i love it and want to do it justice 
|
|t:|1610604955
|move|p2a: Landorus|U-turn|p1a: Finnigan
|-damage|p1a: Finnigan|335\/464
|c|☆inkbug1|i rly shouldnt use it and incineroar on the same team but shruggie
|
|t:|1610604961
|switch|p2a: Slowbro|Slowbro, M|100\/100|[from]move: U-turn
|move|p1a: Finnigan|Flip Turn|p2a: Slowbro
|-resisted|p2a: Slowbro
|-damage|p2a: Slowbro|96\/100
|
|t:|1610604968
|switch|p1a: Oliver|Noivern, M|257\/311
|-damage|p1a: Oliver|180\/311|[from] Stealth Rock
|
|upkeep
|turn|6
|
|t:|1610604974
|move|p1a: Oliver|Defog|p2a: Slowbro
|-unboost|p2a: Slowbro|evasion|1
|-sideend|p1: inkbug1|Stealth Rock|[from] move: Defog|[of] p1a: Oliver
|move|p2a: Slowbro|Teleport|p2a: Slowbro
|
|t:|1610604982
|switch|p2a: Kricketune|Kricketune-Mega, F|100\/100|[from]move: Teleport
|-start|p2a: Kricketune|typechange|Bug\/Fighting|[silent]
|
|upkeep
|turn|7
|c|☆inkbug1|my god i have no switchins
|
|t:|1610605000
|switch|p1a: Cindy|Incineroar, F|28\/394
|-ability|p1a: Cindy|Intimidate|boost
|-unboost|p2a: Kricketune|atk|1
|move|p2a: Kricketune|Triple Axel|p1a: Cindy
|-resisted|p1a: Cindy
|-damage|p1a: Cindy|18\/394
|-resisted|p1a: Cindy
|-damage|p1a: Cindy|0 fnt
|-hitcount|p1a: Cindy|2
|faint|p1a: Cindy
|
|upkeep
|c|☆Coppersmith|triple axel is great on it
|
|t:|1610605021
|switch|p1a: Apollo|Kricketune, M|296\/296
|turn|8
|c|☆Coppersmith|honestly i think its viable as a speedy revenge killer now
|c|☆inkbug1|yea its really fast and honestly gives a __lot__ of pressure
|c|☆inkbug1|which is neato
|
|t:|1610605067
|switch|p2a: Slowbro|Slowbro, M|100\/100
|detailschange|p1a: Apollo|Kricketune-Mega, M
|-mega|p1a: Apollo|Kricketune|Kricketite
|-start|p1a: Apollo|typechange|Bug\/Fighting|[silent]
|raw|<ul class="utilichart"><li class="result"><span class="col pokemonnamecol" style="white-space: nowrap">Kricketune-Mega<\/span> <span class="col typecol"><img src="https:\/\/play.pokemonshowdown.com\/sprites\/types\/Bug.png" alt="Bug" height="14" width="32"><img src="https:\/\/play.pokemonshowdown.com\/sprites\/types\/Fighting.png" alt="Fighting" height="14" width="32"><\/span> <span style="float: left ; min-height: 26px"><span class="col abilitycol">Dancer<\/span><span class="col abilitycol"><\/span><\/span><span style="float: left ; min-height: 26px"><span class="col statcol"><em>HP<\/em><br>77<\/span> <span class="col statcol"><em>Atk<\/em><br>145<\/span> <span class="col statcol"><em>Def<\/em><br>51<\/span> <span class="col statcol"><em>SpA<\/em><br>15<\/span> <span class="col statcol"><em>SpD<\/em><br>51<\/span> <span class="col statcol"><em>Spe<\/em><br>145<\/span> <\/span><\/li><li style="clear: both"><\/li><\/ul>
|move|p1a: Apollo|U-turn|p2a: Slowbro
|-supereffective|p2a: Slowbro
|-damage|p2a: Slowbro|53\/100
|c|☆Coppersmith|holy
|
|t:|1610605077
|switch|p1a: Finnigan|Vaporeon, M|335\/464
|
|-heal|p1a: Finnigan|364\/464|[from] item: Leftovers
|upkeep
|turn|9
|c|☆Coppersmith|this is a physdef slowbro
|
|t:|1610605084
|move|p1a: Finnigan|Toxic|p2a: Slowbro
|-status|p2a: Slowbro|tox
|move|p2a: Slowbro|Teleport|p2a: Slowbro
|c|☆inkbug1|jhsgdjsd
|
|t:|1610605096
|switch|p2a: Kricketune|Kricketune-Mega, F|100\/100|[from]move: Teleport
|-start|p2a: Kricketune|typechange|Bug\/Fighting|[silent]
|
|-heal|p1a: Finnigan|393\/464|[from] item: Leftovers
|upkeep
|turn|10
|
|t:|1610605105
|move|p2a: Kricketune|Close Combat|p1a: Finnigan
|-damage|p1a: Finnigan|125\/464
|-unboost|p2a: Kricketune|def|1
|-unboost|p2a: Kricketune|spd|1
|move|p1a: Finnigan|Flip Turn|p2a: Kricketune
|-damage|p2a: Kricketune|57\/100
|c|☆Coppersmith|ok
|c|☆Coppersmith|its
|c|☆Coppersmith|fine
|
|t:|1610605119
|switch|p1a: Cello|Zygarde-10%|249\/249
|-ability|p1a: Cello|Aura Break
|
|upkeep
|turn|11
|
|t:|1610605128
|move|p1a: Cello|Stone Edge|p2a: Kricketune
|-damage|p2a: Kricketune|0 fnt
|faint|p2a: Kricketune
|
|upkeep
|c|☆inkbug1|thhis ones scarf 
|c|☆Coppersmith|ooooooof
|
|t:|1610605143
|switch|p2a: Slowbro|Slowbro, M|86\/100 tox
|turn|12
|c|☆Coppersmith|caught by surprise this time around
|
|t:|1610605154
|switch|p1a: Finnigan|Vaporeon, M|125\/464
|move|p2a: Slowbro|Future Sight|p1a: Finnigan
|-start|p2a: Slowbro|move: Future Sight
|
|-heal|p1a: Finnigan|154\/464|[from] item: Leftovers
|-damage|p2a: Slowbro|80\/100 tox|[from] psn
|upkeep
|turn|13
|c|☆inkbug1|fair :'D 
|
|t:|1610605161
|move|p1a: Finnigan|Wish|p1a: Finnigan
|move|p2a: Slowbro|Teleport|p2a: Slowbro
|
|t:|1610605168
|switch|p2a: Landorus|Landorus-Therian, M|100\/100|[from]move: Teleport
|-ability|p2a: Landorus|Intimidate|boost
|-unboost|p1a: Finnigan|atk|1
|
|-heal|p1a: Finnigan|183\/464|[from] item: Leftovers
|upkeep
|turn|14
|c|☆inkbug1|yeah all the sets of zydog youve seen have been like. slightly different, 
|
|t:|1610605198
|move|p2a: Landorus|Earthquake|p1a: Finnigan
|-damage|p1a: Finnigan|0 fnt
|faint|p1a: Finnigan
|
|-hint|Future Sight did not hit because the target is the user.
|upkeep
|c|☆inkbug1|uff alright
|
|t:|1610605205
|switch|p1a: Apollo|Kricketune-Mega, M|296\/296
|-start|p1a: Apollo|typechange|Bug\/Fighting|[silent]
|turn|15
|
|t:|1610605212
|move|p1a: Apollo|Swords Dance|p1a: Apollo
|-boost|p1a: Apollo|atk|2
|move|p2a: Landorus|Earthquake|p1a: Apollo
|-resisted|p1a: Apollo
|-damage|p1a: Apollo|134\/296
|
|upkeep
|turn|16
|
|t:|1610605219
|move|p1a: Apollo|Triple Axel|p2a: Landorus
|-supereffective|p2a: Landorus
|-damage|p2a: Landorus|33\/100
|-supereffective|p2a: Landorus
|-damage|p2a: Landorus|0 fnt
|-hitcount|p2a: Landorus|2
|faint|p2a: Landorus
|
|upkeep
|c|☆inkbug1|HIT ONE? 
|c|☆Coppersmith|fear
|
|t:|1610605247
|switch|p2a: Mandibuzz|Mandibuzz, F|100\/100
|turn|17
|
|t:|1610605251
|move|p1a: Apollo|Triple Axel|p2a: Mandibuzz
|-supereffective|p2a: Mandibuzz
|-damage|p2a: Mandibuzz|79\/100
|-supereffective|p2a: Mandibuzz
|-damage|p2a: Mandibuzz|38\/100
|-supereffective|p2a: Mandibuzz
|-crit|p2a: Mandibuzz
|-damage|p2a: Mandibuzz|0 fnt
|-hitcount|p2a: Mandibuzz|3
|faint|p2a: Mandibuzz
|
|upkeep
|c|☆inkbug1|wheeze
|c|☆Coppersmith|gg
|
|t:|1610605264
|switch|p2a: Slowbro|Slowbro, M|100\/100 tox
|turn|18
|
|t:|1610605272
|move|p1a: Apollo|U-turn|p2a: Slowbro
|-supereffective|p2a: Slowbro
|-damage|p2a: Slowbro|15\/100 tox
|c|☆inkbug1|jdsfff
|c|☆Coppersmith|asdasdfgh
|
|t:|1610605282
|switch|p1a: Oliver|Noivern, M|180\/311
|move|p2a: Slowbro|Scald|p1a: Oliver
|-resisted|p1a: Oliver
|-damage|p1a: Oliver|120\/311
|
|-damage|p2a: Slowbro|9\/100 tox|[from] psn
|upkeep
|turn|19
|
|t:|1610605291
|switch|p2a: Heatran|Heatran, M|100\/100
|move|p1a: Oliver|U-turn|p2a: Heatran
|-resisted|p2a: Heatran
|-damage|p2a: Heatran|98\/100
|
|t:|1610605299
|switch|p1a: Apollo|Kricketune-Mega, M|134\/296
|-start|p1a: Apollo|typechange|Bug\/Fighting|[silent]
|
|-heal|p2a: Heatran|100\/100|[from] item: Leftovers
|upkeep
|turn|20
|
|t:|1610605307
|move|p1a: Apollo|Close Combat|p2a: Heatran
|-supereffective|p2a: Heatran
|-damage|p2a: Heatran|0 fnt
|-unboost|p1a: Apollo|def|1
|-unboost|p1a: Apollo|spd|1
|faint|p2a: Heatran
|
|upkeep
|c|☆Coppersmith|this apollo is scary
|
|t:|1610605315
|switch|p2a: Spectrier|Spectrier|100\/100
|turn|21
|c|☆inkbug1|its very interesting like 
|c|☆Coppersmith|haxpleasehaxplease
|c|☆inkbug1|it probably doesnt need to run sd 
|c|☆Coppersmith|sd is super scary tho
|c|☆inkbug1|yeah edf 
|
|t:|1610605348
|move|p1a: Apollo|Triple Axel|p2a: Spectrier
|-damage|p2a: Spectrier|88\/100
|-damage|p2a: Spectrier|65\/100
|-damage|p2a: Spectrier|31\/100
|-hitcount|p2a: Spectrier|3
|move|p2a: Spectrier|Shadow Ball|p1a: Apollo
|-damage|p1a: Apollo|0 fnt
|faint|p1a: Apollo
|-ability|p2a: Spectrier|Grim Neigh|boost
|-boost|p2a: Spectrier|spa|1
|
|upkeep
|c|☆Coppersmith|oh thank HEAVEN
|c|☆inkbug1|and an sd turns some things into kos that wouldnt be otherwise 
|
|t:|1610605364
|switch|p1a: Cello|Zygarde-10%|249\/249
|-ability|p1a: Cello|Aura Break
|turn|22
|c|☆Coppersmith|i can win now
|
|t:|1610605370
|switch|p2a: Slowbro|Slowbro, M|42\/100 tox
|move|p1a: Cello|Thousand Arrows|p2a: Slowbro
|-damage|p2a: Slowbro|19\/100 tox
|
|-damage|p2a: Slowbro|12\/100 tox|[from] psn
|upkeep
|turn|23
|c|☆Coppersmith|retract my statement
|
|t:|1610605391
|switch|p2a: Spectrier|Spectrier|31\/100
|move|p1a: Cello|Thousand Arrows|p2a: Spectrier
|-damage|p2a: Spectrier|0 fnt
|faint|p2a: Spectrier
|
|upkeep
|c|☆inkbug1|jhsjdhfdf
|
|t:|1610605397
|switch|p2a: Slowbro|Slowbro, M|46\/100 tox
|turn|24
|
|t:|1610605402
|move|p1a: Cello|Thousand Arrows|p2a: Slowbro
|-damage|p2a: Slowbro|24\/100 tox
|move|p2a: Slowbro|Slack Off|p2a: Slowbro
|-heal|p2a: Slowbro|74\/100 tox
|
|-damage|p2a: Slowbro|68\/100 tox|[from] psn
|upkeep
|turn|25
|
|t:|1610605413
|move|p1a: Cello|Thousand Arrows|p2a: Slowbro
|-damage|p2a: Slowbro|44\/100 tox
|move|p2a: Slowbro|Scald|p1a: Cello
|-damage|p1a: Cello|149\/249
|
|-damage|p2a: Slowbro|31\/100 tox|[from] psn
|upkeep
|turn|26
|
|t:|1610605422
|switch|p1a: Oliver|Noivern, M|120\/311
|move|p2a: Slowbro|Slack Off|p2a: Slowbro
|-heal|p2a: Slowbro|81\/100 tox
|
|-damage|p2a: Slowbro|63\/100 tox|[from] psn
|upkeep
|turn|27
|
|t:|1610605429
|-zpower|p1a: Oliver
|move|p1a: Oliver|Supersonic Skystrike|p2a: Slowbro|[zeffect]
|-damage|p2a: Slowbro|0 fnt
|faint|p2a: Slowbro
|
|win|inkbug1
|c|☆Coppersmith|gg :')
|c|☆inkbug1|ggs ohmy god
|c|☆Coppersmith|krick is scary
|c|☆Coppersmith|now
|c|☆inkbug1|kricketune godtier</script>
</div>
<div class="battle-log battle-log-inline"><div class="inner"><div class="battle-options"><div style="padding-top: 3px; padding-right: 3px; text-align: right"><button class="icon button" name="openBattleOptions" title="Options">Battle Options</button></div></div><div class="inner message-log"><div class="chat"><small>☆inkbug1 and ☆Coppersmith joined</small></div><div class=""><small>Format:</small> <br><strong>[Gen 8] Megas for All</strong></div><div class=""><small><em>HP Percentage Mod:</em> HP is shown in percentages</small></div><div class=""><small><em>Endless Battle Clause:</em> Forcing endless battles is banned</small></div><div class=""><small><em>OHKO Clause:</em> OHKO moves are banned</small></div><div class=""><small><em>Evasion Moves Clause:</em> Evasion moves are banned</small></div><div class=""><small><em>Species Clause:</em> Limit one of each Pokémon</small></div><div class=""><small><em>Dynamax Clause:</em> You cannot dynamax</small></div><div class=""><small><em>Sleep Clause Mod:</em> Limit one foe put to sleep</small></div><div class=""><small><em>Freeze Clause Mod:</em> Limit one foe frozen</small></div><div class="chat"><img src="https://www.smogon.com/forums/attachments/banner_2-png.302358/" height="65" width="381"></div><div class="spacer battle-history"><br></div><div class="battle-history"><small>Welcome to Megas for All!</small><br></div><div class="battle-history"><small>This is a National Dex-based format where we aim to give a new Mega Evolution to every Pokémon.</small><br></div><div class="battle-history"><small>Just like any official format, you can still only Mega Evolve one Pokémon per team!</small><br></div><div class="battle-history"><small>You can find our thread and metagame resources here:</small><br></div><div class="battle-history"><small>https://www.smogon.com/forums/threads/3671140/</small><br></div><div class="chat battle-history"><strong>inkbug1's team:</strong> <em style="color:#445566;display:block;">Incineroar / Noivern / Krookodile / Vaporeon / Zygarde-10% / Kricketune</em></div><div class="chat battle-history"><strong>Coppersmith's team:</strong> <em style="color:#445566;display:block;">Kricketune / Mandibuzz / Slowbro / Heatran / Landorus-Therian / Spectrier</em></div><div class="chat chatmessage-coppersmith"><strong style="color:#0aa445"><small>☆</small><span class="username" data-name="Coppersmith">Coppersmith</span>:</strong> <em>hi</em></div><div class="chat chatmessage-inkbug1 mine"><strong style="color:#e46e0f"><small>☆</small><span class="username" data-name="inkbug1">inkbug1</span>:</strong> <em>heya</em></div><div class="chat chatmessage-coppersmith"><strong style="color:#0aa445"><small>☆</small><span class="username" data-name="Coppersmith">Coppersmith</span>:</strong> <em>oh that</em></div><div class="chat chatmessage-coppersmith"><strong style="color:#0aa445"><small>☆</small><span class="username" data-name="Coppersmith">Coppersmith</span>:</strong> <em>looks rad</em></div><div class="spacer battle-history"><br></div><div class="battle-history">Battle started between inkbug1 and Coppersmith!<br></div><div class="spacer battle-history"><br></div><div class="battle-history">Go! Cindy (<strong>Incineroar</strong>)!<br></div><div class="spacer battle-history"><br></div><div class="battle-history">Coppersmith sent out <strong>Kricketune</strong>!<br></div><div class="battle-history">[Cindy's Intimidate]<br></div><div class="battle-history"><small>The opposing Kricketune's Attack fell!</small><br></div><div class="spacer battle-history"><br></div><h2 class="battle-history">Turn 1</h2><div class="chat chatmessage-inkbug1 mine"><strong style="color:#e46e0f"><small>☆</small><span class="username" data-name="inkbug1">inkbug1</span>:</strong> <em>thanks i copied it from one of my early ver leavanny teams :'D </em></div><div class="spacer battle-history"><br></div><div class="battle-history"><small>The opposing Kricketune's Kricketite is reacting to the Key Stone!</small><br>The opposing Kricketune has Mega Evolved into Mega Kricketune!<br></div><div class="chat"><ul class="utilichart"><li class="result"><span class="col pokemonnamecol" style="white-space: nowrap">Kricketune-Mega</span> <span class="col typecol"><img src="https://play.pokemonshowdown.com/sprites/types/Bug.png" alt="Bug" height="14" width="32"><img src="https://play.pokemonshowdown.com/sprites/types/Fighting.png" alt="Fighting" height="14" width="32"></span> <span style="float: left ; min-height: 26px"><span class="col abilitycol">Dancer</span><span class="col abilitycol"></span></span><span style="float: left ; min-height: 26px"><span class="col statcol"><em>HP</em><br>77</span> <span class="col statcol"><em>Atk</em><br>145</span> <span class="col statcol"><em>Def</em><br>51</span> <span class="col statcol"><em>SpA</em><br>15</span> <span class="col statcol"><em>SpD</em><br>51</span> <span class="col statcol"><em>Spe</em><br>145</span> </span></li><li style="clear: both"></li></ul></div><div class="spacer battle-history"><br></div><div class="battle-history">The opposing Kricketune used <strong>Close Combat</strong>!<br></div><div class="battle-history"><small>It's super effective!</small><br></div><div class="battle-history"><small>(Cindy lost <abbr title="−366/394">92.9%</abbr> of its health!)</small><br></div><div class="battle-history"><small>The opposing Kricketune's Defense fell!</small><br></div><div class="battle-history"><small>The opposing Kricketune's Sp. Def fell!</small><br></div><div class="spacer battle-history"><br></div><div class="battle-history">Cindy used <strong>Will-O-Wisp</strong>!<br></div><div class="battle-history"><small>The opposing Kricketune avoided the attack!</small><br></div><div class="spacer battle-history"><br></div><h2 class="battle-history">Turn 2</h2><div class="chat chatmessage-inkbug1 mine"><strong style="color:#e46e0f"><small>☆</small><span class="username" data-name="inkbug1">inkbug1</span>:</strong> <em>kajhdkjshdasd</em></div><div class="chat chatmessage-coppersmith"><strong style="color:#0aa445"><small>☆</small><span class="username" data-name="Coppersmith">Coppersmith</span>:</strong> <em>vfdhjsgfhdjk</em></div><div class="spacer battle-history"><br></div><div class="battle-history">Cindy, come back!<br></div><div class="battle-history">Go! Oliver (<strong>Noivern</strong>)!<br></div><div class="spacer battle-history"><br></div><div class="battle-history">The opposing Kricketune used <strong>U-turn</strong>!<br></div><div class="battle-history"><small>It's not very effective...</small><br></div><div class="battle-history"><small>(Oliver lost <abbr title="−54/311">17.4%</abbr> of its health!)</small><br></div><div class="chat chatmessage-coppersmith"><strong style="color:#0aa445"><small>☆</small><span class="username" data-name="Coppersmith">Coppersmith</span>:</strong> <em>im sorry</em></div><div class="spacer battle-history"><br></div><div class="battle-history">The opposing Kricketune went back to Coppersmith!<br></div><div class="battle-history">Coppersmith sent out <strong>Heatran</strong>!<br></div><div class="spacer battle-history"><br></div><h2 class="battle-history">Turn 3</h2><div class="chat chatmessage-coppersmith"><strong style="color:#0aa445"><small>☆</small><span class="username" data-name="Coppersmith">Coppersmith</span>:</strong> <em>wasnt tryna hax i promise</em></div><div class="spacer battle-history"><br></div><div class="battle-history">Oliver used <strong>U-turn</strong>!<br></div><div class="battle-history"><small>It's not very effective...</small><br></div><div class="battle-history"><small>(The opposing Heatran lost 2% of its health!)</small><br></div><div class="spacer battle-history"><br></div><div class="battle-history">Oliver went back to inkbug1!<br></div><div class="battle-history">Go! Shay (<strong>Krookodile</strong>)!<br></div><div class="battle-history">[Shay's Intimidate]<br></div><div class="battle-history"><small>The opposing Heatran's Attack fell!</small><br></div><div class="spacer battle-history"><br></div><div class="battle-history">The opposing Heatran used <strong>Stealth Rock</strong>!<br></div><div class="battle-history"><small>Pointed stones float in the air around your team!</small><br></div><div class="spacer battle-history"><br></div><div class="battle-history"><small>The opposing Heatran restored a little HP using its Leftovers!</small><br></div><div class="spacer battle-history"><br></div><h2 class="battle-history">Turn 4</h2><div class="chat chatmessage-coppersmith"><strong style="color:#0aa445"><small>☆</small><span class="username" data-name="Coppersmith">Coppersmith</span>:</strong> <em>it just happened</em></div><div class="chat chatmessage-coppersmith"><strong style="color:#0aa445"><small>☆</small><span class="username" data-name="Coppersmith">Coppersmith</span>:</strong> <em>oh man i love krookodile</em></div><div class="spacer battle-history"><br></div><div class="battle-history">Coppersmith withdrew Heatran!<br></div><div class="battle-history">Coppersmith sent out Landorus (<strong>Landorus-Therian</strong>)!<br></div><div class="battle-history">[The opposing Landorus's Intimidate]<br></div><div class="battle-history"><small>Shay's Attack fell!</small><br></div><div class="battle-history"><small>(Shay used its Eject Pack!)</small><br></div><div class="chat chatmessage-inkbug1 mine"><strong style="color:#e46e0f"><small>☆</small><span class="username" data-name="inkbug1">inkbug1</span>:</strong> <em>NO</em></div><div class="chat chatmessage-coppersmith"><strong style="color:#0aa445"><small>☆</small><span class="username" data-name="Coppersmith">Coppersmith</span>:</strong> <em>oh no</em></div><div class="chat chatmessage-coppersmith"><strong style="color:#0aa445"><small>☆</small><span class="username" data-name="Coppersmith">Coppersmith</span>:</strong> <em>was it cc</em></div><div class="chat chatmessage-inkbug1 mine"><strong style="color:#e46e0f"><small>☆</small><span class="username" data-name="inkbug1">inkbug1</span>:</strong> <em>yea ajshdgasd fair enough</em></div><div class="chat chatmessage-inkbug1 mine"><strong style="color:#e46e0f"><small>☆</small><span class="username" data-name="inkbug1">inkbug1</span>:</strong> <em>usually SR lead </em></div><div class="spacer battle-history"><br></div><div class="battle-history">Shay, come back!<br></div><div class="battle-history">Go! Finnigan (<strong>Vaporeon</strong>)!<br></div><div class="battle-history"><small>Pointed stones dug into Finnigan!</small><br></div><div class="spacer battle-history"><br></div><div class="battle-history"><small>Finnigan restored a little HP using its Leftovers!</small><br></div><div class="spacer battle-history"><br></div><h2 class="battle-history">Turn 5</h2><div class="chat chatmessage-coppersmith"><strong style="color:#0aa445"><small>☆</small><span class="username" data-name="Coppersmith">Coppersmith</span>:</strong> <em>krookodile is cool</em></div><div class="chat chatmessage-coppersmith"><strong style="color:#0aa445"><small>☆</small><span class="username" data-name="Coppersmith">Coppersmith</span>:</strong> <em>its like</em></div><div class="chat chatmessage-inkbug1 mine"><strong style="color:#e46e0f"><small>☆</small><span class="username" data-name="inkbug1">inkbug1</span>:</strong> <em>its epic i use it alot</em></div><div class="chat chatmessage-coppersmith"><strong style="color:#0aa445"><small>☆</small><span class="username" data-name="Coppersmith">Coppersmith</span>:</strong> <em>Lando-T: UU Edition</em></div><div class="chat chatmessage-inkbug1 mine"><strong style="color:#e46e0f"><small>☆</small><span class="username" data-name="inkbug1">inkbug1</span>:</strong> <em>its very fast</em></div><div class="chat chatmessage-coppersmith"><strong style="color:#0aa445"><small>☆</small><span class="username" data-name="Coppersmith">Coppersmith</span>:</strong> <em>But i love it and want to do it justice </em></div><div class="spacer battle-history"><br></div><div class="battle-history">The opposing Landorus used <strong>U-turn</strong>!<br></div><div class="battle-history"><small>(Finnigan lost <abbr title="−100/464">21.6%</abbr> of its health!)</small><br></div><div class="chat chatmessage-inkbug1 mine"><strong style="color:#e46e0f"><small>☆</small><span class="username" data-name="inkbug1">inkbug1</span>:</strong> <em>i rly shouldnt use it and incineroar on the same team but shruggie</em></div><div class="spacer battle-history"><br></div><div class="battle-history">The opposing Landorus went back to Coppersmith!<br></div><div class="battle-history">Coppersmith sent out <strong>Slowbro</strong>!<br></div><div class="spacer battle-history"><br></div><div class="battle-history">Finnigan used <strong>Flip Turn</strong>!<br></div><div class="battle-history"><small>It's not very effective...</small><br></div><div class="battle-history"><small>(The opposing Slowbro lost 4% of its health!)</small><br></div><div class="spacer battle-history"><br></div><div class="battle-history">Finnigan, come back!<br></div><div class="battle-history">Go! Oliver (<strong>Noivern</strong>)!<br></div><div class="battle-history"><small>Pointed stones dug into Oliver!</small><br></div><div class="spacer battle-history"><br></div><h2 class="battle-history">Turn 6</h2><div class="spacer battle-history"><br></div><div class="battle-history">Oliver used <strong>Defog</strong>!<br></div><div class="battle-history"><small>The opposing Slowbro's evasiveness fell!</small><br></div><div class="battle-history"><small>The pointed stones disappeared from around your team!</small><br></div><div class="spacer battle-history"><br></div><div class="battle-history">The opposing Slowbro used <strong>Teleport</strong>!<br></div><div class="spacer battle-history"><br></div><div class="battle-history">Coppersmith withdrew Slowbro!<br></div><div class="battle-history">Coppersmith sent out Kricketune (<strong>Kricketune-Mega</strong>)!<br></div><div class="spacer battle-history"><br></div><h2 class="battle-history">Turn 7</h2><div class="chat chatmessage-inkbug1 mine"><strong style="color:#e46e0f"><small>☆</small><span class="username" data-name="inkbug1">inkbug1</span>:</strong> <em>my god i have no switchins</em></div><div class="spacer battle-history"><br></div><div class="battle-history">Oliver, come back!<br></div><div class="battle-history">Go! Cindy (<strong>Incineroar</strong>)!<br></div><div class="battle-history">[Cindy's Intimidate]<br></div><div class="battle-history"><small>The opposing Kricketune's Attack fell!</small><br></div><div class="spacer battle-history"><br></div><div class="battle-history">The opposing Kricketune used <strong>Triple Axel</strong>!<br></div><div class="battle-history"><small>It's not very effective...</small><br></div><div class="battle-history"><small>(Cindy lost <abbr title="−10/394">2.5%</abbr> of its health!)</small><br></div><div class="battle-history"><small>It's not very effective...</small><br></div><div class="battle-history"><small>(Cindy lost <abbr title="−18/394">4.6%</abbr> of its health!)</small><br></div><div class="battle-history"><small>The Pokémon was hit 2 times!</small><br></div><div class="spacer battle-history"><br></div><div class="battle-history">Cindy fainted!<br></div><div class="chat chatmessage-coppersmith"><strong style="color:#0aa445"><small>☆</small><span class="username" data-name="Coppersmith">Coppersmith</span>:</strong> <em>triple axel is great on it</em></div><div class="spacer battle-history"><br></div><div class="battle-history">Go! Apollo (<strong>Kricketune</strong>)!<br></div><div class="spacer battle-history"><br></div><h2 class="battle-history">Turn 8</h2><div class="chat chatmessage-coppersmith"><strong style="color:#0aa445"><small>☆</small><span class="username" data-name="Coppersmith">Coppersmith</span>:</strong> <em>honestly i think its viable as a speedy revenge killer now</em></div><div class="chat chatmessage-inkbug1 mine"><strong style="color:#e46e0f"><small>☆</small><span class="username" data-name="inkbug1">inkbug1</span>:</strong> <em>yea its really fast and honestly gives a <i>lot</i> of pressure</em></div><div class="chat chatmessage-inkbug1 mine"><strong style="color:#e46e0f"><small>☆</small><span class="username" data-name="inkbug1">inkbug1</span>:</strong> <em>which is neato</em></div><div class="spacer battle-history"><br></div><div class="battle-history">Coppersmith withdrew Kricketune!<br></div><div class="battle-history">Coppersmith sent out <strong>Slowbro</strong>!<br></div><div class="spacer battle-history"><br></div><div class="battle-history"><small>Apollo's Kricketite is reacting to the Key Stone!</small><br>Apollo has Mega Evolved into Mega Kricketune!<br></div><div class="chat"><ul class="utilichart"><li class="result"><span class="col pokemonnamecol" style="white-space: nowrap">Kricketune-Mega</span> <span class="col typecol"><img src="https://play.pokemonshowdown.com/sprites/types/Bug.png" alt="Bug" height="14" width="32"><img src="https://play.pokemonshowdown.com/sprites/types/Fighting.png" alt="Fighting" height="14" width="32"></span> <span style="float: left ; min-height: 26px"><span class="col abilitycol">Dancer</span><span class="col abilitycol"></span></span><span style="float: left ; min-height: 26px"><span class="col statcol"><em>HP</em><br>77</span> <span class="col statcol"><em>Atk</em><br>145</span> <span class="col statcol"><em>Def</em><br>51</span> <span class="col statcol"><em>SpA</em><br>15</span> <span class="col statcol"><em>SpD</em><br>51</span> <span class="col statcol"><em>Spe</em><br>145</span> </span></li><li style="clear: both"></li></ul></div><div class="spacer battle-history"><br></div><div class="battle-history">Apollo used <strong>U-turn</strong>!<br></div><div class="battle-history"><small>It's super effective!</small><br></div><div class="battle-history"><small>(The opposing Slowbro lost 47% of its health!)</small><br></div><div class="chat chatmessage-coppersmith"><strong style="color:#0aa445"><small>☆</small><span class="username" data-name="Coppersmith">Coppersmith</span>:</strong> <em>holy</em></div><div class="spacer battle-history"><br></div><div class="battle-history">Apollo went back to inkbug1!<br></div><div class="battle-history">Go! Finnigan (<strong>Vaporeon</strong>)!<br></div><div class="spacer battle-history"><br></div><div class="battle-history"><small>Finnigan restored a little HP using its Leftovers!</small><br></div><div class="spacer battle-history"><br></div><h2 class="battle-history">Turn 9</h2><div class="chat chatmessage-coppersmith"><strong style="color:#0aa445"><small>☆</small><span class="username" data-name="Coppersmith">Coppersmith</span>:</strong> <em>this is a physdef slowbro</em></div><div class="spacer battle-history"><br></div><div class="battle-history">Finnigan used <strong>Toxic</strong>!<br></div><div class="battle-history"><small>The opposing Slowbro was badly poisoned!</small><br></div><div class="spacer battle-history"><br></div><div class="battle-history">The opposing Slowbro used <strong>Teleport</strong>!<br></div><div class="chat chatmessage-inkbug1 mine"><strong style="color:#e46e0f"><small>☆</small><span class="username" data-name="inkbug1">inkbug1</span>:</strong> <em>jhsgdjsd</em></div><div class="spacer battle-history"><br></div><div class="battle-history">Coppersmith withdrew Slowbro!<br></div><div class="battle-history">Coppersmith sent out Kricketune (<strong>Kricketune-Mega</strong>)!<br></div><div class="spacer battle-history"><br></div><div class="battle-history"><small>Finnigan restored a little HP using its Leftovers!</small><br></div><div class="spacer battle-history"><br></div><h2 class="battle-history">Turn 10</h2><div class="spacer battle-history"><br></div><div class="battle-history">The opposing Kricketune used <strong>Close Combat</strong>!<br></div><div class="battle-history"><small>(Finnigan lost <abbr title="−268/464">57.8%</abbr> of its health!)</small><br></div><div class="battle-history"><small>The opposing Kricketune's Defense fell!</small><br></div><div class="battle-history"><small>The opposing Kricketune's Sp. Def fell!</small><br></div><div class="spacer battle-history"><br></div><div class="battle-history">Finnigan used <strong>Flip Turn</strong>!<br></div><div class="battle-history"><small>(The opposing Kricketune lost 43% of its health!)</small><br></div><div class="chat chatmessage-coppersmith"><strong style="color:#0aa445"><small>☆</small><span class="username" data-name="Coppersmith">Coppersmith</span>:</strong> <em>ok</em></div><div class="chat chatmessage-coppersmith"><strong style="color:#0aa445"><small>☆</small><span class="username" data-name="Coppersmith">Coppersmith</span>:</strong> <em>its</em></div><div class="chat chatmessage-coppersmith"><strong style="color:#0aa445"><small>☆</small><span class="username" data-name="Coppersmith">Coppersmith</span>:</strong> <em>fine</em></div><div class="spacer battle-history"><br></div><div class="battle-history">Finnigan, come back!<br></div><div class="battle-history">Go! Cello (<strong>Zygarde-10%</strong>)!<br></div><div class="battle-history">[Cello's Aura Break]<br><small>Cello reversed all other Pokémon's auras!</small><br></div><div class="spacer battle-history"><br></div><h2 class="battle-history">Turn 11</h2><div class="spacer battle-history"><br></div><div class="battle-history">Cello used <strong>Stone Edge</strong>!<br></div><div class="battle-history"><small>(The opposing Kricketune lost 57% of its health!)</small><br></div><div class="spacer battle-history"><br></div><div class="battle-history">The opposing Kricketune fainted!<br></div><div class="chat chatmessage-inkbug1 mine"><strong style="color:#e46e0f"><small>☆</small><span class="username" data-name="inkbug1">inkbug1</span>:</strong> <em>thhis ones scarf </em></div><div class="chat chatmessage-coppersmith"><strong style="color:#0aa445"><small>☆</small><span class="username" data-name="Coppersmith">Coppersmith</span>:</strong> <em>ooooooof</em></div><div class="spacer battle-history"><br></div><div class="battle-history">Coppersmith sent out <strong>Slowbro</strong>!<br></div><div class="spacer battle-history"><br></div><h2 class="battle-history">Turn 12</h2><div class="chat chatmessage-coppersmith"><strong style="color:#0aa445"><small>☆</small><span class="username" data-name="Coppersmith">Coppersmith</span>:</strong> <em>caught by surprise this time around</em></div><div class="spacer battle-history"><br></div><div class="battle-history">Cello, come back!<br></div><div class="battle-history">Go! Finnigan (<strong>Vaporeon</strong>)!<br></div><div class="spacer battle-history"><br></div><div class="battle-history">The opposing Slowbro used <strong>Future Sight</strong>!<br></div><div class="battle-history"><small>The opposing Slowbro foresaw an attack!</small><br></div><div class="spacer battle-history"><br></div><div class="battle-history"><small>Finnigan restored a little HP using its Leftovers!</small><br></div><div class="battle-history"><small>The opposing Slowbro was hurt by poison!</small><br></div><div class="spacer battle-history"><br></div><h2 class="battle-history">Turn 13</h2><div class="chat chatmessage-inkbug1 mine"><strong style="color:#e46e0f"><small>☆</small><span class="username" data-name="inkbug1">inkbug1</span>:</strong> <em>fair :'D </em></div><div class="spacer battle-history"><br></div><div class="battle-history">Finnigan used <strong>Wish</strong>!<br></div><div class="spacer battle-history"><br></div><div class="battle-history">The opposing Slowbro used <strong>Teleport</strong>!<br></div><div class="spacer battle-history"><br></div><div class="battle-history">Coppersmith withdrew Slowbro!<br></div><div class="battle-history">Coppersmith sent out Landorus (<strong>Landorus-Therian</strong>)!<br></div><div class="battle-history">[The opposing Landorus's Intimidate]<br></div><div class="battle-history"><small>Finnigan's Attack fell!</small><br></div><div class="spacer battle-history"><br></div><div class="battle-history"><small>Finnigan restored a little HP using its Leftovers!</small><br></div><div class="spacer battle-history"><br></div><h2 class="battle-history">Turn 14</h2><div class="chat chatmessage-inkbug1 mine"><strong style="color:#e46e0f"><small>☆</small><span class="username" data-name="inkbug1">inkbug1</span>:</strong> <em>yeah all the sets of zydog youve seen have been like. slightly different, </em></div><div class="spacer battle-history"><br></div><div class="battle-history">The opposing Landorus used <strong>Earthquake</strong>!<br></div><div class="battle-history"><small>(Finnigan lost <abbr title="−183/464">39.4%</abbr> of its health!)</small><br></div><div class="spacer battle-history"><br></div><div class="battle-history">Finnigan fainted!<br></div><div class="spacer battle-history"><br></div><div class="battle-history"><small>(Future Sight did not hit because the target is the user.)</small><br></div><div class="chat chatmessage-inkbug1 mine"><strong style="color:#e46e0f"><small>☆</small><span class="username" data-name="inkbug1">inkbug1</span>:</strong> <em>uff alright</em></div><div class="spacer battle-history"><br></div><div class="battle-history">Go! Apollo (<strong>Kricketune-Mega</strong>)!<br></div><div class="spacer battle-history"><br></div><h2 class="battle-history">Turn 15</h2><div class="spacer battle-history"><br></div><div class="battle-history">Apollo used <strong>Swords Dance</strong>!<br></div><div class="battle-history"><small>Apollo's Attack rose sharply!</small><br></div><div class="spacer battle-history"><br></div><div class="battle-history">The opposing Landorus used <strong>Earthquake</strong>!<br></div><div class="battle-history"><small>It's not very effective...</small><br></div><div class="battle-history"><small>(Apollo lost <abbr title="−162/296">54.7%</abbr> of its health!)</small><br></div><div class="spacer battle-history"><br></div><h2 class="battle-history">Turn 16</h2><div class="spacer battle-history"><br></div><div class="battle-history">Apollo used <strong>Triple Axel</strong>!<br></div><div class="battle-history"><small>It's super effective!</small><br></div><div class="battle-history"><small>(The opposing Landorus lost 67% of its health!)</small><br></div><div class="battle-history"><small>It's super effective!</small><br></div><div class="battle-history"><small>(The opposing Landorus lost 33% of its health!)</small><br></div><div class="battle-history"><small>The Pokémon was hit 2 times!</small><br></div><div class="spacer battle-history"><br></div><div class="battle-history">The opposing Landorus fainted!<br></div><div class="chat chatmessage-inkbug1 mine"><strong style="color:#e46e0f"><small>☆</small><span class="username" data-name="inkbug1">inkbug1</span>:</strong> <em>HIT ONE? </em></div><div class="chat chatmessage-coppersmith"><strong style="color:#0aa445"><small>☆</small><span class="username" data-name="Coppersmith">Coppersmith</span>:</strong> <em>fear</em></div><div class="spacer battle-history"><br></div><div class="battle-history">Coppersmith sent out <strong>Mandibuzz</strong>!<br></div><div class="spacer battle-history"><br></div><h2 class="battle-history">Turn 17</h2><div class="spacer battle-history"><br></div><div class="battle-history">Apollo used <strong>Triple Axel</strong>!<br></div><div class="battle-history"><small>It's super effective!</small><br></div><div class="battle-history"><small>(The opposing Mandibuzz lost 21% of its health!)</small><br></div><div class="battle-history"><small>It's super effective!</small><br></div><div class="battle-history"><small>(The opposing Mandibuzz lost 41% of its health!)</small><br></div><div class="battle-history"><small>It's super effective!</small><br></div><div class="battle-history"><small>A critical hit!</small><br></div><div class="battle-history"><small>(The opposing Mandibuzz lost 38% of its health!)</small><br></div><div class="battle-history"><small>The Pokémon was hit 3 times!</small><br></div><div class="spacer battle-history"><br></div><div class="battle-history">The opposing Mandibuzz fainted!<br></div><div class="chat chatmessage-inkbug1 mine"><strong style="color:#e46e0f"><small>☆</small><span class="username" data-name="inkbug1">inkbug1</span>:</strong> <em>wheeze</em></div><div class="chat chatmessage-coppersmith"><strong style="color:#0aa445"><small>☆</small><span class="username" data-name="Coppersmith">Coppersmith</span>:</strong> <em>gg</em></div><div class="spacer battle-history"><br></div><div class="battle-history">Coppersmith sent out <strong>Slowbro</strong>!<br></div><div class="spacer battle-history"><br></div><h2 class="battle-history">Turn 18</h2><div class="spacer battle-history"><br></div><div class="battle-history">Apollo used <strong>U-turn</strong>!<br></div><div class="battle-history"><small>It's super effective!</small><br></div><div class="battle-history"><small>(The opposing Slowbro lost 85% of its health!)</small><br></div><div class="chat chatmessage-inkbug1 mine"><strong style="color:#e46e0f"><small>☆</small><span class="username" data-name="inkbug1">inkbug1</span>:</strong> <em>jdsfff</em></div><div class="chat chatmessage-coppersmith"><strong style="color:#0aa445"><small>☆</small><span class="username" data-name="Coppersmith">Coppersmith</span>:</strong> <em>asdasdfgh</em></div><div class="spacer battle-history"><br></div><div class="battle-history">Apollo went back to inkbug1!<br></div><div class="battle-history">Go! Oliver (<strong>Noivern</strong>)!<br></div><div class="spacer battle-history"><br></div><div class="battle-history">The opposing Slowbro used <strong>Scald</strong>!<br></div><div class="battle-history"><small>It's not very effective...</small><br></div><div class="battle-history"><small>(Oliver lost <abbr title="−60/311">19.3%</abbr> of its health!)</small><br></div><div class="spacer battle-history"><br></div><div class="battle-history"><small>The opposing Slowbro was hurt by poison!</small><br></div><div class="spacer battle-history"><br></div><h2 class="battle-history">Turn 19</h2><div class="spacer battle-history"><br></div><div class="battle-history">Coppersmith withdrew Slowbro!<br></div><div class="battle-history">Coppersmith sent out <strong>Heatran</strong>!<br></div><div class="spacer battle-history"><br></div><div class="battle-history">Oliver used <strong>U-turn</strong>!<br></div><div class="battle-history"><small>It's not very effective...</small><br></div><div class="battle-history"><small>(The opposing Heatran lost 2% of its health!)</small><br></div><div class="spacer battle-history"><br></div><div class="battle-history">Oliver went back to inkbug1!<br></div><div class="battle-history">Go! Apollo (<strong>Kricketune-Mega</strong>)!<br></div><div class="spacer battle-history"><br></div><div class="battle-history"><small>The opposing Heatran restored a little HP using its Leftovers!</small><br></div><div class="spacer battle-history"><br></div><h2 class="battle-history">Turn 20</h2><div class="spacer battle-history"><br></div><div class="battle-history">Apollo used <strong>Close Combat</strong>!<br></div><div class="battle-history"><small>It's super effective!</small><br></div><div class="battle-history"><small>(The opposing Heatran lost 100% of its health!)</small><br></div><div class="battle-history"><small>Apollo's Defense fell!</small><br></div><div class="battle-history"><small>Apollo's Sp. Def fell!</small><br></div><div class="spacer battle-history"><br></div><div class="battle-history">The opposing Heatran fainted!<br></div><div class="chat chatmessage-coppersmith"><strong style="color:#0aa445"><small>☆</small><span class="username" data-name="Coppersmith">Coppersmith</span>:</strong> <em>this apollo is scary</em></div><div class="spacer battle-history"><br></div><div class="battle-history">Coppersmith sent out <strong>Spectrier</strong>!<br></div><div class="spacer battle-history"><br></div><h2 class="battle-history">Turn 21</h2><div class="chat chatmessage-inkbug1 mine"><strong style="color:#e46e0f"><small>☆</small><span class="username" data-name="inkbug1">inkbug1</span>:</strong> <em>its very interesting like </em></div><div class="chat chatmessage-coppersmith"><strong style="color:#0aa445"><small>☆</small><span class="username" data-name="Coppersmith">Coppersmith</span>:</strong> <em>haxpleasehaxplease</em></div><div class="chat chatmessage-inkbug1 mine"><strong style="color:#e46e0f"><small>☆</small><span class="username" data-name="inkbug1">inkbug1</span>:</strong> <em>it probably doesnt need to run sd </em></div><div class="chat chatmessage-coppersmith"><strong style="color:#0aa445"><small>☆</small><span class="username" data-name="Coppersmith">Coppersmith</span>:</strong> <em>sd is super scary tho</em></div><div class="chat chatmessage-inkbug1 mine"><strong style="color:#e46e0f"><small>☆</small><span class="username" data-name="inkbug1">inkbug1</span>:</strong> <em>yeah edf </em></div><div class="spacer battle-history"><br></div><div class="battle-history">Apollo used <strong>Triple Axel</strong>!<br></div><div class="battle-history"><small>(The opposing Spectrier lost 12% of its health!)</small><br></div><div class="battle-history"><small>(The opposing Spectrier lost 23% of its health!)</small><br></div><div class="battle-history"><small>(The opposing Spectrier lost 34% of its health!)</small><br></div><div class="battle-history"><small>The Pokémon was hit 3 times!</small><br></div><div class="spacer battle-history"><br></div><div class="battle-history">The opposing Spectrier used <strong>Shadow Ball</strong>!<br></div><div class="battle-history"><small>(Apollo lost <abbr title="−134/296">45.3%</abbr> of its health!)</small><br></div><div class="spacer battle-history"><br></div><div class="battle-history">Apollo fainted!<br></div><div class="battle-history">[The opposing Spectrier's Grim Neigh]<br></div><div class="battle-history"><small>The opposing Spectrier's Sp. Atk rose!</small><br></div><div class="chat chatmessage-coppersmith"><strong style="color:#0aa445"><small>☆</small><span class="username" data-name="Coppersmith">Coppersmith</span>:</strong> <em>oh thank HEAVEN</em></div><div class="chat chatmessage-inkbug1 mine"><strong style="color:#e46e0f"><small>☆</small><span class="username" data-name="inkbug1">inkbug1</span>:</strong> <em>and an sd turns some things into kos that wouldnt be otherwise </em></div><div class="spacer battle-history"><br></div><div class="battle-history">Go! Cello (<strong>Zygarde-10%</strong>)!<br></div><div class="battle-history">[Cello's Aura Break]<br><small>Cello reversed all other Pokémon's auras!</small><br></div><div class="spacer battle-history"><br></div><h2 class="battle-history">Turn 22</h2><div class="chat chatmessage-coppersmith"><strong style="color:#0aa445"><small>☆</small><span class="username" data-name="Coppersmith">Coppersmith</span>:</strong> <em>i can win now</em></div><div class="spacer battle-history"><br></div><div class="battle-history">Coppersmith withdrew Spectrier!<br></div><div class="battle-history">Coppersmith sent out <strong>Slowbro</strong>!<br></div><div class="spacer battle-history"><br></div><div class="battle-history">Cello used <strong>Thousand Arrows</strong>!<br></div><div class="battle-history"><small>(The opposing Slowbro lost 23% of its health!)</small><br></div><div class="spacer battle-history"><br></div><div class="battle-history"><small>The opposing Slowbro was hurt by poison!</small><br></div><div class="spacer battle-history"><br></div><h2 class="battle-history">Turn 23</h2><div class="chat chatmessage-coppersmith"><strong style="color:#0aa445"><small>☆</small><span class="username" data-name="Coppersmith">Coppersmith</span>:</strong> <em>retract my statement</em></div><div class="spacer battle-history"><br></div><div class="battle-history">Coppersmith withdrew Slowbro!<br></div><div class="battle-history">Coppersmith sent out <strong>Spectrier</strong>!<br></div><div class="spacer battle-history"><br></div><div class="battle-history">Cello used <strong>Thousand Arrows</strong>!<br></div><div class="battle-history"><small>(The opposing Spectrier lost 31% of its health!)</small><br></div><div class="spacer battle-history"><br></div><div class="battle-history">The opposing Spectrier fainted!<br></div><div class="chat chatmessage-inkbug1 mine"><strong style="color:#e46e0f"><small>☆</small><span class="username" data-name="inkbug1">inkbug1</span>:</strong> <em>jhsjdhfdf</em></div><div class="spacer battle-history"><br></div><div class="battle-history">Coppersmith sent out <strong>Slowbro</strong>!<br></div><div class="spacer battle-history"><br></div><h2 class="battle-history">Turn 24</h2><div class="spacer battle-history"><br></div><div class="battle-history">Cello used <strong>Thousand Arrows</strong>!<br></div><div class="battle-history"><small>(The opposing Slowbro lost 22% of its health!)</small><br></div><div class="spacer battle-history"><br></div><div class="battle-history">The opposing Slowbro used <strong>Slack Off</strong>!<br></div><div class="battle-history"><small>The opposing Slowbro had its HP restored.</small><br></div><div class="spacer battle-history"><br></div><div class="battle-history"><small>The opposing Slowbro was hurt by poison!</small><br></div><div class="spacer battle-history"><br></div><h2 class="battle-history">Turn 25</h2><div class="spacer battle-history"><br></div><div class="battle-history">Cello used <strong>Thousand Arrows</strong>!<br></div><div class="battle-history"><small>(The opposing Slowbro lost 24% of its health!)</small><br></div><div class="spacer battle-history"><br></div><div class="battle-history">The opposing Slowbro used <strong>Scald</strong>!<br></div><div class="battle-history"><small>(Cello lost <abbr title="−100/249">40.2%</abbr> of its health!)</small><br></div><div class="spacer battle-history"><br></div><div class="battle-history"><small>The opposing Slowbro was hurt by poison!</small><br></div><div class="spacer battle-history"><br></div><h2 class="battle-history">Turn 26</h2><div class="spacer battle-history"><br></div><div class="battle-history">Cello, come back!<br></div><div class="battle-history">Go! Oliver (<strong>Noivern</strong>)!<br></div><div class="spacer battle-history"><br></div><div class="battle-history">The opposing Slowbro used <strong>Slack Off</strong>!<br></div><div class="battle-history"><small>The opposing Slowbro had its HP restored.</small><br></div><div class="spacer battle-history"><br></div><div class="battle-history"><small>The opposing Slowbro was hurt by poison!</small><br></div><div class="spacer battle-history"><br></div><h2 class="battle-history">Turn 27</h2><div class="spacer battle-history"><br></div><div class="battle-history"><small>Oliver surrounded itself with its Z-Power!</small><br></div><div class="spacer battle-history"><br></div><div class="battle-history"><small>Oliver unleashes its full-force Z-Move!</small><br>Oliver used <strong>Supersonic Skystrike</strong>!<br></div><div class="battle-history"><small>(The opposing Slowbro lost 63% of its health!)</small><br></div><div class="spacer battle-history"><br></div><div class="battle-history">The opposing Slowbro fainted!<br></div><div class="spacer battle-history"><br></div><div class="battle-history"><strong>inkbug1</strong> won the battle!<br></div><div class="chat chatmessage-coppersmith"><strong style="color:#0aa445"><small>☆</small><span class="username" data-name="Coppersmith">Coppersmith</span>:</strong> <em>gg :')</em></div><div class="chat chatmessage-inkbug1 mine"><strong style="color:#e46e0f"><small>☆</small><span class="username" data-name="inkbug1">inkbug1</span>:</strong> <em>ggs ohmy god</em></div><div class="chat chatmessage-coppersmith"><strong style="color:#0aa445"><small>☆</small><span class="username" data-name="Coppersmith">Coppersmith</span>:</strong> <em>krick is scary</em></div><div class="chat chatmessage-coppersmith"><strong style="color:#0aa445"><small>☆</small><span class="username" data-name="Coppersmith">Coppersmith</span>:</strong> <em>now</em></div><div class="chat chatmessage-inkbug1 mine"><strong style="color:#e46e0f"><small>☆</small><span class="username" data-name="inkbug1">inkbug1</span>:</strong> <em>kricketune godtier</em></div></div><div class="inner-preempt message-log"></div></div></div>
</div>
<script>
let daily = Math.floor(Date.now()/1000/60/60/24);document.write('<script src="https://dragonheaven.herokuapp.com/js/replay-embed.js?version'+daily+'"></'+'script>');
</script>
