<!DOCTYPE html>
<meta charset="utf-8" />
<!-- version 1 -->
<title>[Gen 8] Megas for All replay: exploziff vs. Magmajudis</title>
<style>
html,body {font-family:Verdana, sans-serif;font-size:10pt;margin:0;padding:0;}body{padding:12px 0;} .battle-log {font-family:Verdana, sans-serif;font-size:10pt;} .battle-log-inline {border:1px solid #AAAAAA;background:#EEF2F5;color:black;max-width:640px;margin:0 auto 80px;padding-bottom:5px;} .battle-log .inner {padding:4px 8px 0px 8px;} .battle-log .inner-preempt {padding:0 8px 4px 8px;} .battle-log .inner-after {margin-top:0.5em;} .battle-log h2 {margin:0.5em -8px;padding:4px 8px;border:1px solid #AAAAAA;background:#E0E7EA;border-left:0;border-right:0;font-family:Verdana, sans-serif;font-size:13pt;} .battle-log .chat {vertical-align:middle;padding:3px 0 3px 0;font-size:8pt;} .battle-log .chat strong {color:#40576A;} .battle-log .chat em {padding:1px 4px 1px 3px;color:#000000;font-style:normal;} .chat.mine {background:rgba(0,0,0,0.05);margin-left:-8px;margin-right:-8px;padding-left:8px;padding-right:8px;} .spoiler {color:#BBBBBB;background:#BBBBBB;padding:0px 3px;} .spoiler:hover, .spoiler:active, .spoiler-shown {color:#000000;background:#E2E2E2;padding:0px 3px;} .spoiler a {color:#BBBBBB;} .spoiler:hover a, .spoiler:active a, .spoiler-shown a {color:#2288CC;} .chat code, .chat .spoiler:hover code, .chat .spoiler:active code, .chat .spoiler-shown code {border:1px solid #C0C0C0;background:#EEEEEE;color:black;padding:0 2px;} .chat .spoiler code {border:1px solid #CCCCCC;background:#CCCCCC;color:#CCCCCC;} .battle-log .rated {padding:3px 4px;} .battle-log .rated strong {color:white;background:#89A;padding:1px 4px;border-radius:4px;} .spacer {margin-top:0.5em;} .message-announce {background:#6688AA;color:white;padding:1px 4px 2px;} .message-announce a, .broadcast-green a, .broadcast-blue a, .broadcast-red a {color:#DDEEFF;} .broadcast-green {background-color:#559955;color:white;padding:2px 4px;} .broadcast-blue {background-color:#6688AA;color:white;padding:2px 4px;} .infobox {border:1px solid #6688AA;padding:2px 4px;} .infobox-limited {max-height:200px;overflow:auto;overflow-x:hidden;} .broadcast-red {background-color:#AA5544;color:white;padding:2px 4px;} .message-learn-canlearn {font-weight:bold;color:#228822;text-decoration:underline;} .message-learn-cannotlearn {font-weight:bold;color:#CC2222;text-decoration:underline;} .message-effect-weak {font-weight:bold;color:#CC2222;} .message-effect-resist {font-weight:bold;color:#6688AA;} .message-effect-immune {font-weight:bold;color:#666666;} .message-learn-list {margin-top:0;margin-bottom:0;} .message-throttle-notice, .message-error {color:#992222;} .message-overflow, .chat small.message-overflow {font-size:0pt;} .message-overflow::before {font-size:9pt;content:'...';} .subtle {color:#3A4A66;}
</style>
<div class="wrapper replay-wrapper" style="max-width:1180px;margin:0 auto">
<input type="hidden" name="replayid" value="dragonheaven-gen8megasforall-268" />
<div class="battle"></div><div class="battle-log"></div><div class="replay-controls"></div><div class="replay-controls-2"></div>
<h1 style="font-weight:normal;text-align:center"><strong>[Gen 8] Megas for All</strong><br /><a href="http://pokemonshowdown.com/users/exploziff" class="subtle" target="_blank">exploziff</a> vs. <a href="http://pokemonshowdown.com/users/magmajudis" class="subtle" target="_blank">Magmajudis</a></h1>
<script type="text/plain" class="battle-log-data">|j|☆exploziff

|j|☆Magmajudis
|t:|1621000677
|player|p1|exploziff|102|
|player|p2|Magmajudis|harlequin|
|teamsize|p1|6
|teamsize|p2|6
|gametype|singles
|gen|8
|tier|[Gen 8] Megas for All
|clearpoke
|poke|p1|Talonflame, F|
|poke|p1|Rillaboom, F|
|poke|p1|Hatterene, F|
|poke|p1|Tapu Fini|
|poke|p1|Mamoswine, F|
|poke|p1|Zapdos|
|poke|p2|Meowstic-F, F|
|poke|p2|Pangoro, F|
|poke|p2|Zapdos|
|poke|p2|Tapu Fini|
|poke|p2|Landorus-Therian, M|
|poke|p2|Victini|
|rule|HP Percentage Mod: HP is shown in percentages
|rule|Endless Battle Clause: Forcing endless battles is banned
|rule|OHKO Clause: OHKO moves are banned
|rule|Evasion Moves Clause: Evasion moves are banned
|rule|Species Clause: Limit one of each Pokémon
|rule|Dynamax Clause: You cannot dynamax
|rule|Sleep Clause Mod: Limit one foe put to sleep
|rule|Freeze Clause Mod: Limit one foe frozen
|raw|<img src="https:\/\/www.smogon.com\/forums\/attachments\/banner_2-png.302358\/" height="65" width="381">
|-message|Welcome to Megas for All!
|-message|This is a National Dex-based format where we aim to give a new Mega Evolution to every Pokémon.
|-message|Just like any official format, you can still only Mega Evolve one Pokémon per team!
|-message|You can find our thread and metagame resources here:
|-message|https:\/\/www.smogon.com\/forums\/threads\/3671140\/
|teampreview
|c|☆Magmajudis|Glhf!
|c|☆exploziff|gl hd
|j| GottaGoPrettyQuick
|c| GottaGoPrettyQuick|Glhf to both
|
|t:|1621000717
|start
|switch|p1a: Tapu Fini|Tapu Fini|343\/343
|switch|p2a: Victini|Victini|100\/100
|-fieldstart|move: Misty Terrain|[from] ability: Misty Surge|[of] p1a: Tapu Fini
|turn|1
|j| Hematemesis
|
|t:|1621000766
|move|p2a: Victini|Bolt Strike|p1a: Tapu Fini
|-supereffective|p1a: Tapu Fini
|-damage|p1a: Tapu Fini|121\/343
|move|p1a: Tapu Fini|Moonblast|p2a: Victini
|-resisted|p2a: Victini
|-damage|p2a: Victini|86\/100
|-unboost|p2a: Victini|spa|1
|
|-heal|p1a: Tapu Fini|142\/343|[from] item: Leftovers
|upkeep
|turn|2
|
|t:|1621000772
|switch|p1a: Mamoswine|Mamoswine, F|361\/361
|move|p2a: Victini|Bolt Strike|p1a: Mamoswine
|-immune|p1a: Mamoswine
|
|upkeep
|turn|3
|
|t:|1621000778
|switch|p2a: Tapu Fini|Tapu Fini|100\/100
|move|p1a: Mamoswine|Stealth Rock|p2a: Tapu Fini
|-sidestart|p2: Magmajudis|move: Stealth Rock
|
|upkeep
|turn|4
|c| Hematemesis|New swaggiest mon in m4apl 
|c| Hematemesis|Pangoro
|
|t:|1621000787
|switch|p1a: Zapdos|Zapdos|383\/383
|move|p2a: Tapu Fini|Scald|p1a: Zapdos
|-damage|p1a: Zapdos|277\/383
|-status|p1a: Zapdos|brn
|
|-damage|p1a: Zapdos|254\/383 brn|[from] brn
|upkeep
|turn|5
|c| Hematemesis|gl to both but vamos explo
|c|☆exploziff|i use it a lot its cool
|
|t:|1621000801
|switch|p2a: Zapdos|Zapdos|100\/100
|move|p1a: Zapdos|U-turn|p2a: Zapdos
|-resisted|p2a: Zapdos
|-damage|p2a: Zapdos|98\/100
|
|t:|1621000807
|switch|p1a: Mamoswine|Mamoswine, F|361\/361
|
|-fieldend|Misty Terrain
|upkeep
|turn|6
|
|t:|1621000818
|switch|p2a: Tapu Fini|Tapu Fini|100\/100
|-damage|p2a: Tapu Fini|88\/100|[from] Stealth Rock
|-fieldstart|move: Misty Terrain|[from] ability: Misty Surge|[of] p2a: Tapu Fini
|move|p1a: Mamoswine|High Horsepower|p2a: Tapu Fini
|-damage|p2a: Tapu Fini|45\/100
|
|-heal|p2a: Tapu Fini|52\/100|[from] item: Leftovers
|upkeep
|turn|7
|
|t:|1621000827
|switch|p1a: Zapdos|Zapdos|254\/383 brn
|move|p2a: Tapu Fini|Draining Kiss|p1a: Zapdos
|-damage|p1a: Zapdos|187\/383 brn
|-heal|p2a: Tapu Fini|66\/100|[from] drain|[of] p1a: Zapdos
|
|-heal|p2a: Tapu Fini|72\/100|[from] item: Leftovers
|-damage|p1a: Zapdos|164\/383 brn|[from] brn
|upkeep
|turn|8
|
|t:|1621000866
|move|p2a: Tapu Fini|Draining Kiss|p1a: Zapdos
|-damage|p1a: Zapdos|101\/383 brn
|-heal|p2a: Tapu Fini|86\/100|[from] drain|[of] p1a: Zapdos
|move|p1a: Zapdos|Roost|p1a: Zapdos
|-heal|p1a: Zapdos|293\/383 brn
|-singleturn|p1a: Zapdos|move: Roost
|
|-heal|p2a: Tapu Fini|92\/100|[from] item: Leftovers
|-damage|p1a: Zapdos|270\/383 brn|[from] brn
|upkeep
|turn|9
|
|t:|1621000883
|switch|p2a: Pangoro|Pangoro, F|100\/100
|-damage|p2a: Pangoro|94\/100|[from] Stealth Rock
|move|p1a: Zapdos|U-turn|p2a: Pangoro
|-damage|p2a: Pangoro|86\/100
|
|t:|1621000888
|switch|p1a: Tapu Fini|Tapu Fini|142\/343
|
|-heal|p1a: Tapu Fini|163\/343|[from] item: Leftovers
|upkeep
|turn|10
|
|t:|1621000892
|move|p1a: Tapu Fini|Moonblast|p2a: Pangoro
|-supereffective|p2a: Pangoro
|-damage|p2a: Pangoro|0 fnt
|faint|p2a: Pangoro
|
|-heal|p1a: Tapu Fini|184\/343|[from] item: Leftovers
|-fieldend|Misty Terrain
|upkeep
|c|☆Magmajudis|Damn i keep forgetting it's so slow
|
|t:|1621000912
|switch|p2a: Zapdos|Zapdos|98\/100
|turn|11
|
|t:|1621000937
|switch|p1a: Mamoswine|Mamoswine, F|361\/361
|move|p2a: Zapdos|Defog|p1a: Mamoswine
|-unboost|p1a: Mamoswine|evasion|1
|-sideend|p2: Magmajudis|Stealth Rock|[from] move: Defog|[of] p2a: Zapdos
|
|upkeep
|turn|12
|
|t:|1621000948
|switch|p2a: Victini|Victini|86\/100
|move|p1a: Mamoswine|Stealth Rock|p2a: Victini
|-sidestart|p2: Magmajudis|move: Stealth Rock
|
|upkeep
|turn|13
|
|t:|1621000968
|move|p2a: Victini|V-create|p1a: Mamoswine
|-supereffective|p1a: Mamoswine
|-damage|p1a: Mamoswine|41\/361
|-unboost|p2a: Victini|spe|1
|-unboost|p2a: Victini|def|1
|-unboost|p2a: Victini|spd|1
|move|p1a: Mamoswine|High Horsepower|p2a: Victini
|-supereffective|p2a: Victini
|-damage|p2a: Victini|0 fnt
|faint|p2a: Victini
|
|-heal|p1a: Mamoswine|63\/361|[from] item: Leftovers
|upkeep
|
|t:|1621000984
|switch|p2a: Meowstic|Meowstic-F, F|100\/100
|-damage|p2a: Meowstic|88\/100|[from] Stealth Rock
|turn|14
|c| GottaGoPrettyQuick|Thicc
|
|t:|1621001000
|switch|p1a: Tapu Fini|Tapu Fini|184\/343
|-fieldstart|move: Misty Terrain|[from] ability: Misty Surge|[of] p1a: Tapu Fini
|detailschange|p2a: Meowstic|Meowstic-F-Mega, F
|-mega|p2a: Meowstic|Meowstic|Meowsticite
|-ability|p2a: Meowstic|Fairy Aura
|-start|p2a: Meowstic|typechange|Psychic\/Fairy|[silent]
|raw|<ul class="utilichart"><li class="result"><span class="col pokemonnamecol" style="white-space: nowrap">Meowstic-F-Mega<\/span> <span class="col typecol"><img src="https:\/\/play.pokemonshowdown.com\/sprites\/types\/Psychic.png" alt="Psychic" height="14" width="32"><img src="https:\/\/play.pokemonshowdown.com\/sprites\/types\/Fairy.png" alt="Fairy" height="14" width="32"><\/span> <span style="float: left ; min-height: 26px"><span class="col abilitycol">Fairy Aura<\/span><span class="col abilitycol"><\/span><\/span><span style="float: left ; min-height: 26px"><span class="col statcol"><em>HP<\/em><br>74<\/span> <span class="col statcol"><em>Atk<\/em><br>48<\/span> <span class="col statcol"><em>Def<\/em><br>91<\/span> <span class="col statcol"><em>SpA<\/em><br>133<\/span> <span class="col statcol"><em>SpD<\/em><br>96<\/span> <span class="col statcol"><em>Spe<\/em><br>124<\/span> <\/span><\/li><li style="clear: both"><\/li><\/ul>
|move|p2a: Meowstic|Moonblast|p1a: Tapu Fini
|-damage|p1a: Tapu Fini|30\/343
|-unboost|p1a: Tapu Fini|spa|1
|
|-heal|p1a: Tapu Fini|51\/343|[from] item: Leftovers
|upkeep
|turn|15
|l|☆Magmajudis
|player|p2|
|c| GottaGoPrettyQuick|,-,
|j|☆Magmajudis
|player|p2|Magmajudis|harlequin
|c|☆Magmajudis|Sorry for that
|
|t:|1621001079
|move|p2a: Meowstic|Moonblast|p1a: Tapu Fini
|-damage|p1a: Tapu Fini|0 fnt
|faint|p1a: Tapu Fini
|
|upkeep
|c|☆exploziff|nw
|
|t:|1621001085
|switch|p1a: Rillaboom|Rillaboom, F|341\/341
|-fieldstart|move: Grassy Terrain|[from] ability: Grassy Surge|[of] p1a: Rillaboom
|turn|16
|
|t:|1621001167
|switch|p2a: Landorus|Landorus-Therian, M|100\/100
|-damage|p2a: Landorus|88\/100|[from] Stealth Rock
|-ability|p2a: Landorus|Intimidate|boost
|-unboost|p1a: Rillaboom|atk|1
|move|p1a: Rillaboom|U-turn|p2a: Landorus
|-resisted|p2a: Landorus
|-damage|p2a: Landorus|78\/100
|
|t:|1621001173
|switch|p1a: Mamoswine|Mamoswine, F|63\/361
|
|-heal|p1a: Mamoswine|85\/361|[from] item: Leftovers
|-heal|p1a: Mamoswine|107\/361|[from] Grassy Terrain
|-heal|p2a: Landorus|84\/100|[from] item: Leftovers
|upkeep
|turn|17
|
|t:|1621001204
|switch|p2a: Tapu Fini|Tapu Fini|92\/100
|-damage|p2a: Tapu Fini|80\/100|[from] Stealth Rock
|-fieldstart|move: Misty Terrain|[from] ability: Misty Surge|[of] p2a: Tapu Fini
|move|p1a: Mamoswine|Icicle Crash|p2a: Tapu Fini
|-resisted|p2a: Tapu Fini
|-damage|p2a: Tapu Fini|62\/100
|
|-heal|p1a: Mamoswine|129\/361|[from] item: Leftovers
|-heal|p2a: Tapu Fini|68\/100|[from] item: Leftovers
|upkeep
|turn|18
|
|t:|1621001216
|switch|p1a: Zapdos|Zapdos|270\/383 brn
|move|p2a: Tapu Fini|Scald|p1a: Zapdos
|-damage|p1a: Zapdos|170\/383 brn
|
|-heal|p2a: Tapu Fini|75\/100|[from] item: Leftovers
|-damage|p1a: Zapdos|147\/383 brn|[from] brn
|upkeep
|turn|19
|
|t:|1621001224
|move|p2a: Tapu Fini|Scald|p1a: Zapdos
|-damage|p1a: Zapdos|51\/383 brn
|move|p1a: Zapdos|Discharge|p2a: Tapu Fini
|-supereffective|p2a: Tapu Fini
|-damage|p2a: Tapu Fini|6\/100
|
|-heal|p2a: Tapu Fini|12\/100|[from] item: Leftovers
|-damage|p1a: Zapdos|28\/383 brn|[from] brn
|upkeep
|turn|20
|
|t:|1621001232
|move|p2a: Tapu Fini|Draining Kiss|p1a: Zapdos
|-damage|p1a: Zapdos|0 fnt
|-heal|p2a: Tapu Fini|19\/100|[from] drain|[of] p1a: Zapdos
|faint|p1a: Zapdos
|
|-heal|p2a: Tapu Fini|25\/100|[from] item: Leftovers
|upkeep
|
|t:|1621001235
|switch|p1a: Talonflame|Talonflame, F|301\/301
|turn|21
|
|t:|1621001249
|detailschange|p1a: Talonflame|Talonflame-Mega, F
|-mega|p1a: Talonflame|Talonflame|Talonflite
|-start|p1a: Talonflame|typechange|Fire\/Flying|[silent]
|raw|<ul class="utilichart"><li class="result"><span class="col pokemonnamecol" style="white-space: nowrap">Talonflame-Mega<\/span> <span class="col typecol"><img src="https:\/\/play.pokemonshowdown.com\/sprites\/types\/Fire.png" alt="Fire" height="14" width="32"><img src="https:\/\/play.pokemonshowdown.com\/sprites\/types\/Flying.png" alt="Flying" height="14" width="32"><\/span> <span style="float: left ; min-height: 26px"><span class="col abilitycol">Bird of Prey<\/span><span class="col abilitycol"><\/span><\/span><span style="float: left ; min-height: 26px"><span class="col statcol"><em>HP<\/em><br>78<\/span> <span class="col statcol"><em>Atk<\/em><br>81<\/span> <span class="col statcol"><em>Def<\/em><br>71<\/span> <span class="col statcol"><em>SpA<\/em><br>134<\/span> <span class="col statcol"><em>SpD<\/em><br>69<\/span> <span class="col statcol"><em>Spe<\/em><br>166<\/span> <\/span><\/li><li style="clear: both"><\/li><\/ul>
|move|p1a: Talonflame|Hurricane|p2a: Tapu Fini
|-damage|p2a: Tapu Fini|0 fnt
|faint|p2a: Tapu Fini
|
|-fieldend|Misty Terrain
|upkeep
|
|t:|1621001259
|switch|p2a: Meowstic|Meowstic-F-Mega, F|88\/100
|-damage|p2a: Meowstic|76\/100|[from] Stealth Rock
|-start|p2a: Meowstic|typechange|Psychic\/Fairy|[silent]
|-ability|p2a: Meowstic|Fairy Aura
|turn|22
|
|t:|1621001315
|move|p1a: Talonflame|U-turn|p2a: Meowstic
|-damage|p2a: Meowstic|59\/100
|
|t:|1621001325
|switch|p1a: Rillaboom|Rillaboom, F|341\/341
|-fieldstart|move: Grassy Terrain|[from] ability: Grassy Surge|[of] p1a: Rillaboom
|move|p2a: Meowstic|Moonblast|p1a: Rillaboom
|-damage|p1a: Rillaboom|35\/341
|
|-heal|p2a: Meowstic|66\/100|[from] Grassy Terrain
|-heal|p1a: Rillaboom|56\/341|[from] Grassy Terrain
|upkeep
|turn|23
|
|t:|1621001337
|switch|p2a: Zapdos|Zapdos|98\/100
|move|p1a: Rillaboom|Grassy Glide|p2a: Zapdos
|-resisted|p2a: Zapdos
|-damage|p2a: Zapdos|72\/100
|
|-heal|p1a: Rillaboom|77\/341|[from] Grassy Terrain
|upkeep
|turn|24
|
|t:|1621001351
|switch|p1a: Mamoswine|Mamoswine, F|129\/361
|switch|p2a: Meowstic|Meowstic-F-Mega, F|66\/100
|-start|p2a: Meowstic|typechange|Psychic\/Fairy|[silent]
|-damage|p2a: Meowstic|53\/100|[from] Stealth Rock
|-ability|p2a: Meowstic|Fairy Aura
|
|-heal|p2a: Meowstic|59\/100|[from] Grassy Terrain
|-heal|p1a: Mamoswine|151\/361|[from] item: Leftovers
|-heal|p1a: Mamoswine|173\/361|[from] Grassy Terrain
|upkeep
|turn|25
|
|t:|1621001366
|switch|p1a: Talonflame|Talonflame-Mega, F|301\/301
|-start|p1a: Talonflame|typechange|Fire\/Flying|[silent]
|move|p2a: Meowstic|Moonblast|p1a: Talonflame
|-resisted|p1a: Talonflame
|-damage|p1a: Talonflame|144\/301
|-unboost|p1a: Talonflame|spa|1
|
|-heal|p2a: Meowstic|66\/100|[from] Grassy Terrain
|upkeep
|turn|26
|
|t:|1621001378
|move|p1a: Talonflame|U-turn|p2a: Meowstic
|-crit|p2a: Meowstic
|-damage|p2a: Meowstic|40\/100
|
|t:|1621001386
|switch|p1a: Rillaboom|Rillaboom, F|77\/341
|move|p2a: Meowstic|Moonblast|p1a: Rillaboom
|-damage|p1a: Rillaboom|0 fnt
|faint|p1a: Rillaboom
|
|-heal|p2a: Meowstic|47\/100|[from] Grassy Terrain
|-fieldend|move: Grassy Terrain
|upkeep
|
|t:|1621001389
|switch|p1a: Talonflame|Talonflame-Mega, F|144\/301
|-start|p1a: Talonflame|typechange|Fire\/Flying|[silent]
|turn|27
|c| GottaGoPrettyQuick|GO MAGMAJUDIS
|
|t:|1621001497
|switch|p2a: Zapdos|Zapdos|72\/100
|move|p1a: Talonflame|Flamethrower|p2a: Zapdos
|-damage|p2a: Zapdos|17\/100
|
|upkeep
|turn|28
|
|t:|1621001501
|move|p1a: Talonflame|Flamethrower|p2a: Zapdos
|-damage|p2a: Zapdos|0 fnt
|faint|p2a: Zapdos
|
|upkeep
|
|t:|1621001504
|switch|p2a: Landorus|Landorus-Therian, M|84\/100
|-damage|p2a: Landorus|72\/100|[from] Stealth Rock
|-ability|p2a: Landorus|Intimidate|boost
|-unboost|p1a: Talonflame|atk|1
|turn|29
|
|t:|1621001515
|switch|p1a: Hatterene|Hatterene, F|318\/318
|move|p2a: Landorus|Stealth Rock|p1a: Hatterene
|move|p1a: Hatterene|Stealth Rock||[from]ability: Magic Bounce|[still]
|-fail|p1a: Hatterene
|
|-heal|p2a: Landorus|78\/100|[from] item: Leftovers
|upkeep
|turn|30
|
|t:|1621001519
|move|p2a: Landorus|U-turn|p1a: Hatterene
|-damage|p1a: Hatterene|242\/318
|
|t:|1621001523
|switch|p2a: Meowstic|Meowstic-F-Mega, F|47\/100|[from]move: U-turn
|-damage|p2a: Meowstic|34\/100|[from] Stealth Rock
|-start|p2a: Meowstic|typechange|Psychic\/Fairy|[silent]
|-ability|p2a: Meowstic|Fairy Aura
|move|p1a: Hatterene|Draining Kiss|p2a: Meowstic
|-damage|p2a: Meowstic|0 fnt
|-heal|p1a: Hatterene|315\/318|[from] drain|[of] p2a: Meowstic
|-damage|p1a: Hatterene|284\/318|[from] item: Life Orb
|faint|p2a: Meowstic
|
|upkeep
|l|☆Magmajudis
|player|p2|
|c| Hematemesis|Goatsploziff
|j| FairyMatters
|j|☆Magmajudis
|player|p2|Magmajudis|harlequin
|c|☆Magmajudis|Gg
|c|☆exploziff|gg
|
|t:|1621001589
|switch|p2a: Landorus|Landorus-Therian, M|78\/100
|-damage|p2a: Landorus|66\/100|[from] Stealth Rock
|-ability|p2a: Landorus|Intimidate|boost
|-unboost|p1a: Hatterene|atk|1
|turn|31
|
|t:|1621001593
|move|p2a: Landorus|Earthquake|p1a: Hatterene
|-damage|p1a: Hatterene|103\/318
|move|p1a: Hatterene|Draining Kiss|p2a: Landorus
|-damage|p2a: Landorus|25\/100
|-heal|p1a: Hatterene|220\/318|[from] drain|[of] p2a: Landorus
|-damage|p1a: Hatterene|189\/318|[from] item: Life Orb
|
|-heal|p2a: Landorus|31\/100|[from] item: Leftovers
|upkeep
|turn|32
|
|t:|1621001600
|move|p2a: Landorus|Earthquake|p1a: Hatterene
|-damage|p1a: Hatterene|8\/318
|move|p1a: Hatterene|Draining Kiss|p2a: Landorus
|-damage|p2a: Landorus|0 fnt
|-heal|p1a: Hatterene|95\/318|[from] drain|[of] p2a: Landorus
|-damage|p1a: Hatterene|64\/318|[from] item: Life Orb
|faint|p2a: Landorus
|
|win|exploziff
|c| GottaGoPrettyQuick|Gg</script>
</div>
<div class="battle-log battle-log-inline"><div class="inner"><div class="battle-options"><div style="padding-top: 3px; padding-right: 3px; text-align: right"><button class="icon button" name="openBattleOptions" title="Options">Battle Options</button></div></div><div class="inner message-log"><div class="chat"><small>☆exploziff and ☆Magmajudis joined</small></div><div class=""><small>Format:</small> <br><strong>[Gen 8] Megas for All</strong></div><div class=""><small><em>HP Percentage Mod:</em> HP is shown in percentages</small></div><div class=""><small><em>Endless Battle Clause:</em> Forcing endless battles is banned</small></div><div class=""><small><em>OHKO Clause:</em> OHKO moves are banned</small></div><div class=""><small><em>Evasion Moves Clause:</em> Evasion moves are banned</small></div><div class=""><small><em>Species Clause:</em> Limit one of each Pokémon</small></div><div class=""><small><em>Dynamax Clause:</em> You cannot dynamax</small></div><div class=""><small><em>Sleep Clause Mod:</em> Limit one foe put to sleep</small></div><div class=""><small><em>Freeze Clause Mod:</em> Limit one foe frozen</small></div><div class="chat"><img src="https://www.smogon.com/forums/attachments/banner_2-png.302358/" height="65" width="381"></div><div class="spacer battle-history"><br></div><div class="battle-history"><small>Welcome to Megas for All!</small><br></div><div class="battle-history"><small>This is a National Dex-based format where we aim to give a new Mega Evolution to every Pokémon.</small><br></div><div class="battle-history"><small>Just like any official format, you can still only Mega Evolve one Pokémon per team!</small><br></div><div class="battle-history"><small>You can find our thread and metagame resources here:</small><br></div><div class="battle-history"><small>https://www.smogon.com/forums/threads/3671140/</small><br></div><div class="chat battle-history"><strong>exploziff's team:</strong> <em style="color:#445566;display:block;">Talonflame / Rillaboom / Hatterene / Tapu Fini / Mamoswine / Zapdos</em></div><div class="chat battle-history"><strong>Magmajudis's team:</strong> <em style="color:#445566;display:block;">Meowstic-F / Pangoro / Zapdos / Tapu Fini / Landorus-Therian / Victini</em></div><div class="chat chatmessage-magmajudis"><strong style="color:#979b3e"><small>☆</small><span class="username" data-name="Magmajudis">Magmajudis</span>:</strong> <em>Glhf!</em></div><div class="chat chatmessage-exploziff mine"><strong style="color:#70a52f"><small>☆</small><span class="username" data-name="exploziff">exploziff</span>:</strong> <em>gl hd</em></div><div class="chat"><small> GottaGoPrettyQuick joined</small></div><div class="chat chatmessage-gottagoprettyquick"><strong style="color:#0e9549"><small> </small><span class="username" data-name="GottaGoPrettyQuick">GottaGoPrettyQuick</span>:</strong> <em>Glhf to both</em></div><div class="spacer battle-history"><br></div><div class="battle-history">Battle started between exploziff and Magmajudis!<br></div><div class="spacer battle-history"><br></div><div class="battle-history">Go! <strong>Tapu Fini</strong>!<br></div><div class="spacer battle-history"><br></div><div class="battle-history">Magmajudis sent out <strong>Victini</strong>!<br></div><div class="battle-history">[Tapu Fini's Misty Surge]<br><small>Mist swirled around the battlefield!</small><br></div><div class="spacer battle-history"><br></div><h2 class="battle-history">Turn 1</h2><div class="chat"><small> Hematemesis joined</small></div><div class="spacer battle-history"><br></div><div class="battle-history">The opposing Victini used <strong>Bolt Strike</strong>!<br></div><div class="battle-history"><small>It's super effective!</small><br></div><div class="battle-history"><small>(Tapu Fini lost <abbr title="−222/343">64.7%</abbr> of its health!)</small><br></div><div class="spacer battle-history"><br></div><div class="battle-history">Tapu Fini used <strong>Moonblast</strong>!<br></div><div class="battle-history"><small>It's not very effective...</small><br></div><div class="battle-history"><small>(The opposing Victini lost 14% of its health!)</small><br></div><div class="battle-history"><small>The opposing Victini's Sp. Atk fell!</small><br></div><div class="spacer battle-history"><br></div><div class="battle-history"><small>Tapu Fini restored a little HP using its Leftovers!</small><br></div><div class="spacer battle-history"><br></div><h2 class="battle-history">Turn 2</h2><div class="spacer battle-history"><br></div><div class="battle-history">Tapu Fini, come back!<br></div><div class="battle-history">Go! <strong>Mamoswine</strong>!<br></div><div class="spacer battle-history"><br></div><div class="battle-history">The opposing Victini used <strong>Bolt Strike</strong>!<br></div><div class="battle-history"><small>It doesn't affect Mamoswine...</small><br></div><div class="spacer battle-history"><br></div><h2 class="battle-history">Turn 3</h2><div class="spacer battle-history"><br></div><div class="battle-history">Magmajudis withdrew Victini!<br></div><div class="battle-history">Magmajudis sent out <strong>Tapu Fini</strong>!<br></div><div class="spacer battle-history"><br></div><div class="battle-history">Mamoswine used <strong>Stealth Rock</strong>!<br></div><div class="battle-history"><small>Pointed stones float in the air around the opposing team!</small><br></div><div class="spacer battle-history"><br></div><h2 class="battle-history">Turn 4</h2><div class="chat chatmessage-hematemesis"><strong style="color:#9412d5"><small> </small><span class="username" data-name="Hematemesis">Hematemesis</span>:</strong> <em>New swaggiest mon in m4apl </em></div><div class="chat chatmessage-hematemesis"><strong style="color:#9412d5"><small> </small><span class="username" data-name="Hematemesis">Hematemesis</span>:</strong> <em>Pangoro</em></div><div class="spacer battle-history"><br></div><div class="battle-history">Mamoswine, come back!<br></div><div class="battle-history">Go! <strong>Zapdos</strong>!<br></div><div class="spacer battle-history"><br></div><div class="battle-history">The opposing Tapu Fini used <strong>Scald</strong>!<br></div><div class="battle-history"><small>(Zapdos lost <abbr title="−106/383">27.7%</abbr> of its health!)</small><br></div><div class="battle-history"><small>Zapdos was burned!</small><br></div><div class="spacer battle-history"><br></div><div class="battle-history"><small>Zapdos was hurt by its burn!</small><br></div><div class="spacer battle-history"><br></div><h2 class="battle-history">Turn 5</h2><div class="chat chatmessage-hematemesis"><strong style="color:#9412d5"><small> </small><span class="username" data-name="Hematemesis">Hematemesis</span>:</strong> <em>gl to both but vamos explo</em></div><div class="chat chatmessage-exploziff mine"><strong style="color:#70a52f"><small>☆</small><span class="username" data-name="exploziff">exploziff</span>:</strong> <em>i use it a lot its cool</em></div><div class="spacer battle-history"><br></div><div class="battle-history">Magmajudis withdrew Tapu Fini!<br></div><div class="battle-history">Magmajudis sent out <strong>Zapdos</strong>!<br></div><div class="spacer battle-history"><br></div><div class="battle-history">Zapdos used <strong>U-turn</strong>!<br></div><div class="battle-history"><small>It's not very effective...</small><br></div><div class="battle-history"><small>(The opposing Zapdos lost 2% of its health!)</small><br></div><div class="spacer battle-history"><br></div><div class="battle-history">Zapdos went back to exploziff!<br></div><div class="battle-history">Go! <strong>Mamoswine</strong>!<br></div><div class="spacer battle-history"><br></div><div class="battle-history"><small>The mist disappeared from the battlefield.</small><br></div><div class="spacer battle-history"><br></div><h2 class="battle-history">Turn 6</h2><div class="spacer battle-history"><br></div><div class="battle-history">Magmajudis withdrew Zapdos!<br></div><div class="battle-history">Magmajudis sent out <strong>Tapu Fini</strong>!<br></div><div class="battle-history"><small>Pointed stones dug into the opposing Tapu Fini!</small><br></div><div class="battle-history">[The opposing Tapu Fini's Misty Surge]<br><small>Mist swirled around the battlefield!</small><br></div><div class="spacer battle-history"><br></div><div class="battle-history">Mamoswine used <strong>High Horsepower</strong>!<br></div><div class="battle-history"><small>(The opposing Tapu Fini lost 43% of its health!)</small><br></div><div class="spacer battle-history"><br></div><div class="battle-history"><small>The opposing Tapu Fini restored a little HP using its Leftovers!</small><br></div><div class="spacer battle-history"><br></div><h2 class="battle-history">Turn 7</h2><div class="spacer battle-history"><br></div><div class="battle-history">Mamoswine, come back!<br></div><div class="battle-history">Go! <strong>Zapdos</strong>!<br></div><div class="spacer battle-history"><br></div><div class="battle-history">The opposing Tapu Fini used <strong>Draining Kiss</strong>!<br></div><div class="battle-history"><small>(Zapdos lost <abbr title="−67/383">17.5%</abbr> of its health!)</small><br></div><div class="battle-history"><small>Zapdos had its energy drained!</small><br></div><div class="spacer battle-history"><br></div><div class="battle-history"><small>The opposing Tapu Fini restored a little HP using its Leftovers!</small><br></div><div class="battle-history"><small>Zapdos was hurt by its burn!</small><br></div><div class="spacer battle-history"><br></div><h2 class="battle-history">Turn 8</h2><div class="spacer battle-history"><br></div><div class="battle-history">The opposing Tapu Fini used <strong>Draining Kiss</strong>!<br></div><div class="battle-history"><small>(Zapdos lost <abbr title="−63/383">16.4%</abbr> of its health!)</small><br></div><div class="battle-history"><small>Zapdos had its energy drained!</small><br></div><div class="spacer battle-history"><br></div><div class="battle-history">Zapdos used <strong>Roost</strong>!<br></div><div class="battle-history"><small>Zapdos had its HP restored.</small><br></div><div class="battle-history"><small>(Zapdos loses Flying type this turn.)</small><br></div><div class="spacer battle-history"><br></div><div class="battle-history"><small>The opposing Tapu Fini restored a little HP using its Leftovers!</small><br></div><div class="battle-history"><small>Zapdos was hurt by its burn!</small><br></div><div class="spacer battle-history"><br></div><h2 class="battle-history">Turn 9</h2><div class="spacer battle-history"><br></div><div class="battle-history">Magmajudis withdrew Tapu Fini!<br></div><div class="battle-history">Magmajudis sent out <strong>Pangoro</strong>!<br></div><div class="battle-history"><small>Pointed stones dug into the opposing Pangoro!</small><br></div><div class="spacer battle-history"><br></div><div class="battle-history">Zapdos used <strong>U-turn</strong>!<br></div><div class="battle-history"><small>(The opposing Pangoro lost 8% of its health!)</small><br></div><div class="spacer battle-history"><br></div><div class="battle-history">Zapdos went back to exploziff!<br></div><div class="battle-history">Go! <strong>Tapu Fini</strong>!<br></div><div class="spacer battle-history"><br></div><div class="battle-history"><small>Tapu Fini restored a little HP using its Leftovers!</small><br></div><div class="spacer battle-history"><br></div><h2 class="battle-history">Turn 10</h2><div class="spacer battle-history"><br></div><div class="battle-history">Tapu Fini used <strong>Moonblast</strong>!<br></div><div class="battle-history"><small>It's super effective!</small><br></div><div class="battle-history"><small>(The opposing Pangoro lost 86% of its health!)</small><br></div><div class="spacer battle-history"><br></div><div class="battle-history">The opposing Pangoro fainted!<br></div><div class="spacer battle-history"><br></div><div class="battle-history"><small>Tapu Fini restored a little HP using its Leftovers!</small><br></div><div class="battle-history"><small>The mist disappeared from the battlefield.</small><br></div><div class="chat chatmessage-magmajudis"><strong style="color:#979b3e"><small>☆</small><span class="username" data-name="Magmajudis">Magmajudis</span>:</strong> <em>Damn i keep forgetting it's so slow</em></div><div class="spacer battle-history"><br></div><div class="battle-history">Magmajudis sent out <strong>Zapdos</strong>!<br></div><div class="spacer battle-history"><br></div><h2 class="battle-history">Turn 11</h2><div class="spacer battle-history"><br></div><div class="battle-history">Tapu Fini, come back!<br></div><div class="battle-history">Go! <strong>Mamoswine</strong>!<br></div><div class="spacer battle-history"><br></div><div class="battle-history">The opposing Zapdos used <strong>Defog</strong>!<br></div><div class="battle-history"><small>Mamoswine's evasiveness fell!</small><br></div><div class="battle-history"><small>The pointed stones disappeared from around the opposing team!</small><br></div><div class="spacer battle-history"><br></div><h2 class="battle-history">Turn 12</h2><div class="spacer battle-history"><br></div><div class="battle-history">Magmajudis withdrew Zapdos!<br></div><div class="battle-history">Magmajudis sent out <strong>Victini</strong>!<br></div><div class="spacer battle-history"><br></div><div class="battle-history">Mamoswine used <strong>Stealth Rock</strong>!<br></div><div class="battle-history"><small>Pointed stones float in the air around the opposing team!</small><br></div><div class="spacer battle-history"><br></div><h2 class="battle-history">Turn 13</h2><div class="spacer battle-history"><br></div><div class="battle-history">The opposing Victini used <strong>V-create</strong>!<br></div><div class="battle-history"><small>It's super effective!</small><br></div><div class="battle-history"><small>(Mamoswine lost <abbr title="−320/361">88.6%</abbr> of its health!)</small><br></div><div class="battle-history"><small>The opposing Victini's Speed fell!</small><br></div><div class="battle-history"><small>The opposing Victini's Defense fell!</small><br></div><div class="battle-history"><small>The opposing Victini's Sp. Def fell!</small><br></div><div class="spacer battle-history"><br></div><div class="battle-history">Mamoswine used <strong>High Horsepower</strong>!<br></div><div class="battle-history"><small>It's super effective!</small><br></div><div class="battle-history"><small>(The opposing Victini lost 86% of its health!)</small><br></div><div class="spacer battle-history"><br></div><div class="battle-history">The opposing Victini fainted!<br></div><div class="spacer battle-history"><br></div><div class="battle-history"><small>Mamoswine restored a little HP using its Leftovers!</small><br></div><div class="spacer battle-history"><br></div><div class="battle-history">Magmajudis sent out Meowstic (<strong>Meowstic-F</strong>)!<br></div><div class="battle-history"><small>Pointed stones dug into the opposing Meowstic!</small><br></div><div class="spacer battle-history"><br></div><h2 class="battle-history">Turn 14</h2><div class="chat chatmessage-gottagoprettyquick"><strong style="color:#0e9549"><small> </small><span class="username" data-name="GottaGoPrettyQuick">GottaGoPrettyQuick</span>:</strong> <em>Thicc</em></div><div class="spacer battle-history"><br></div><div class="battle-history">Mamoswine, come back!<br></div><div class="battle-history">Go! <strong>Tapu Fini</strong>!<br></div><div class="battle-history">[Tapu Fini's Misty Surge]<br><small>Mist swirled around the battlefield!</small><br></div><div class="spacer battle-history"><br></div><div class="battle-history"><small>The opposing Meowstic's Meowsticite is reacting to the Key Stone!</small><br>The opposing Meowstic has Mega Evolved into Mega Meowstic!<br></div><div class="battle-history">[The opposing Meowstic's Fairy Aura]<br><small>The opposing Meowstic is radiating a fairy aura!</small><br></div><div class="chat"><ul class="utilichart"><li class="result"><span class="col pokemonnamecol" style="white-space: nowrap">Meowstic-F-Mega</span> <span class="col typecol"><img src="https://play.pokemonshowdown.com/sprites/types/Psychic.png" alt="Psychic" height="14" width="32"><img src="https://play.pokemonshowdown.com/sprites/types/Fairy.png" alt="Fairy" height="14" width="32"></span> <span style="float: left ; min-height: 26px"><span class="col abilitycol">Fairy Aura</span><span class="col abilitycol"></span></span><span style="float: left ; min-height: 26px"><span class="col statcol"><em>HP</em><br>74</span> <span class="col statcol"><em>Atk</em><br>48</span> <span class="col statcol"><em>Def</em><br>91</span> <span class="col statcol"><em>SpA</em><br>133</span> <span class="col statcol"><em>SpD</em><br>96</span> <span class="col statcol"><em>Spe</em><br>124</span> </span></li><li style="clear: both"></li></ul></div><div class="spacer battle-history"><br></div><div class="battle-history">The opposing Meowstic used <strong>Moonblast</strong>!<br></div><div class="battle-history"><small>(Tapu Fini lost <abbr title="−154/343">44.9%</abbr> of its health!)</small><br></div><div class="battle-history"><small>Tapu Fini's Sp. Atk fell!</small><br></div><div class="spacer battle-history"><br></div><div class="battle-history"><small>Tapu Fini restored a little HP using its Leftovers!</small><br></div><div class="spacer battle-history"><br></div><h2 class="battle-history">Turn 15</h2><div class="chat"><small>☆Magmajudis left</small></div><div class="chat chatmessage-gottagoprettyquick"><strong style="color:#0e9549"><small> </small><span class="username" data-name="GottaGoPrettyQuick">GottaGoPrettyQuick</span>:</strong> <em>,-,</em></div><div class="chat"><small>☆Magmajudis joined</small></div><div class="chat chatmessage-magmajudis"><strong style="color:#979b3e"><small>☆</small><span class="username" data-name="Magmajudis">Magmajudis</span>:</strong> <em>Sorry for that</em></div><div class="spacer battle-history"><br></div><div class="battle-history">The opposing Meowstic used <strong>Moonblast</strong>!<br></div><div class="battle-history"><small>(Tapu Fini lost <abbr title="−51/343">14.9%</abbr> of its health!)</small><br></div><div class="spacer battle-history"><br></div><div class="battle-history">Tapu Fini fainted!<br></div><div class="chat chatmessage-exploziff mine"><strong style="color:#70a52f"><small>☆</small><span class="username" data-name="exploziff">exploziff</span>:</strong> <em>nw</em></div><div class="spacer battle-history"><br></div><div class="battle-history">Go! <strong>Rillaboom</strong>!<br></div><div class="battle-history">[Rillaboom's Grassy Surge]<br><small>Grass grew to cover the battlefield!</small><br></div><div class="spacer battle-history"><br></div><h2 class="battle-history">Turn 16</h2><div class="spacer battle-history"><br></div><div class="battle-history">Magmajudis withdrew Meowstic!<br></div><div class="battle-history">Magmajudis sent out Landorus (<strong>Landorus-Therian</strong>)!<br></div><div class="battle-history"><small>Pointed stones dug into the opposing Landorus!</small><br></div><div class="battle-history">[The opposing Landorus's Intimidate]<br></div><div class="battle-history"><small>Rillaboom's Attack fell!</small><br></div><div class="spacer battle-history"><br></div><div class="battle-history">Rillaboom used <strong>U-turn</strong>!<br></div><div class="battle-history"><small>It's not very effective...</small><br></div><div class="battle-history"><small>(The opposing Landorus lost 10% of its health!)</small><br></div><div class="spacer battle-history"><br></div><div class="battle-history">Rillaboom went back to exploziff!<br></div><div class="battle-history">Go! <strong>Mamoswine</strong>!<br></div><div class="spacer battle-history"><br></div><div class="battle-history"><small>Mamoswine restored a little HP using its Leftovers!</small><br></div><div class="battle-history"><small>Mamoswine's HP was restored.</small><br></div><div class="battle-history"><small>The opposing Landorus restored a little HP using its Leftovers!</small><br></div><div class="spacer battle-history"><br></div><h2 class="battle-history">Turn 17</h2><div class="spacer battle-history"><br></div><div class="battle-history">Magmajudis withdrew Landorus!<br></div><div class="battle-history">Magmajudis sent out <strong>Tapu Fini</strong>!<br></div><div class="battle-history"><small>Pointed stones dug into the opposing Tapu Fini!</small><br></div><div class="battle-history">[The opposing Tapu Fini's Misty Surge]<br><small>Mist swirled around the battlefield!</small><br></div><div class="spacer battle-history"><br></div><div class="battle-history">Mamoswine used <strong>Icicle Crash</strong>!<br></div><div class="battle-history"><small>It's not very effective...</small><br></div><div class="battle-history"><small>(The opposing Tapu Fini lost 18% of its health!)</small><br></div><div class="spacer battle-history"><br></div><div class="battle-history"><small>Mamoswine restored a little HP using its Leftovers!</small><br></div><div class="battle-history"><small>The opposing Tapu Fini restored a little HP using its Leftovers!</small><br></div><div class="spacer battle-history"><br></div><h2 class="battle-history">Turn 18</h2><div class="spacer battle-history"><br></div><div class="battle-history">Mamoswine, come back!<br></div><div class="battle-history">Go! <strong>Zapdos</strong>!<br></div><div class="spacer battle-history"><br></div><div class="battle-history">The opposing Tapu Fini used <strong>Scald</strong>!<br></div><div class="battle-history"><small>(Zapdos lost <abbr title="−100/383">26.1%</abbr> of its health!)</small><br></div><div class="spacer battle-history"><br></div><div class="battle-history"><small>The opposing Tapu Fini restored a little HP using its Leftovers!</small><br></div><div class="battle-history"><small>Zapdos was hurt by its burn!</small><br></div><div class="spacer battle-history"><br></div><h2 class="battle-history">Turn 19</h2><div class="spacer battle-history"><br></div><div class="battle-history">The opposing Tapu Fini used <strong>Scald</strong>!<br></div><div class="battle-history"><small>(Zapdos lost <abbr title="−96/383">25.1%</abbr> of its health!)</small><br></div><div class="spacer battle-history"><br></div><div class="battle-history">Zapdos used <strong>Discharge</strong>!<br></div><div class="battle-history"><small>It's super effective!</small><br></div><div class="battle-history"><small>(The opposing Tapu Fini lost 69% of its health!)</small><br></div><div class="spacer battle-history"><br></div><div class="battle-history"><small>The opposing Tapu Fini restored a little HP using its Leftovers!</small><br></div><div class="battle-history"><small>Zapdos was hurt by its burn!</small><br></div><div class="spacer battle-history"><br></div><h2 class="battle-history">Turn 20</h2><div class="spacer battle-history"><br></div><div class="battle-history">The opposing Tapu Fini used <strong>Draining Kiss</strong>!<br></div><div class="battle-history"><small>(Zapdos lost <abbr title="−28/383">7.3%</abbr> of its health!)</small><br></div><div class="battle-history"><small>Zapdos had its energy drained!</small><br></div><div class="spacer battle-history"><br></div><div class="battle-history">Zapdos fainted!<br></div><div class="spacer battle-history"><br></div><div class="battle-history"><small>The opposing Tapu Fini restored a little HP using its Leftovers!</small><br></div><div class="spacer battle-history"><br></div><div class="battle-history">Go! <strong>Talonflame</strong>!<br></div><div class="spacer battle-history"><br></div><h2 class="battle-history">Turn 21</h2><div class="spacer battle-history"><br></div><div class="battle-history"><small>Talonflame's Talonflite is reacting to the Key Stone!</small><br>Talonflame has Mega Evolved into Mega Talonflame!<br></div><div class="chat"><ul class="utilichart"><li class="result"><span class="col pokemonnamecol" style="white-space: nowrap">Talonflame-Mega</span> <span class="col typecol"><img src="https://play.pokemonshowdown.com/sprites/types/Fire.png" alt="Fire" height="14" width="32"><img src="https://play.pokemonshowdown.com/sprites/types/Flying.png" alt="Flying" height="14" width="32"></span> <span style="float: left ; min-height: 26px"><span class="col abilitycol">Bird of Prey</span><span class="col abilitycol"></span></span><span style="float: left ; min-height: 26px"><span class="col statcol"><em>HP</em><br>78</span> <span class="col statcol"><em>Atk</em><br>81</span> <span class="col statcol"><em>Def</em><br>71</span> <span class="col statcol"><em>SpA</em><br>134</span> <span class="col statcol"><em>SpD</em><br>69</span> <span class="col statcol"><em>Spe</em><br>166</span> </span></li><li style="clear: both"></li></ul></div><div class="spacer battle-history"><br></div><div class="battle-history">Talonflame used <strong>Hurricane</strong>!<br></div><div class="battle-history"><small>(The opposing Tapu Fini lost 25% of its health!)</small><br></div><div class="spacer battle-history"><br></div><div class="battle-history">The opposing Tapu Fini fainted!<br></div><div class="spacer battle-history"><br></div><div class="battle-history"><small>The mist disappeared from the battlefield.</small><br></div><div class="spacer battle-history"><br></div><div class="battle-history">Magmajudis sent out Meowstic (<strong>Meowstic-F-Mega</strong>)!<br></div><div class="battle-history"><small>Pointed stones dug into the opposing Meowstic!</small><br></div><div class="battle-history">[The opposing Meowstic's Fairy Aura]<br><small>The opposing Meowstic is radiating a fairy aura!</small><br></div><div class="spacer battle-history"><br></div><h2 class="battle-history">Turn 22</h2><div class="spacer battle-history"><br></div><div class="battle-history">Talonflame used <strong>U-turn</strong>!<br></div><div class="battle-history"><small>(The opposing Meowstic lost 17% of its health!)</small><br></div><div class="spacer battle-history"><br></div><div class="battle-history">Talonflame went back to exploziff!<br></div><div class="battle-history">Go! <strong>Rillaboom</strong>!<br></div><div class="battle-history">[Rillaboom's Grassy Surge]<br><small>Grass grew to cover the battlefield!</small><br></div><div class="spacer battle-history"><br></div><div class="battle-history">The opposing Meowstic used <strong>Moonblast</strong>!<br></div><div class="battle-history"><small>(Rillaboom lost <abbr title="−306/341">89.7%</abbr> of its health!)</small><br></div><div class="spacer battle-history"><br></div><div class="battle-history"><small>The opposing Meowstic's HP was restored.</small><br></div><div class="battle-history"><small>Rillaboom's HP was restored.</small><br></div><div class="spacer battle-history"><br></div><h2 class="battle-history">Turn 23</h2><div class="spacer battle-history"><br></div><div class="battle-history">Magmajudis withdrew Meowstic!<br></div><div class="battle-history">Magmajudis sent out <strong>Zapdos</strong>!<br></div><div class="spacer battle-history"><br></div><div class="battle-history">Rillaboom used <strong>Grassy Glide</strong>!<br></div><div class="battle-history"><small>It's not very effective...</small><br></div><div class="battle-history"><small>(The opposing Zapdos lost 26% of its health!)</small><br></div><div class="spacer battle-history"><br></div><div class="battle-history"><small>Rillaboom's HP was restored.</small><br></div><div class="spacer battle-history"><br></div><h2 class="battle-history">Turn 24</h2><div class="spacer battle-history"><br></div><div class="battle-history">Rillaboom, come back!<br></div><div class="battle-history">Go! <strong>Mamoswine</strong>!<br></div><div class="spacer battle-history"><br></div><div class="battle-history">Magmajudis withdrew Zapdos!<br></div><div class="battle-history">Magmajudis sent out Meowstic (<strong>Meowstic-F-Mega</strong>)!<br></div><div class="battle-history"><small>Pointed stones dug into the opposing Meowstic!</small><br></div><div class="battle-history">[The opposing Meowstic's Fairy Aura]<br><small>The opposing Meowstic is radiating a fairy aura!</small><br></div><div class="spacer battle-history"><br></div><div class="battle-history"><small>The opposing Meowstic's HP was restored.</small><br></div><div class="battle-history"><small>Mamoswine restored a little HP using its Leftovers!</small><br></div><div class="battle-history"><small>Mamoswine's HP was restored.</small><br></div><div class="spacer battle-history"><br></div><h2 class="battle-history">Turn 25</h2><div class="spacer battle-history"><br></div><div class="battle-history">Mamoswine, come back!<br></div><div class="battle-history">Go! Talonflame (<strong>Talonflame-Mega</strong>)!<br></div><div class="spacer battle-history"><br></div><div class="battle-history">The opposing Meowstic used <strong>Moonblast</strong>!<br></div><div class="battle-history"><small>It's not very effective...</small><br></div><div class="battle-history"><small>(Talonflame lost <abbr title="−157/301">52.2%</abbr> of its health!)</small><br></div><div class="battle-history"><small>Talonflame's Sp. Atk fell!</small><br></div><div class="spacer battle-history"><br></div><div class="battle-history"><small>The opposing Meowstic's HP was restored.</small><br></div><div class="spacer battle-history"><br></div><h2 class="battle-history">Turn 26</h2><div class="spacer battle-history"><br></div><div class="battle-history">Talonflame used <strong>U-turn</strong>!<br></div><div class="battle-history"><small>A critical hit!</small><br></div><div class="battle-history"><small>(The opposing Meowstic lost 26% of its health!)</small><br></div><div class="spacer battle-history"><br></div><div class="battle-history">Talonflame went back to exploziff!<br></div><div class="battle-history">Go! <strong>Rillaboom</strong>!<br></div><div class="spacer battle-history"><br></div><div class="battle-history">The opposing Meowstic used <strong>Moonblast</strong>!<br></div><div class="battle-history"><small>(Rillaboom lost <abbr title="−77/341">22.6%</abbr> of its health!)</small><br></div><div class="spacer battle-history"><br></div><div class="battle-history">Rillaboom fainted!<br></div><div class="spacer battle-history"><br></div><div class="battle-history"><small>The opposing Meowstic's HP was restored.</small><br></div><div class="battle-history"><small>The grass disappeared from the battlefield.</small><br></div><div class="spacer battle-history"><br></div><div class="battle-history">Go! Talonflame (<strong>Talonflame-Mega</strong>)!<br></div><div class="spacer battle-history"><br></div><h2 class="battle-history">Turn 27</h2><div class="chat chatmessage-gottagoprettyquick"><strong style="color:#0e9549"><small> </small><span class="username" data-name="GottaGoPrettyQuick">GottaGoPrettyQuick</span>:</strong> <em>GO MAGMAJUDIS</em></div><div class="spacer battle-history"><br></div><div class="battle-history">Magmajudis withdrew Meowstic!<br></div><div class="battle-history">Magmajudis sent out <strong>Zapdos</strong>!<br></div><div class="spacer battle-history"><br></div><div class="battle-history">Talonflame used <strong>Flamethrower</strong>!<br></div><div class="battle-history"><small>(The opposing Zapdos lost 55% of its health!)</small><br></div><div class="spacer battle-history"><br></div><h2 class="battle-history">Turn 28</h2><div class="spacer battle-history"><br></div><div class="battle-history">Talonflame used <strong>Flamethrower</strong>!<br></div><div class="battle-history"><small>(The opposing Zapdos lost 17% of its health!)</small><br></div><div class="spacer battle-history"><br></div><div class="battle-history">The opposing Zapdos fainted!<br></div><div class="spacer battle-history"><br></div><div class="battle-history">Magmajudis sent out Landorus (<strong>Landorus-Therian</strong>)!<br></div><div class="battle-history"><small>Pointed stones dug into the opposing Landorus!</small><br></div><div class="battle-history">[The opposing Landorus's Intimidate]<br></div><div class="battle-history"><small>Talonflame's Attack fell!</small><br></div><div class="spacer battle-history"><br></div><h2 class="battle-history">Turn 29</h2><div class="spacer battle-history"><br></div><div class="battle-history">Talonflame, come back!<br></div><div class="battle-history">Go! <strong>Hatterene</strong>!<br></div><div class="spacer battle-history"><br></div><div class="battle-history">The opposing Landorus used <strong>Stealth Rock</strong>!<br></div><div class="spacer battle-history"><br></div><div class="battle-history">[Hatterene's Magic Bounce]<br>Hatterene bounced the Stealth Rock back!<br></div><div class="battle-history"><small>But it failed!</small><br></div><div class="spacer battle-history"><br></div><div class="battle-history"><small>The opposing Landorus restored a little HP using its Leftovers!</small><br></div><div class="spacer battle-history"><br></div><h2 class="battle-history">Turn 30</h2><div class="spacer battle-history"><br></div><div class="battle-history">The opposing Landorus used <strong>U-turn</strong>!<br></div><div class="battle-history"><small>(Hatterene lost <abbr title="−76/318">23.9%</abbr> of its health!)</small><br></div><div class="spacer battle-history"><br></div><div class="battle-history">The opposing Landorus went back to Magmajudis!<br></div><div class="battle-history">Magmajudis sent out Meowstic (<strong>Meowstic-F-Mega</strong>)!<br></div><div class="battle-history"><small>Pointed stones dug into the opposing Meowstic!</small><br></div><div class="battle-history">[The opposing Meowstic's Fairy Aura]<br><small>The opposing Meowstic is radiating a fairy aura!</small><br></div><div class="spacer battle-history"><br></div><div class="battle-history">Hatterene used <strong>Draining Kiss</strong>!<br></div><div class="battle-history"><small>(The opposing Meowstic lost 34% of its health!)</small><br></div><div class="battle-history"><small>The opposing Meowstic had its energy drained!</small><br></div><div class="battle-history"><small>Hatterene lost some of its HP!</small><br></div><div class="spacer battle-history"><br></div><div class="battle-history">The opposing Meowstic fainted!<br></div><div class="chat"><small>☆Magmajudis left</small></div><div class="chat chatmessage-hematemesis"><strong style="color:#9412d5"><small> </small><span class="username" data-name="Hematemesis">Hematemesis</span>:</strong> <em>Goatsploziff</em></div><div class="chat"><small> FairyMatters and ☆Magmajudis joined</small></div><div class="chat chatmessage-magmajudis"><strong style="color:#979b3e"><small>☆</small><span class="username" data-name="Magmajudis">Magmajudis</span>:</strong> <em>Gg</em></div><div class="chat chatmessage-exploziff mine"><strong style="color:#70a52f"><small>☆</small><span class="username" data-name="exploziff">exploziff</span>:</strong> <em>gg</em></div><div class="spacer battle-history"><br></div><div class="battle-history">Magmajudis sent out Landorus (<strong>Landorus-Therian</strong>)!<br></div><div class="battle-history"><small>Pointed stones dug into the opposing Landorus!</small><br></div><div class="battle-history">[The opposing Landorus's Intimidate]<br></div><div class="battle-history"><small>Hatterene's Attack fell!</small><br></div><div class="spacer battle-history"><br></div><h2 class="battle-history">Turn 31</h2><div class="spacer battle-history"><br></div><div class="battle-history">The opposing Landorus used <strong>Earthquake</strong>!<br></div><div class="battle-history"><small>(Hatterene lost <abbr title="−181/318">56.9%</abbr> of its health!)</small><br></div><div class="spacer battle-history"><br></div><div class="battle-history">Hatterene used <strong>Draining Kiss</strong>!<br></div><div class="battle-history"><small>(The opposing Landorus lost 41% of its health!)</small><br></div><div class="battle-history"><small>The opposing Landorus had its energy drained!</small><br></div><div class="battle-history"><small>Hatterene lost some of its HP!</small><br></div><div class="spacer battle-history"><br></div><div class="battle-history"><small>The opposing Landorus restored a little HP using its Leftovers!</small><br></div><div class="spacer battle-history"><br></div><h2 class="battle-history">Turn 32</h2><div class="spacer battle-history"><br></div><div class="battle-history">The opposing Landorus used <strong>Earthquake</strong>!<br></div><div class="battle-history"><small>(Hatterene lost <abbr title="−181/318">56.9%</abbr> of its health!)</small><br></div><div class="spacer battle-history"><br></div><div class="battle-history">Hatterene used <strong>Draining Kiss</strong>!<br></div><div class="battle-history"><small>(The opposing Landorus lost 31% of its health!)</small><br></div><div class="battle-history"><small>The opposing Landorus had its energy drained!</small><br></div><div class="battle-history"><small>Hatterene lost some of its HP!</small><br></div><div class="spacer battle-history"><br></div><div class="battle-history">The opposing Landorus fainted!<br></div><div class="spacer battle-history"><br></div><div class="battle-history"><strong>exploziff</strong> won the battle!<br></div><div class="chat chatmessage-gottagoprettyquick"><strong style="color:#0e9549"><small> </small><span class="username" data-name="GottaGoPrettyQuick">GottaGoPrettyQuick</span>:</strong> <em>Gg</em></div></div><div class="inner-preempt message-log"></div></div></div>
</div>
<script>
let daily = Math.floor(Date.now()/1000/60/60/24);document.write('<script src="https://dragonheaven.herokuapp.com/js/replay-embed.js?version'+daily+'"></'+'script>');
</script>
