<!DOCTYPE html>
<meta charset="utf-8" />
<!-- version 1 -->
<title>[Gen 8] Megas for All replay: Way of Bandana vs. harmony96369</title>
<style>
html,body {font-family:Verdana, sans-serif;font-size:10pt;margin:0;padding:0;}body{padding:12px 0;} .battle-log {font-family:Verdana, sans-serif;font-size:10pt;} .battle-log-inline {border:1px solid #AAAAAA;background:#EEF2F5;color:black;max-width:640px;margin:0 auto 80px;padding-bottom:5px;} .battle-log .inner {padding:4px 8px 0px 8px;} .battle-log .inner-preempt {padding:0 8px 4px 8px;} .battle-log .inner-after {margin-top:0.5em;} .battle-log h2 {margin:0.5em -8px;padding:4px 8px;border:1px solid #AAAAAA;background:#E0E7EA;border-left:0;border-right:0;font-family:Verdana, sans-serif;font-size:13pt;} .battle-log .chat {vertical-align:middle;padding:3px 0 3px 0;font-size:8pt;} .battle-log .chat strong {color:#40576A;} .battle-log .chat em {padding:1px 4px 1px 3px;color:#000000;font-style:normal;} .chat.mine {background:rgba(0,0,0,0.05);margin-left:-8px;margin-right:-8px;padding-left:8px;padding-right:8px;} .spoiler {color:#BBBBBB;background:#BBBBBB;padding:0px 3px;} .spoiler:hover, .spoiler:active, .spoiler-shown {color:#000000;background:#E2E2E2;padding:0px 3px;} .spoiler a {color:#BBBBBB;} .spoiler:hover a, .spoiler:active a, .spoiler-shown a {color:#2288CC;} .chat code, .chat .spoiler:hover code, .chat .spoiler:active code, .chat .spoiler-shown code {border:1px solid #C0C0C0;background:#EEEEEE;color:black;padding:0 2px;} .chat .spoiler code {border:1px solid #CCCCCC;background:#CCCCCC;color:#CCCCCC;} .battle-log .rated {padding:3px 4px;} .battle-log .rated strong {color:white;background:#89A;padding:1px 4px;border-radius:4px;} .spacer {margin-top:0.5em;} .message-announce {background:#6688AA;color:white;padding:1px 4px 2px;} .message-announce a, .broadcast-green a, .broadcast-blue a, .broadcast-red a {color:#DDEEFF;} .broadcast-green {background-color:#559955;color:white;padding:2px 4px;} .broadcast-blue {background-color:#6688AA;color:white;padding:2px 4px;} .infobox {border:1px solid #6688AA;padding:2px 4px;} .infobox-limited {max-height:200px;overflow:auto;overflow-x:hidden;} .broadcast-red {background-color:#AA5544;color:white;padding:2px 4px;} .message-learn-canlearn {font-weight:bold;color:#228822;text-decoration:underline;} .message-learn-cannotlearn {font-weight:bold;color:#CC2222;text-decoration:underline;} .message-effect-weak {font-weight:bold;color:#CC2222;} .message-effect-resist {font-weight:bold;color:#6688AA;} .message-effect-immune {font-weight:bold;color:#666666;} .message-learn-list {margin-top:0;margin-bottom:0;} .message-throttle-notice, .message-error {color:#992222;} .message-overflow, .chat small.message-overflow {font-size:0pt;} .message-overflow::before {font-size:9pt;content:'...';} .subtle {color:#3A4A66;}
</style>
<div class="wrapper replay-wrapper" style="max-width:1180px;margin:0 auto">
<input type="hidden" name="replayid" value="dragonheaven-gen8megasforall-273" />
<div class="battle"></div><div class="battle-log"></div><div class="replay-controls"></div><div class="replay-controls-2"></div>
<h1 style="font-weight:normal;text-align:center"><strong>[Gen 8] Megas for All</strong><br /><a href="http://pokemonshowdown.com/users/wayofbandana" class="subtle" target="_blank">Way of Bandana</a> vs. <a href="http://pokemonshowdown.com/users/harmony96369" class="subtle" target="_blank">harmony96369</a></h1>
<script type="text/plain" class="battle-log-data">|j|☆Way of Bandana
|j|☆harmony96369
|t:|1617392968
|player|p1|Way of Bandana|jogger|
|player|p2|harmony96369|265|
|teamsize|p1|6
|teamsize|p2|6
|gametype|singles
|gen|8
|tier|[Gen 8] Megas for All
|rated|Tournament battle
|clearpoke
|poke|p1|Porygon-Z|
|poke|p1|Toxapex, F|
|poke|p1|Buzzwole|
|poke|p1|Moltres|
|poke|p1|Swampert, F|
|poke|p1|Weavile, M|
|poke|p2|Clefable, M|
|poke|p2|Spinda, M|
|poke|p2|Blissey, F|
|poke|p2|Porygon-Z|
|poke|p2|Empoleon, F|
|poke|p2|Goodra, F|
|rule|HP Percentage Mod: HP is shown in percentages
|rule|Endless Battle Clause: Forcing endless battles is banned
|rule|OHKO Clause: OHKO moves are banned
|rule|Evasion Moves Clause: Evasion moves are banned
|rule|Species Clause: Limit one of each Pokémon
|rule|Dynamax Clause: You cannot dynamax
|rule|Sleep Clause Mod: Limit one foe put to sleep
|rule|Freeze Clause Mod: Limit one foe frozen
|raw|<img src="https:\/\/www.smogon.com\/forums\/attachments\/banner_2-png.302358\/" height="65" width="381">
|-message|Welcome to Megas for All!
|-message|This is a National Dex-based format where we aim to give a new Mega Evolution to every Pokémon.
|-message|Just like any official format, you can still only Mega Evolve one Pokémon per team!
|-message|You can find our thread and metagame resources here:
|-message|https:\/\/www.smogon.com\/forums\/threads\/3671140\/
|teampreview
|j|#inkbug1

|c|☆Way of Bandana|Glhf
|c|☆harmony96369|good luck
|
|t:|1617392990
|start
|switch|p1a: Bandana|Toxapex, F, shiny|100\/100
|switch|p2a: Kym|Empoleon, F|100\/100
|turn|1
|
|t:|1617393002
|move|p2a: Kym|Stealth Rock|p1a: Bandana
|-sidestart|p1: Way of Bandana|move: Stealth Rock
|move|p1a: Bandana|Knock Off|p2a: Kym
|-damage|p2a: Kym|68\/100
|-enditem|p2a: Kym|Leftovers|[from] move: Knock Off|[of] p1a: Bandana
|
|upkeep
|turn|2
|
|t:|1617393016
|move|p2a: Kym|Flip Turn|p1a: Bandana
|-resisted|p1a: Bandana
|-damage|p1a: Bandana|94\/100
|
|t:|1617393028
|switch|p2a: Ur anus|Blissey, F|100\/100|[from]move: Flip Turn
|move|p1a: Bandana|Knock Off|p2a: Ur anus
|-crit|p2a: Ur anus
|-damage|p2a: Ur anus|68\/100
|
|upkeep
|turn|3
|
|t:|1617393042
|switch|p1a: Kipper|Swampert, F|100\/100
|-damage|p1a: Kipper|94\/100|[from] Stealth Rock
|move|p2a: Ur anus|Wish|p2a: Ur anus
|
|-heal|p1a: Kipper|100\/100|[from] item: Leftovers
|upkeep
|turn|4
|
|t:|1617393051
|move|p2a: Ur anus|Soft-Boiled|p2a: Ur anus
|-heal|p2a: Ur anus|100\/100
|move|p1a: Kipper|Stealth Rock|p2a: Ur anus
|-sidestart|p2: harmony96369|move: Stealth Rock
|
|upkeep
|turn|5
|
|t:|1617393058
|move|p2a: Ur anus|Parting Shot|p1a: Kipper
|-unboost|p1a: Kipper|atk|1
|-unboost|p1a: Kipper|spa|1
|
|t:|1617393066
|switch|p2a: June|Goodra, F|100\/100|[from]move: Parting Shot
|-damage|p2a: June|88\/100|[from] Stealth Rock
|move|p1a: Kipper|Toxic|p2a: June
|-status|p2a: June|tox
|
|-heal|p2a: June|94\/100 tox|[from] item: Leftovers
|-damage|p2a: June|88\/100 tox|[from] psn
|upkeep
|turn|6
|
|t:|1617393080
|switch|p1a: Bandana|Toxapex, F, shiny|100\/100
|-damage|p1a: Bandana|88\/100|[from] Stealth Rock
|move|p2a: June|Power Whip|p1a: Bandana
|-damage|p1a: Bandana|57\/100
|
|-heal|p2a: June|94\/100 tox|[from] item: Leftovers
|-damage|p2a: June|82\/100 tox|[from] psn
|upkeep
|turn|7
|c|☆Way of Bandana|Don't threaten poor Bandana
|
|t:|1617393106
|move|p2a: June|Earthquake|p1a: Bandana
|-supereffective|p1a: Bandana
|-damage|p1a: Bandana|4\/100
|move|p1a: Bandana|Parting Shot|p2a: June
|-unboost|p2a: June|atk|1
|-unboost|p2a: June|spa|1
|
|t:|1617393113
|switch|p1a: Bird Up|Moltres|100\/100|[from]move: Parting Shot
|
|-heal|p2a: June|88\/100 tox|[from] item: Leftovers
|-damage|p2a: June|69\/100 tox|[from] psn
|upkeep
|turn|8
|
|t:|1617393124
|switch|p2a: Kym|Empoleon, F|68\/100
|-damage|p2a: Kym|62\/100|[from] Stealth Rock
|move|p1a: Bird Up|Scorching Sands|p2a: Kym
|-supereffective|p2a: Kym
|-damage|p2a: Kym|36\/100
|-status|p2a: Kym|brn
|
|-damage|p2a: Kym|30\/100 brn|[from] brn
|upkeep
|turn|9
|
|t:|1617393139
|move|p1a: Bird Up|Scorching Sands|p2a: Kym
|-supereffective|p2a: Kym
|-damage|p2a: Kym|6\/100 brn
|move|p2a: Kym|Flip Turn|p1a: Bird Up
|-supereffective|p1a: Bird Up
|-damage|p1a: Bird Up|86\/100
|
|t:|1617393147
|switch|p2a: Neil|Spinda, M|100\/100|[from]move: Flip Turn
|-damage|p2a: Neil|88\/100|[from] Stealth Rock
|
|upkeep
|turn|10
|
|t:|1617393155
|move|p2a: Neil|Fake Out|p1a: Bird Up
|-damage|p1a: Bird Up|70\/100
|-damage|p2a: Neil|78\/100|[from] item: Life Orb
|cant|p1a: Bird Up|flinch
|
|upkeep
|turn|11
|
|t:|1617393163
|move|p1a: Bird Up|Mystical Fire|p2a: Neil
|-damage|p2a: Neil|30\/100
|-boost|p2a: Neil|spa|1
|move|p2a: Neil|Return|p1a: Bird Up
|-damage|p1a: Bird Up|32\/100
|-status|p2a: Neil|brn|[from] ability: Flame Body|[of] p1a: Bird Up
|-damage|p2a: Neil|20\/100 brn|[from] item: Life Orb
|
|-damage|p2a: Neil|14\/100 brn|[from] brn
|upkeep
|turn|12
|j| pupugugu
|
|t:|1617393176
|move|p2a: Neil|Sucker Punch||[still]
|-fail|p2a: Neil
|move|p1a: Bird Up|Roost|p1a: Bird Up
|-heal|p1a: Bird Up|82\/100
|-singleturn|p1a: Bird Up|move: Roost
|
|-damage|p2a: Neil|8\/100 brn|[from] brn
|upkeep
|turn|13
|
|t:|1617393189
|move|p2a: Neil|Sucker Punch|p1a: Bird Up
|-damage|p1a: Bird Up|73\/100
|-damage|p2a: Neil|0 fnt|[from] item: Life Orb
|faint|p2a: Neil
|move|p1a: Bird Up|Scorching Sands|p2: Neil|[notarget]
|-fail|p1a: Bird Up
|
|upkeep
|
|t:|1617393199
|switch|p2a: Aries|Porygon-Z|100\/100
|-damage|p2a: Aries|88\/100|[from] Stealth Rock
|turn|14
|
|t:|1617393206
|move|p2a: Aries|Revelation Dance|p1a: Bird Up
|-damage|p1a: Bird Up|12\/100
|move|p1a: Bird Up|Scorching Sands|p2a: Aries
|-damage|p2a: Aries|63\/100
|-status|p2a: Aries|brn
|
|-damage|p2a: Aries|57\/100 brn|[from] brn
|upkeep
|turn|15
|
|t:|1617393217
|switch|p1a: Kipper|Swampert, F|100\/100
|-damage|p1a: Kipper|94\/100|[from] Stealth Rock
|move|p2a: Aries|Revelation Dance|p1a: Kipper
|-damage|p1a: Kipper|55\/100
|
|-heal|p1a: Kipper|61\/100|[from] item: Leftovers
|-damage|p2a: Aries|51\/100 brn|[from] brn
|upkeep
|turn|16
|
|t:|1617393230
|move|p2a: Aries|Revelation Dance|p1a: Kipper
|-damage|p1a: Kipper|22\/100
|move|p1a: Kipper|Earthquake|p2a: Aries
|-damage|p2a: Aries|0 fnt
|faint|p2a: Aries
|
|-heal|p1a: Kipper|28\/100|[from] item: Leftovers
|upkeep
|c|☆Way of Bandana|Clever idea
|
|t:|1617393244
|switch|p2a: Luna|Clefable, M|100\/100
|-damage|p2a: Luna|88\/100|[from] Stealth Rock
|turn|17
|c|☆Way of Bandana|Strong special atk before mega
|
|t:|1617393257
|move|p2a: Luna|Cosmic Power|p2a: Luna
|-boost|p2a: Luna|def|1
|-boost|p2a: Luna|spd|1
|move|p1a: Kipper|Flip Turn|p2a: Luna
|-damage|p2a: Luna|75\/100
|c|☆harmony96369|it isnt actually mega lol
|j| pitterpatter5786
|
|t:|1617393264
|switch|p1a: Bandana|Toxapex, F, shiny|38\/100|[from]move: Flip Turn
|-damage|p1a: Bandana|26\/100|[from] Stealth Rock
|
|-heal|p2a: Luna|81\/100|[from] item: Leftovers
|upkeep
|turn|18
|
|t:|1617393273
|move|p2a: Luna|Cosmic Power|p2a: Luna
|-boost|p2a: Luna|def|1
|-boost|p2a: Luna|spd|1
|move|p1a: Bandana|Gunk Shot|p2a: Luna
|-supereffective|p2a: Luna
|-damage|p2a: Luna|23\/100
|
|-heal|p2a: Luna|29\/100|[from] item: Leftovers
|upkeep
|turn|19
|
|t:|1617393282
|move|p2a: Luna|Soft-Boiled|p2a: Luna
|-heal|p2a: Luna|79\/100
|move|p1a: Bandana|Gunk Shot|p2a: Luna
|-supereffective|p2a: Luna
|-damage|p2a: Luna|26\/100
|
|-heal|p2a: Luna|32\/100|[from] item: Leftovers
|upkeep
|turn|20
|
|t:|1617393291
|move|p2a: Luna|Soft-Boiled|p2a: Luna
|-heal|p2a: Luna|82\/100
|move|p1a: Bandana|Gunk Shot|p2a: Luna
|-supereffective|p2a: Luna
|-damage|p2a: Luna|29\/100
|-status|p2a: Luna|psn
|
|-heal|p2a: Luna|35\/100 psn|[from] item: Leftovers
|-damage|p2a: Luna|23\/100 psn|[from] psn
|upkeep
|turn|21
|j| SwampySwamp1991
|
|t:|1617393302
|move|p2a: Luna|Soft-Boiled|p2a: Luna
|-heal|p2a: Luna|73\/100 psn
|move|p1a: Bandana|Gunk Shot|p2a: Luna|[miss]
|-miss|p1a: Bandana|p2a: Luna
|
|-heal|p2a: Luna|79\/100 psn|[from] item: Leftovers
|-damage|p2a: Luna|66\/100 psn|[from] psn
|upkeep
|turn|22
|c| pitterpatter5786|yeah that poison was inevitable
|
|t:|1617393312
|move|p2a: Luna|Cosmic Power|p2a: Luna
|-boost|p2a: Luna|def|1
|-boost|p2a: Luna|spd|1
|move|p1a: Bandana|Gunk Shot|p2a: Luna
|-supereffective|p2a: Luna
|-crit|p2a: Luna
|-damage|p2a: Luna|0 fnt
|faint|p2a: Luna
|
|upkeep
|c|☆harmony96369|UGG
|
|t:|1617393328
|switch|p2a: Ur anus|Blissey, F|100\/100
|-damage|p2a: Ur anus|88\/100|[from] Stealth Rock
|turn|23
|
|t:|1617393336
|switch|p1a: Arnold|Buzzwole|100\/100
|-damage|p1a: Arnold|88\/100|[from] Stealth Rock
|-zpower|p2a: Ur anus
|move|p2a: Ur anus|Z-Parting Shot|p1a: Arnold|[anim]Parting Shot
|-unboost|p1a: Arnold|atk|1
|-unboost|p1a: Arnold|spa|1
|-activate|p2a: Ur anus|healreplacement
|
|t:|1617393345
|switch|p2a: Kym|Empoleon, F|6\/100 brn|[from]move: Parting Shot
|-heal|p2a: Kym|100\/100 brn|[from] move: Parting Shot|[zeffect]
|-damage|p2a: Kym|94\/100 brn|[from] Stealth Rock
|
|-damage|p2a: Kym|88\/100 brn|[from] brn
|upkeep
|turn|24
|c| pitterpatter5786|wow
|c| pupugugu|wild tech
|
|t:|1617393357
|switch|p1a: Bandana|Toxapex, F, shiny|59\/100
|-damage|p1a: Bandana|47\/100|[from] Stealth Rock
|move|p2a: Kym|Flip Turn|p1a: Bandana
|-resisted|p1a: Bandana
|-damage|p1a: Bandana|43\/100
|c| pitterpatter5786|that is so good holy crap
|c| pupugugu|parting shot blissey actually sounds mad annoying
|j| Iknowup
|
|t:|1617393370
|switch|p2a: June|Goodra, F|69\/100 tox|[from]move: Flip Turn
|-damage|p2a: June|57\/100 tox|[from] Stealth Rock
|
|-heal|p2a: June|63\/100 tox|[from] item: Leftovers
|-damage|p2a: June|57\/100 tox|[from] psn
|upkeep
|turn|25
|
|t:|1617393380
|switch|p1a: Arnold|Buzzwole|88\/100
|-damage|p1a: Arnold|76\/100|[from] Stealth Rock
|move|p2a: June|Dragon Tail|p1a: Arnold
|-damage|p1a: Arnold|62\/100
|-damage|p2a: June|40\/100 tox|[from] item: Rocky Helmet|[of] p1a: Arnold
|drag|p1a: Bandana|Toxapex, F, shiny|77\/100
|-damage|p1a: Bandana|65\/100|[from] Stealth Rock
|
|-heal|p2a: June|46\/100 tox|[from] item: Leftovers
|-damage|p2a: June|34\/100 tox|[from] psn
|upkeep
|turn|26
|
|t:|1617393395
|move|p1a: Bandana|Knock Off|p2a: June
|-damage|p2a: June|0 fnt
|-enditem|p2a: June|Leftovers|[from] move: Knock Off|[of] p1a: Bandana
|faint|p2a: June
|
|upkeep
|
|t:|1617393401
|switch|p2a: Kym|Empoleon, F|88\/100 brn
|-damage|p2a: Kym|82\/100 brn|[from] Stealth Rock
|turn|27
|
|t:|1617393408
|move|p2a: Kym|Flip Turn|p1a: Bandana
|-resisted|p1a: Bandana
|-damage|p1a: Bandana|61\/100
|c|☆harmony96369|gg
|-message|harmony96369 forfeited.
|
|win|Way of Bandana
|l|☆harmony96369
|c|☆Way of Bandana|Gg
|l| Iknowup
|l| pitterpatter5786
|l| SwampySwamp1991
|l| pupugugu
|l|☆Way of Bandana</script>
</div>
<div class="battle-log battle-log-inline"><div class="inner"><div class="battle-options"><div style="padding-top: 3px; padding-right: 3px; text-align: right"><button class="icon button" name="openBattleOptions" title="Options">Battle Options</button></div></div><div class="inner message-log"><div class="chat"><small>☆Way of Bandana and ☆harmony96369 joined</small></div><div class=""><small>Format:</small> <br><strong>[Gen 8] Megas for All</strong></div><div class="rated"><strong>Tournament battle</strong></div><div class=""><small><em>HP Percentage Mod:</em> HP is shown in percentages</small></div><div class=""><small><em>Endless Battle Clause:</em> Forcing endless battles is banned</small></div><div class=""><small><em>OHKO Clause:</em> OHKO moves are banned</small></div><div class=""><small><em>Evasion Moves Clause:</em> Evasion moves are banned</small></div><div class=""><small><em>Species Clause:</em> Limit one of each Pokémon</small></div><div class=""><small><em>Dynamax Clause:</em> You cannot dynamax</small></div><div class=""><small><em>Sleep Clause Mod:</em> Limit one foe put to sleep</small></div><div class=""><small><em>Freeze Clause Mod:</em> Limit one foe frozen</small></div><div class="chat"><img src="https://www.smogon.com/forums/attachments/banner_2-png.302358/" height="65" width="381"></div><div class="spacer battle-history"><br></div><div class="battle-history"><small>Welcome to Megas for All!</small><br></div><div class="battle-history"><small>This is a National Dex-based format where we aim to give a new Mega Evolution to every Pokémon.</small><br></div><div class="battle-history"><small>Just like any official format, you can still only Mega Evolve one Pokémon per team!</small><br></div><div class="battle-history"><small>You can find our thread and metagame resources here:</small><br></div><div class="battle-history"><small>https://www.smogon.com/forums/threads/3671140/</small><br></div><div class="chat battle-history"><strong>Way of Bandana's team:</strong> <em style="color:#445566;display:block;">Porygon-Z / Toxapex / Buzzwole / Moltres / Swampert / Weavile</em></div><div class="chat battle-history"><strong>harmony96369's team:</strong> <em style="color:#445566;display:block;">Clefable / Spinda / Blissey / Porygon-Z / Empoleon / Goodra</em></div><div class="chat"><small>#inkbug1 joined</small></div><div class="chat chatmessage-wayofbandana"><strong style="color:#ae5b4b"><small>☆</small><span class="username" data-name="Way of Bandana">Way of Bandana</span>:</strong> <em>Glhf</em></div><div class="chat chatmessage-harmony96369"><strong style="color:#b06d27"><small>☆</small><span class="username" data-name="harmony96369">harmony96369</span>:</strong> <em>good luck</em></div><div class="spacer battle-history"><br></div><div class="battle-history">Battle started between Way of Bandana and harmony96369!<br></div><div class="spacer battle-history"><br></div><div class="battle-history">Go! Bandana (<strong>Toxapex</strong>)!<br></div><div class="spacer battle-history"><br></div><div class="battle-history">harmony96369 sent out Kym (<strong>Empoleon</strong>)!<br></div><div class="spacer battle-history"><br></div><h2 class="battle-history">Turn 1</h2><div class="spacer battle-history"><br></div><div class="battle-history">The opposing Kym used <strong>Stealth Rock</strong>!<br></div><div class="battle-history"><small>Pointed stones float in the air around your team!</small><br></div><div class="spacer battle-history"><br></div><div class="battle-history">Bandana used <strong>Knock Off</strong>!<br></div><div class="battle-history"><small>(The opposing Kym lost 32% of its health!)</small><br></div><div class="battle-history"><small>Bandana knocked off the opposing Kym's Leftovers!</small><br></div><div class="spacer battle-history"><br></div><h2 class="battle-history">Turn 2</h2><div class="spacer battle-history"><br></div><div class="battle-history">The opposing Kym used <strong>Flip Turn</strong>!<br></div><div class="battle-history"><small>It's not very effective...</small><br></div><div class="battle-history"><small>(Bandana lost 6% of its health!)</small><br></div><div class="spacer battle-history"><br></div><div class="battle-history">harmony96369 withdrew Kym!<br></div><div class="battle-history">harmony96369 sent out Ur anus (<strong>Blissey</strong>)!<br></div><div class="spacer battle-history"><br></div><div class="battle-history">Bandana used <strong>Knock Off</strong>!<br></div><div class="battle-history"><small>A critical hit!</small><br></div><div class="battle-history"><small>(The opposing Ur anus lost 32% of its health!)</small><br></div><div class="spacer battle-history"><br></div><h2 class="battle-history">Turn 3</h2><div class="spacer battle-history"><br></div><div class="battle-history">Bandana, come back!<br></div><div class="battle-history">Go! Kipper (<strong>Swampert</strong>)!<br></div><div class="battle-history"><small>Pointed stones dug into Kipper!</small><br></div><div class="spacer battle-history"><br></div><div class="battle-history">The opposing Ur anus used <strong>Wish</strong>!<br></div><div class="spacer battle-history"><br></div><div class="battle-history"><small>Kipper restored a little HP using its Leftovers!</small><br></div><div class="spacer battle-history"><br></div><h2 class="battle-history">Turn 4</h2><div class="spacer battle-history"><br></div><div class="battle-history">The opposing Ur anus used <strong>Soft-Boiled</strong>!<br></div><div class="battle-history"><small>The opposing Ur anus had its HP restored.</small><br></div><div class="spacer battle-history"><br></div><div class="battle-history">Kipper used <strong>Stealth Rock</strong>!<br></div><div class="battle-history"><small>Pointed stones float in the air around the opposing team!</small><br></div><div class="spacer battle-history"><br></div><h2 class="battle-history">Turn 5</h2><div class="spacer battle-history"><br></div><div class="battle-history">The opposing Ur anus used <strong>Parting Shot</strong>!<br></div><div class="battle-history"><small>Kipper's Attack fell!</small><br></div><div class="battle-history"><small>Kipper's Sp. Atk fell!</small><br></div><div class="spacer battle-history"><br></div><div class="battle-history">harmony96369 withdrew Ur anus!<br></div><div class="battle-history">harmony96369 sent out June (<strong>Goodra</strong>)!<br></div><div class="battle-history"><small>Pointed stones dug into the opposing June!</small><br></div><div class="spacer battle-history"><br></div><div class="battle-history">Kipper used <strong>Toxic</strong>!<br></div><div class="battle-history"><small>The opposing June was badly poisoned!</small><br></div><div class="spacer battle-history"><br></div><div class="battle-history"><small>The opposing June restored a little HP using its Leftovers!</small><br></div><div class="battle-history"><small>The opposing June was hurt by poison!</small><br></div><div class="spacer battle-history"><br></div><h2 class="battle-history">Turn 6</h2><div class="spacer battle-history"><br></div><div class="battle-history">Kipper, come back!<br></div><div class="battle-history">Go! Bandana (<strong>Toxapex</strong>)!<br></div><div class="battle-history"><small>Pointed stones dug into Bandana!</small><br></div><div class="spacer battle-history"><br></div><div class="battle-history">The opposing June used <strong>Power Whip</strong>!<br></div><div class="battle-history"><small>(Bandana lost 31% of its health!)</small><br></div><div class="spacer battle-history"><br></div><div class="battle-history"><small>The opposing June restored a little HP using its Leftovers!</small><br></div><div class="battle-history"><small>The opposing June was hurt by poison!</small><br></div><div class="spacer battle-history"><br></div><h2 class="battle-history">Turn 7</h2><div class="chat chatmessage-wayofbandana"><strong style="color:#ae5b4b"><small>☆</small><span class="username" data-name="Way of Bandana">Way of Bandana</span>:</strong> <em>Don't threaten poor Bandana</em></div><div class="spacer battle-history"><br></div><div class="battle-history">The opposing June used <strong>Earthquake</strong>!<br></div><div class="battle-history"><small>It's super effective!</small><br></div><div class="battle-history"><small>(Bandana lost 53% of its health!)</small><br></div><div class="spacer battle-history"><br></div><div class="battle-history">Bandana used <strong>Parting Shot</strong>!<br></div><div class="battle-history"><small>The opposing June's Attack fell!</small><br></div><div class="battle-history"><small>The opposing June's Sp. Atk fell!</small><br></div><div class="spacer battle-history"><br></div><div class="battle-history">Bandana, come back!<br></div><div class="battle-history">Go! Bird Up (<strong>Moltres</strong>)!<br></div><div class="spacer battle-history"><br></div><div class="battle-history"><small>The opposing June restored a little HP using its Leftovers!</small><br></div><div class="battle-history"><small>The opposing June was hurt by poison!</small><br></div><div class="spacer battle-history"><br></div><h2 class="battle-history">Turn 8</h2><div class="spacer battle-history"><br></div><div class="battle-history">harmony96369 withdrew June!<br></div><div class="battle-history">harmony96369 sent out Kym (<strong>Empoleon</strong>)!<br></div><div class="battle-history"><small>Pointed stones dug into the opposing Kym!</small><br></div><div class="spacer battle-history"><br></div><div class="battle-history">Bird Up used <strong>Scorching Sands</strong>!<br></div><div class="battle-history"><small>It's super effective!</small><br></div><div class="battle-history"><small>(The opposing Kym lost 26% of its health!)</small><br></div><div class="battle-history"><small>The opposing Kym was burned!</small><br></div><div class="spacer battle-history"><br></div><div class="battle-history"><small>The opposing Kym was hurt by its burn!</small><br></div><div class="spacer battle-history"><br></div><h2 class="battle-history">Turn 9</h2><div class="spacer battle-history"><br></div><div class="battle-history">Bird Up used <strong>Scorching Sands</strong>!<br></div><div class="battle-history"><small>It's super effective!</small><br></div><div class="battle-history"><small>(The opposing Kym lost 24% of its health!)</small><br></div><div class="spacer battle-history"><br></div><div class="battle-history">The opposing Kym used <strong>Flip Turn</strong>!<br></div><div class="battle-history"><small>It's super effective!</small><br></div><div class="battle-history"><small>(Bird Up lost 14% of its health!)</small><br></div><div class="spacer battle-history"><br></div><div class="battle-history">harmony96369 withdrew Kym!<br></div><div class="battle-history">harmony96369 sent out Neil (<strong>Spinda</strong>)!<br></div><div class="battle-history"><small>Pointed stones dug into the opposing Neil!</small><br></div><div class="spacer battle-history"><br></div><h2 class="battle-history">Turn 10</h2><div class="spacer battle-history"><br></div><div class="battle-history">The opposing Neil used <strong>Fake Out</strong>!<br></div><div class="battle-history"><small>(Bird Up lost 16% of its health!)</small><br></div><div class="battle-history"><small>The opposing Neil lost some of its HP!</small><br></div><div class="spacer battle-history"><br></div><div class="battle-history">Bird Up flinched and couldn't move!<br></div><div class="spacer battle-history"><br></div><h2 class="battle-history">Turn 11</h2><div class="spacer battle-history"><br></div><div class="battle-history">Bird Up used <strong>Mystical Fire</strong>!<br></div><div class="battle-history"><small>(The opposing Neil lost 48% of its health!)</small><br></div><div class="battle-history"><small>The opposing Neil's Sp. Atk rose!</small><br></div><div class="spacer battle-history"><br></div><div class="battle-history">The opposing Neil used <strong>Return</strong>!<br></div><div class="battle-history"><small>(Bird Up lost 38% of its health!)</small><br></div><div class="battle-history">[Bird Up's Flame Body]<br><small>The opposing Neil was burned!</small><br></div><div class="battle-history"><small>The opposing Neil lost some of its HP!</small><br></div><div class="spacer battle-history"><br></div><div class="battle-history"><small>The opposing Neil was hurt by its burn!</small><br></div><div class="spacer battle-history"><br></div><h2 class="battle-history">Turn 12</h2><div class="chat"><small> pupugugu joined</small></div><div class="spacer battle-history"><br></div><div class="battle-history">The opposing Neil used <strong>Sucker Punch</strong>!<br></div><div class="battle-history"><small>But it failed!</small><br></div><div class="spacer battle-history"><br></div><div class="battle-history">Bird Up used <strong>Roost</strong>!<br></div><div class="battle-history"><small>Bird Up had its HP restored.</small><br></div><div class="battle-history"><small>(Bird Up loses Flying type this turn.)</small><br></div><div class="spacer battle-history"><br></div><div class="battle-history"><small>The opposing Neil was hurt by its burn!</small><br></div><div class="spacer battle-history"><br></div><h2 class="battle-history">Turn 13</h2><div class="spacer battle-history"><br></div><div class="battle-history">The opposing Neil used <strong>Sucker Punch</strong>!<br></div><div class="battle-history"><small>(Bird Up lost 9% of its health!)</small><br></div><div class="battle-history"><small>The opposing Neil lost some of its HP!</small><br></div><div class="spacer battle-history"><br></div><div class="battle-history">The opposing Neil fainted!<br></div><div class="battle-history">Bird Up used <strong>Scorching Sands</strong>!<br></div><div class="battle-history"><small>But it failed!</small><br></div><div class="spacer battle-history"><br></div><div class="battle-history">harmony96369 sent out Aries (<strong>Porygon-Z</strong>)!<br></div><div class="battle-history"><small>Pointed stones dug into the opposing Aries!</small><br></div><div class="spacer battle-history"><br></div><h2 class="battle-history">Turn 14</h2><div class="spacer battle-history"><br></div><div class="battle-history">The opposing Aries used <strong>Revelation Dance</strong>!<br></div><div class="battle-history"><small>(Bird Up lost 61% of its health!)</small><br></div><div class="spacer battle-history"><br></div><div class="battle-history">Bird Up used <strong>Scorching Sands</strong>!<br></div><div class="battle-history"><small>(The opposing Aries lost 25% of its health!)</small><br></div><div class="battle-history"><small>The opposing Aries was burned!</small><br></div><div class="spacer battle-history"><br></div><div class="battle-history"><small>The opposing Aries was hurt by its burn!</small><br></div><div class="spacer battle-history"><br></div><h2 class="battle-history">Turn 15</h2><div class="spacer battle-history"><br></div><div class="battle-history">Bird Up, come back!<br></div><div class="battle-history">Go! Kipper (<strong>Swampert</strong>)!<br></div><div class="battle-history"><small>Pointed stones dug into Kipper!</small><br></div><div class="spacer battle-history"><br></div><div class="battle-history">The opposing Aries used <strong>Revelation Dance</strong>!<br></div><div class="battle-history"><small>(Kipper lost 39% of its health!)</small><br></div><div class="spacer battle-history"><br></div><div class="battle-history"><small>Kipper restored a little HP using its Leftovers!</small><br></div><div class="battle-history"><small>The opposing Aries was hurt by its burn!</small><br></div><div class="spacer battle-history"><br></div><h2 class="battle-history">Turn 16</h2><div class="spacer battle-history"><br></div><div class="battle-history">The opposing Aries used <strong>Revelation Dance</strong>!<br></div><div class="battle-history"><small>(Kipper lost 39% of its health!)</small><br></div><div class="spacer battle-history"><br></div><div class="battle-history">Kipper used <strong>Earthquake</strong>!<br></div><div class="battle-history"><small>(The opposing Aries lost 51% of its health!)</small><br></div><div class="spacer battle-history"><br></div><div class="battle-history">The opposing Aries fainted!<br></div><div class="spacer battle-history"><br></div><div class="battle-history"><small>Kipper restored a little HP using its Leftovers!</small><br></div><div class="chat chatmessage-wayofbandana"><strong style="color:#ae5b4b"><small>☆</small><span class="username" data-name="Way of Bandana">Way of Bandana</span>:</strong> <em>Clever idea</em></div><div class="spacer battle-history"><br></div><div class="battle-history">harmony96369 sent out Luna (<strong>Clefable</strong>)!<br></div><div class="battle-history"><small>Pointed stones dug into the opposing Luna!</small><br></div><div class="spacer battle-history"><br></div><h2 class="battle-history">Turn 17</h2><div class="chat chatmessage-wayofbandana"><strong style="color:#ae5b4b"><small>☆</small><span class="username" data-name="Way of Bandana">Way of Bandana</span>:</strong> <em>Strong special atk before mega</em></div><div class="spacer battle-history"><br></div><div class="battle-history">The opposing Luna used <strong>Cosmic Power</strong>!<br></div><div class="battle-history"><small>The opposing Luna's Defense rose!</small><br></div><div class="battle-history"><small>The opposing Luna's Sp. Def rose!</small><br></div><div class="spacer battle-history"><br></div><div class="battle-history">Kipper used <strong>Flip Turn</strong>!<br></div><div class="battle-history"><small>(The opposing Luna lost 13% of its health!)</small><br></div><div class="chat chatmessage-harmony96369"><strong style="color:#b06d27"><small>☆</small><span class="username" data-name="harmony96369">harmony96369</span>:</strong> <em>it isnt actually mega lol</em></div><div class="chat"><small> pitterpatter5786 joined</small></div><div class="spacer battle-history"><br></div><div class="battle-history">Kipper, come back!<br></div><div class="battle-history">Go! Bandana (<strong>Toxapex</strong>)!<br></div><div class="battle-history"><small>Pointed stones dug into Bandana!</small><br></div><div class="spacer battle-history"><br></div><div class="battle-history"><small>The opposing Luna restored a little HP using its Leftovers!</small><br></div><div class="spacer battle-history"><br></div><h2 class="battle-history">Turn 18</h2><div class="spacer battle-history"><br></div><div class="battle-history">The opposing Luna used <strong>Cosmic Power</strong>!<br></div><div class="battle-history"><small>The opposing Luna's Defense rose!</small><br></div><div class="battle-history"><small>The opposing Luna's Sp. Def rose!</small><br></div><div class="spacer battle-history"><br></div><div class="battle-history">Bandana used <strong>Gunk Shot</strong>!<br></div><div class="battle-history"><small>It's super effective!</small><br></div><div class="battle-history"><small>(The opposing Luna lost 58% of its health!)</small><br></div><div class="spacer battle-history"><br></div><div class="battle-history"><small>The opposing Luna restored a little HP using its Leftovers!</small><br></div><div class="spacer battle-history"><br></div><h2 class="battle-history">Turn 19</h2><div class="spacer battle-history"><br></div><div class="battle-history">The opposing Luna used <strong>Soft-Boiled</strong>!<br></div><div class="battle-history"><small>The opposing Luna had its HP restored.</small><br></div><div class="spacer battle-history"><br></div><div class="battle-history">Bandana used <strong>Gunk Shot</strong>!<br></div><div class="battle-history"><small>It's super effective!</small><br></div><div class="battle-history"><small>(The opposing Luna lost 53% of its health!)</small><br></div><div class="spacer battle-history"><br></div><div class="battle-history"><small>The opposing Luna restored a little HP using its Leftovers!</small><br></div><div class="spacer battle-history"><br></div><h2 class="battle-history">Turn 20</h2><div class="spacer battle-history"><br></div><div class="battle-history">The opposing Luna used <strong>Soft-Boiled</strong>!<br></div><div class="battle-history"><small>The opposing Luna had its HP restored.</small><br></div><div class="spacer battle-history"><br></div><div class="battle-history">Bandana used <strong>Gunk Shot</strong>!<br></div><div class="battle-history"><small>It's super effective!</small><br></div><div class="battle-history"><small>(The opposing Luna lost 53% of its health!)</small><br></div><div class="battle-history"><small>The opposing Luna was poisoned!</small><br></div><div class="spacer battle-history"><br></div><div class="battle-history"><small>The opposing Luna restored a little HP using its Leftovers!</small><br></div><div class="battle-history"><small>The opposing Luna was hurt by poison!</small><br></div><div class="spacer battle-history"><br></div><h2 class="battle-history">Turn 21</h2><div class="chat"><small> SwampySwamp1991 joined</small></div><div class="spacer battle-history"><br></div><div class="battle-history">The opposing Luna used <strong>Soft-Boiled</strong>!<br></div><div class="battle-history"><small>The opposing Luna had its HP restored.</small><br></div><div class="spacer battle-history"><br></div><div class="battle-history">Bandana used <strong>Gunk Shot</strong>!<br></div><div class="battle-history"><small>The opposing Luna avoided the attack!</small><br></div><div class="spacer battle-history"><br></div><div class="battle-history"><small>The opposing Luna restored a little HP using its Leftovers!</small><br></div><div class="battle-history"><small>The opposing Luna was hurt by poison!</small><br></div><div class="spacer battle-history"><br></div><h2 class="battle-history">Turn 22</h2><div class="chat chatmessage-pitterpatter5786"><strong style="color:#b749aa"><small> </small><span class="username" data-name="pitterpatter5786">pitterpatter5786</span>:</strong> <em>yeah that poison was inevitable</em></div><div class="spacer battle-history"><br></div><div class="battle-history">The opposing Luna used <strong>Cosmic Power</strong>!<br></div><div class="battle-history"><small>The opposing Luna's Defense rose!</small><br></div><div class="battle-history"><small>The opposing Luna's Sp. Def rose!</small><br></div><div class="spacer battle-history"><br></div><div class="battle-history">Bandana used <strong>Gunk Shot</strong>!<br></div><div class="battle-history"><small>It's super effective!</small><br></div><div class="battle-history"><small>A critical hit!</small><br></div><div class="battle-history"><small>(The opposing Luna lost 66% of its health!)</small><br></div><div class="spacer battle-history"><br></div><div class="battle-history">The opposing Luna fainted!<br></div><div class="chat chatmessage-harmony96369"><strong style="color:#b06d27"><small>☆</small><span class="username" data-name="harmony96369">harmony96369</span>:</strong> <em>UGG</em></div><div class="spacer battle-history"><br></div><div class="battle-history">harmony96369 sent out Ur anus (<strong>Blissey</strong>)!<br></div><div class="battle-history"><small>Pointed stones dug into the opposing Ur anus!</small><br></div><div class="spacer battle-history"><br></div><h2 class="battle-history">Turn 23</h2><div class="spacer battle-history"><br></div><div class="battle-history">Bandana, come back!<br></div><div class="battle-history">Go! Arnold (<strong>Buzzwole</strong>)!<br></div><div class="battle-history"><small>Pointed stones dug into Arnold!</small><br></div><div class="battle-history"><small>The opposing Ur anus surrounded itself with its Z-Power!</small><br></div><div class="spacer battle-history"><br></div><div class="battle-history">The opposing Ur anus used <strong>Z-Parting Shot</strong>!<br></div><div class="battle-history"><small>Arnold's Attack fell!</small><br></div><div class="battle-history"><small>Arnold's Sp. Atk fell!</small><br></div><div class="battle-history"><small>The opposing Ur anus will restore its replacement's HP using its Z-Power!</small><br></div><div class="spacer battle-history"><br></div><div class="battle-history">harmony96369 withdrew Ur anus!<br></div><div class="battle-history">harmony96369 sent out Kym (<strong>Empoleon</strong>)!<br></div><div class="battle-history"><small>The opposing Kym's HP was restored by the Z-Power!</small><br></div><div class="battle-history"><small>Pointed stones dug into the opposing Kym!</small><br></div><div class="spacer battle-history"><br></div><div class="battle-history"><small>The opposing Kym was hurt by its burn!</small><br></div><div class="spacer battle-history"><br></div><h2 class="battle-history">Turn 24</h2><div class="chat chatmessage-pitterpatter5786"><strong style="color:#b749aa"><small> </small><span class="username" data-name="pitterpatter5786">pitterpatter5786</span>:</strong> <em>wow</em></div><div class="chat chatmessage-pupugugu"><strong style="color:#2b7b91"><small> </small><span class="username" data-name="pupugugu">pupugugu</span>:</strong> <em>wild tech</em></div><div class="spacer battle-history"><br></div><div class="battle-history">Arnold, come back!<br></div><div class="battle-history">Go! Bandana (<strong>Toxapex</strong>)!<br></div><div class="battle-history"><small>Pointed stones dug into Bandana!</small><br></div><div class="spacer battle-history"><br></div><div class="battle-history">The opposing Kym used <strong>Flip Turn</strong>!<br></div><div class="battle-history"><small>It's not very effective...</small><br></div><div class="battle-history"><small>(Bandana lost 4% of its health!)</small><br></div><div class="chat chatmessage-pitterpatter5786"><strong style="color:#b749aa"><small> </small><span class="username" data-name="pitterpatter5786">pitterpatter5786</span>:</strong> <em>that is so good holy crap</em></div><div class="chat chatmessage-pupugugu"><strong style="color:#2b7b91"><small> </small><span class="username" data-name="pupugugu">pupugugu</span>:</strong> <em>parting shot blissey actually sounds mad annoying</em></div><div class="chat"><small> Iknowup joined</small></div><div class="spacer battle-history"><br></div><div class="battle-history">harmony96369 withdrew Kym!<br></div><div class="battle-history">harmony96369 sent out June (<strong>Goodra</strong>)!<br></div><div class="battle-history"><small>Pointed stones dug into the opposing June!</small><br></div><div class="spacer battle-history"><br></div><div class="battle-history"><small>The opposing June restored a little HP using its Leftovers!</small><br></div><div class="battle-history"><small>The opposing June was hurt by poison!</small><br></div><div class="spacer battle-history"><br></div><h2 class="battle-history">Turn 25</h2><div class="spacer battle-history"><br></div><div class="battle-history">Bandana, come back!<br></div><div class="battle-history">Go! Arnold (<strong>Buzzwole</strong>)!<br></div><div class="battle-history"><small>Pointed stones dug into Arnold!</small><br></div><div class="spacer battle-history"><br></div><div class="battle-history">The opposing June used <strong>Dragon Tail</strong>!<br></div><div class="battle-history"><small>(Arnold lost 14% of its health!)</small><br></div><div class="battle-history"><small>The opposing June was hurt by the Rocky Helmet!</small><br></div><div class="spacer battle-history"><br></div><div class="battle-history">Bandana (<strong>Toxapex</strong>) was dragged out!<br></div><div class="battle-history"><small>Pointed stones dug into Bandana!</small><br></div><div class="spacer battle-history"><br></div><div class="battle-history"><small>The opposing June restored a little HP using its Leftovers!</small><br></div><div class="battle-history"><small>The opposing June was hurt by poison!</small><br></div><div class="spacer battle-history"><br></div><h2 class="battle-history">Turn 26</h2><div class="spacer battle-history"><br></div><div class="battle-history">Bandana used <strong>Knock Off</strong>!<br></div><div class="battle-history"><small>(The opposing June lost 34% of its health!)</small><br></div><div class="battle-history"><small>Bandana knocked off the opposing June's Leftovers!</small><br></div><div class="spacer battle-history"><br></div><div class="battle-history">The opposing June fainted!<br></div><div class="spacer battle-history"><br></div><div class="battle-history">harmony96369 sent out Kym (<strong>Empoleon</strong>)!<br></div><div class="battle-history"><small>Pointed stones dug into the opposing Kym!</small><br></div><div class="spacer battle-history"><br></div><h2 class="battle-history">Turn 27</h2><div class="spacer battle-history"><br></div><div class="battle-history">The opposing Kym used <strong>Flip Turn</strong>!<br></div><div class="battle-history"><small>It's not very effective...</small><br></div><div class="battle-history"><small>(Bandana lost 4% of its health!)</small><br></div><div class="chat chatmessage-harmony96369"><strong style="color:#b06d27"><small>☆</small><span class="username" data-name="harmony96369">harmony96369</span>:</strong> <em>gg</em></div><div class="battle-history"><small>harmony96369 forfeited.</small><br></div><div class="spacer battle-history"><br></div><div class="battle-history"><strong>Way of Bandana</strong> won the battle!<br></div><div class="chat"><small>☆harmony96369 left</small></div><div class="chat chatmessage-wayofbandana"><strong style="color:#ae5b4b"><small>☆</small><span class="username" data-name="Way of Bandana">Way of Bandana</span>:</strong> <em>Gg</em></div><div class="chat"><small> Iknowup,  pitterpatter5786,  SwampySwamp1991,  pupugugu, and ☆Way of Bandana left</small></div></div><div class="inner-preempt message-log"></div></div></div>
</div>
<script>
let daily = Math.floor(Date.now()/1000/60/60/24);document.write('<script src="https://dragonheaven.herokuapp.com/js/replay-embed.js?version'+daily+'"></'+'script>');
</script>
