<!DOCTYPE html>
<meta charset="utf-8" />
<!-- version 1 -->
<title>[Gen 8] M4A VGC replay: H2OPulse vs. SimpyShrimp</title>
<style>
html,body {font-family:Verdana, sans-serif;font-size:10pt;margin:0;padding:0;}body{padding:12px 0;} .battle-log {font-family:Verdana, sans-serif;font-size:10pt;} .battle-log-inline {border:1px solid #AAAAAA;background:#EEF2F5;color:black;max-width:640px;margin:0 auto 80px;padding-bottom:5px;} .battle-log .inner {padding:4px 8px 0px 8px;} .battle-log .inner-preempt {padding:0 8px 4px 8px;} .battle-log .inner-after {margin-top:0.5em;} .battle-log h2 {margin:0.5em -8px;padding:4px 8px;border:1px solid #AAAAAA;background:#E0E7EA;border-left:0;border-right:0;font-family:Verdana, sans-serif;font-size:13pt;} .battle-log .chat {vertical-align:middle;padding:3px 0 3px 0;font-size:8pt;} .battle-log .chat strong {color:#40576A;} .battle-log .chat em {padding:1px 4px 1px 3px;color:#000000;font-style:normal;} .chat.mine {background:rgba(0,0,0,0.05);margin-left:-8px;margin-right:-8px;padding-left:8px;padding-right:8px;} .spoiler {color:#BBBBBB;background:#BBBBBB;padding:0px 3px;} .spoiler:hover, .spoiler:active, .spoiler-shown {color:#000000;background:#E2E2E2;padding:0px 3px;} .spoiler a {color:#BBBBBB;} .spoiler:hover a, .spoiler:active a, .spoiler-shown a {color:#2288CC;} .chat code, .chat .spoiler:hover code, .chat .spoiler:active code, .chat .spoiler-shown code {border:1px solid #C0C0C0;background:#EEEEEE;color:black;padding:0 2px;} .chat .spoiler code {border:1px solid #CCCCCC;background:#CCCCCC;color:#CCCCCC;} .battle-log .rated {padding:3px 4px;} .battle-log .rated strong {color:white;background:#89A;padding:1px 4px;border-radius:4px;} .spacer {margin-top:0.5em;} .message-announce {background:#6688AA;color:white;padding:1px 4px 2px;} .message-announce a, .broadcast-green a, .broadcast-blue a, .broadcast-red a {color:#DDEEFF;} .broadcast-green {background-color:#559955;color:white;padding:2px 4px;} .broadcast-blue {background-color:#6688AA;color:white;padding:2px 4px;} .infobox {border:1px solid #6688AA;padding:2px 4px;} .infobox-limited {max-height:200px;overflow:auto;overflow-x:hidden;} .broadcast-red {background-color:#AA5544;color:white;padding:2px 4px;} .message-learn-canlearn {font-weight:bold;color:#228822;text-decoration:underline;} .message-learn-cannotlearn {font-weight:bold;color:#CC2222;text-decoration:underline;} .message-effect-weak {font-weight:bold;color:#CC2222;} .message-effect-resist {font-weight:bold;color:#6688AA;} .message-effect-immune {font-weight:bold;color:#666666;} .message-learn-list {margin-top:0;margin-bottom:0;} .message-throttle-notice, .message-error {color:#992222;} .message-overflow, .chat small.message-overflow {font-size:0pt;} .message-overflow::before {font-size:9pt;content:'...';} .subtle {color:#3A4A66;}
</style>
<div class="wrapper replay-wrapper" style="max-width:1180px;margin:0 auto">
<input type="hidden" name="replayid" value="dragonheaven-gen8m4avgc-319" />
<div class="battle"></div><div class="battle-log"></div><div class="replay-controls"></div><div class="replay-controls-2"></div>
<h1 style="font-weight:normal;text-align:center"><strong>[Gen 8] M4A VGC</strong><br /><a href="http://pokemonshowdown.com/users/h2opulse" class="subtle" target="_blank">H2OPulse</a> vs. <a href="http://pokemonshowdown.com/users/simpyshrimp" class="subtle" target="_blank">SimpyShrimp</a></h1>
<script type="text/plain" class="battle-log-data">|j|☆H2OPulse
|j|☆SimpyShrimp
|t:|1630170141
|player|p1|H2OPulse|aetherfoundation|
|player|p2|SimpyShrimp|guzma|
|teamsize|p1|6
|teamsize|p2|6
|gametype|doubles
|gen|8
|tier|[Gen 8] M4A VGC
|clearpoke
|poke|p1|Flygon, L50, M|
|poke|p1|Lycanroc, L50, F|
|poke|p1|Zapdos-Galar, L50|
|poke|p1|Kommo-o, L50, M|
|poke|p1|Arcanine, L50, M|
|poke|p1|Sableye, L50, F|
|poke|p2|Dragalge, L50, M|
|poke|p2|Hawlucha, L50, F|
|poke|p2|Raichu, L50, M|
|poke|p2|Blastoise, L50, M|
|poke|p2|Indeedee-F, L50, F|
|poke|p2|Togekiss, L50, F|
|rule|Species Clause: Limit one of each Pokémon
|rule|Item Clause: Limit one of each item
|rule|Dynamax Clause: You cannot dynamax
|raw|<img src="https:\/\/www.smogon.com\/forums\/attachments\/banner_2-png.302358\/" height="65" width="381">
|-message|Welcome to Megas for All!
|-message|This is a National Dex-based format where we aim to give a new Mega Evolution to every Pokémon.
|-message|Just like any official format, you can still only Mega Evolve one Pokémon per team!
|-message|You can find our thread and metagame resources here:
|-message|https:\/\/www.smogon.com\/forums\/threads\/3671140\/
|teampreview|4
|c|☆SimpyShrimp|glhf
|c|☆H2OPulse|Good luck and have fun!!!
|j| analysis geek
|j| BlueRayVGC
|j| ASnomPlaysShowdown
|c| ASnomPlaysShowdown|gl hf!
|c| ASnomPlaysShowdown|i'm actually really scared of shrimp's team
|c|☆SimpyShrimp|damn
|c|☆SimpyShrimp|my brain is stressing out
|c|☆SimpyShrimp|no worry indigo
|c| ASnomPlaysShowdown|I maaaay have indirectly influenced blastoise
|c|☆SimpyShrimp|lol true
|j|+inkbug1

|c|☆H2OPulse|(I'm also really scared of his team haha)
|
|t:|1630170241
|start
|switch|p1a: Miko|Lycanroc, L50, F|48\/48
|switch|p1b: Lithops|Sableye, L50, F|48\/48
|switch|p2a: さようならキス|Togekiss, L50, F|48\/48
|switch|p2b: 油圧大砲|Blastoise, L50, M|48\/48
|turn|1
|c|☆SimpyShrimp|don't worry :)
|c|☆H2OPulse|__you say that and then you lead with this__
|c|☆H2OPulse|__I am very worried :'D__
|c| ASnomPlaysShowdown|i wonder
|c|☆SimpyShrimp|let's go hydro cannon and uhh cloud iirc
|c| ASnomPlaysShowdown|does dgales or terrain take priority
|
|t:|1630170305
|detailschange|p1a: Miko|Lycanroc-Mega, L50, F
|-mega|p1a: Miko|Lycanroc|Lycanite
|-start|p1a: Miko|typechange|Rock\/Normal|[silent]
|raw|<ul class="utilichart"><li class="result"><span class="col pokemonnamecol" style="white-space: nowrap">Lycanroc-Mega<\/span> <span class="col typecol"><img src="https:\/\/play.pokemonshowdown.com\/sprites\/types\/Rock.png" alt="Rock" height="14" width="32"><img src="https:\/\/play.pokemonshowdown.com\/sprites\/types\/Normal.png" alt="Normal" height="14" width="32"><\/span> <span style="float: left ; min-height: 26px"><span class="col abilitycol">Down-to-Earth<\/span><span class="col abilitycol"><\/span><\/span><span style="float: left ; min-height: 26px"><span class="col statcol"><em>HP<\/em><br>75<\/span> <span class="col statcol"><em>Atk<\/em><br>130<\/span> <span class="col statcol"><em>Def<\/em><br>115<\/span> <span class="col statcol"><em>SpA<\/em><br>55<\/span> <span class="col statcol"><em>SpD<\/em><br>75<\/span> <span class="col statcol"><em>Spe<\/em><br>137<\/span> <\/span><\/li><li style="clear: both"><\/li><\/ul>
|move|p1b: Lithops|Fake Out|p2a: さようならキス
|-damage|p2a: さようならキス|45\/48
|move|p1a: Miko|Rock Slide|p2b: 油圧大砲|[spread] p2a,p2b
|-supereffective|p2a: さようならキス
|-damage|p2a: さようならキス|24\/48g
|-damage|p2b: 油圧大砲|28\/48
|cant|p2b: 油圧大砲|flinch
|cant|p2a: さようならキス|flinch
|
|upkeep
|turn|2
|c| ASnomPlaysShowdown|when deciding the type of terrain pulse
|c| ASnomPlaysShowdown|rip
|c|+inkbug1|terrain does, iirc 
|c|☆SimpyShrimp|:)
|c|☆H2OPulse|Oof I'm so sorry
|c|+inkbug1|like, weather ball and stuff arent affected by -ates
|c| analysis geek|classic doubles rock slide
|c|☆SimpyShrimp|totally fine after that
|c|☆SimpyShrimp|i flinched a lot
|c|☆SimpyShrimp|so yeah
|c|☆SimpyShrimp|relatable
|c|+inkbug1|like pixilate sylveon can use weather ball and its not fairy type iirc 
|
|t:|1630170365
|move|p1b: Lithops|Helping Hand|p1a: Miko
|-singleturn|p1a: Miko|Helping Hand|[of] p1b: Lithops
|move|p1a: Miko|Rock Slide|p2a: さようならキス|[spread] p2a,p2b
|-supereffective|p2a: さようならキス
|-damage|p2a: さようならキス|0 fnt
|-damage|p2b: 油圧大砲|1\/48
|faint|p2a: さようならキス
|move|p2b: 油圧大砲|Shell Smash|p2b: 油圧大砲
|-unboost|p2b: 油圧大砲|def|1
|-unboost|p2b: 油圧大砲|spd|1
|-boost|p2b: 油圧大砲|atk|2
|-boost|p2b: 油圧大砲|spa|2
|-boost|p2b: 油圧大砲|spe|2
|-enditem|p2b: 油圧大砲|White Herb
|-clearnegativeboost|p2b: 油圧大砲|[silent]
|
|upkeep
|c| ASnomPlaysShowdown|alright
|c| ASnomPlaysShowdown|oooo
|c| ASnomPlaysShowdown|2 hp hang
|
|t:|1630170378
|switch|p2a: もちろん|Indeedee-F, L50, F|48\/48
|-fieldstart|move: Psychic Terrain|[from] ability: Psychic Surge|[of] p2a: もちろん
|-ability|p1a: Miko|Down-to-Earth
|-message|Miko suppresses the effects of the terrain!
|turn|3
|c| ASnomPlaysShowdown|thing is
|c|☆SimpyShrimp|this is a big mistake
|c| ASnomPlaysShowdown|without water spout bp
|c| ASnomPlaysShowdown|sableye walls
|
|t:|1630170406
|move|p1a: Miko|Extreme Speed|p2a: もちろん
|-message|Miko suppresses the effects of the terrain!
|-damage|p2a: もちろん|14\/48
|move|p1b: Lithops|Encore|p2b: 油圧大砲
|-message|Miko suppresses the effects of the terrain!
|-start|p2b: 油圧大砲|Encore
|move|p2b: 油圧大砲|Shell Smash|p2b: 油圧大砲
|-unboost|p2b: 油圧大砲|def|1
|-unboost|p2b: 油圧大砲|spd|1
|-boost|p2b: 油圧大砲|atk|2
|-boost|p2b: 油圧大砲|spa|2
|-boost|p2b: 油圧大砲|spe|2
|move|p2a: もちろん|Expanding Force|p1a: Miko
|-message|Miko suppresses the effects of the terrain!
|-damage|p1a: Miko|32\/48
|
|upkeep
|turn|4
|c| analysis geek|ah
|c|☆SimpyShrimp|gg
|c| ASnomPlaysShowdown|yeah damn scawy
|
|t:|1630170434
|move|p1b: Lithops|Helping Hand|p1a: Miko
|-singleturn|p1a: Miko|Helping Hand|[of] p1b: Lithops
|move|p2b: 油圧大砲|Shell Smash|p2b: 油圧大砲
|-unboost|p2b: 油圧大砲|def|1
|-unboost|p2b: 油圧大砲|spd|1
|-boost|p2b: 油圧大砲|atk|2
|-boost|p2b: 油圧大砲|spa|2
|-boost|p2b: 油圧大砲|spe|2
|move|p1a: Miko|Rock Slide|p2a: もちろん|[spread] p2a,p2b
|-damage|p2a: もちろん|0 fnt
|-damage|p2b: 油圧大砲|0 fnt
|faint|p2a: もちろん
|faint|p2b: 油圧大砲
|
|upkeep
|c| ASnomPlaysShowdown|~~i should have ran quick guard zapdos~~
|
|t:|1630170448
|switch|p2b: レスリング|Hawlucha, L50, F|48\/48
|turn|5
|c| BlueRayVGC|so clever, hema o.o
|c|☆H2OPulse|Pf, thanks :'D
|c|☆SimpyShrimp|gg
|c|☆SimpyShrimp|clean sweep
|c|☆H2OPulse|Good game!!!
|
|t:|1630170465
|move|p1b: Lithops|Helping Hand|p1a: Miko
|-singleturn|p1a: Miko|Helping Hand|[of] p1b: Lithops
|move|p1a: Miko|Extreme Speed|p2b: レスリング
|-hint|Psychic Terrain doesn't affect Pokémon immune to Ground.
|-damage|p2b: レスリング|3\/48
|move|p2b: レスリング|Close Combat|p1a: Miko
|-supereffective|p1a: Miko
|-damage|p1a: Miko|0 fnt
|-unboost|p2b: レスリング|def|1
|-unboost|p2b: レスリング|spd|1
|faint|p1a: Miko
|-message|Miko is no longer suppressing the effects of the terrain!
|
|upkeep
|c| ASnomPlaysShowdown|gg!
|
|t:|1630170475
|switch|p1a: Achilles|Zapdos-Galar, L50|48\/48
|turn|6
|
|t:|1630170481
|move|p1b: Lithops|Encore|p2b: レスリング
|-start|p2b: レスリング|Encore
|move|p2b: レスリング|Close Combat|p1b: Lithops
|-immune|p1b: Lithops
|move|p1a: Achilles|Brave Bird|p2b: レスリング
|-supereffective|p2b: レスリング
|-damage|p2b: レスリング|0 fnt
|-damage|p1a: Achilles|46\/48|[from] Recoil
|faint|p2b: レスリング
|
|win|H2OPulse
|c| ASnomPlaysShowdown|gg
|c| ASnomPlaysShowdown|yeah hema you had no problem adjusting
|l| ASnomPlaysShowdown
|c|☆SimpyShrimp|ah
|c|+inkbug1|that was insane 
|c|☆SimpyShrimp|ggwp
|c|☆H2OPulse|Thanks : D
|l| analysis geek</script>
</div>
<div class="battle-log battle-log-inline"><div class="inner"><div class="battle-options"><div style="padding-top: 3px; padding-right: 3px; text-align: right"><button class="icon button" name="openBattleOptions" title="Options">Battle Options</button></div></div><div class="inner message-log"><div class="chat"><small>☆H2OPulse and ☆SimpyShrimp joined</small></div><div class=""><small>Format:</small> <br><strong>[Gen 8] M4A VGC</strong></div><div class=""><small><em>Species Clause:</em> Limit one of each Pokémon</small></div><div class=""><small><em>Item Clause:</em> Limit one of each item</small></div><div class=""><small><em>Dynamax Clause:</em> You cannot dynamax</small></div><div class="chat"><img src="https://www.smogon.com/forums/attachments/banner_2-png.302358/" height="65" width="381"></div><div class="spacer battle-history"><br></div><div class="battle-history"><small>Welcome to Megas for All!</small><br></div><div class="battle-history"><small>This is a National Dex-based format where we aim to give a new Mega Evolution to every Pokémon.</small><br></div><div class="battle-history"><small>Just like any official format, you can still only Mega Evolve one Pokémon per team!</small><br></div><div class="battle-history"><small>You can find our thread and metagame resources here:</small><br></div><div class="battle-history"><small>https://www.smogon.com/forums/threads/3671140/</small><br></div><div class="chat battle-history"><strong>H2OPulse's team:</strong> <em style="color:#445566;display:block;">Flygon / Lycanroc / Zapdos-Galar / Kommo-o / Arcanine / Sableye</em></div><div class="chat battle-history"><strong>SimpyShrimp's team:</strong> <em style="color:#445566;display:block;">Dragalge / Hawlucha / Raichu / Blastoise / Indeedee-F / Togekiss</em></div><div class="chat chatmessage-simpyshrimp"><strong style="color:#ae6819"><small>☆</small><span class="username" data-name="SimpyShrimp">SimpyShrimp</span>:</strong> <em>glhf</em></div><div class="chat chatmessage-h2opulse"><strong style="color:#6e8c2b"><small>☆</small><span class="username" data-name="H2OPulse">H2OPulse</span>:</strong> <em>Good luck and have fun!!!</em></div><div class="chat"><small> analysis geek,  BlueRayVGC, and  ASnomPlaysShowdown joined</small></div><div class="chat chatmessage-asnomplaysshowdown"><strong style="color:#1bb1b6"><small> </small><span class="username" data-name="ASnomPlaysShowdown">ASnomPlaysShowdown</span>:</strong> <em>gl hf!</em></div><div class="chat chatmessage-asnomplaysshowdown"><strong style="color:#1bb1b6"><small> </small><span class="username" data-name="ASnomPlaysShowdown">ASnomPlaysShowdown</span>:</strong> <em>i'm actually really scared of shrimp's team</em></div><div class="chat chatmessage-simpyshrimp"><strong style="color:#ae6819"><small>☆</small><span class="username" data-name="SimpyShrimp">SimpyShrimp</span>:</strong> <em>damn</em></div><div class="chat chatmessage-simpyshrimp"><strong style="color:#ae6819"><small>☆</small><span class="username" data-name="SimpyShrimp">SimpyShrimp</span>:</strong> <em>my brain is stressing out</em></div><div class="chat chatmessage-simpyshrimp"><strong style="color:#ae6819"><small>☆</small><span class="username" data-name="SimpyShrimp">SimpyShrimp</span>:</strong> <em>no worry indigo</em></div><div class="chat chatmessage-asnomplaysshowdown"><strong style="color:#1bb1b6"><small> </small><span class="username" data-name="ASnomPlaysShowdown">ASnomPlaysShowdown</span>:</strong> <em>I maaaay have indirectly influenced blastoise</em></div><div class="chat chatmessage-simpyshrimp"><strong style="color:#ae6819"><small>☆</small><span class="username" data-name="SimpyShrimp">SimpyShrimp</span>:</strong> <em>lol true</em></div><div class="chat"><small>+inkbug1 joined</small></div><div class="chat chatmessage-h2opulse"><strong style="color:#6e8c2b"><small>☆</small><span class="username" data-name="H2OPulse">H2OPulse</span>:</strong> <em>(I'm also really scared of his team haha)</em></div><div class="spacer battle-history"><br></div><div class="battle-history">Battle started between H2OPulse and SimpyShrimp!<br></div><div class="spacer battle-history"><br></div><div class="battle-history">Go! Miko (<strong>Lycanroc</strong>)!<br></div><div class="spacer battle-history"><br></div><div class="battle-history">Go! Lithops (<strong>Sableye</strong>)!<br></div><div class="spacer battle-history"><br></div><div class="battle-history">SimpyShrimp sent out さようならキス (<strong>Togekiss</strong>)!<br></div><div class="spacer battle-history"><br></div><div class="battle-history">SimpyShrimp sent out 油圧大砲 (<strong>Blastoise</strong>)!<br></div><div class="spacer battle-history"><br></div><h2 class="battle-history">Turn 1</h2><div class="chat chatmessage-simpyshrimp"><strong style="color:#ae6819"><small>☆</small><span class="username" data-name="SimpyShrimp">SimpyShrimp</span>:</strong> <em>don't worry :)</em></div><div class="chat chatmessage-h2opulse"><strong style="color:#6e8c2b"><small>☆</small><span class="username" data-name="H2OPulse">H2OPulse</span>:</strong> <em><i>you say that and then you lead with this</i></em></div><div class="chat chatmessage-h2opulse"><strong style="color:#6e8c2b"><small>☆</small><span class="username" data-name="H2OPulse">H2OPulse</span>:</strong> <em><i>I am very worried :'D</i></em></div><div class="chat chatmessage-asnomplaysshowdown"><strong style="color:#1bb1b6"><small> </small><span class="username" data-name="ASnomPlaysShowdown">ASnomPlaysShowdown</span>:</strong> <em>i wonder</em></div><div class="chat chatmessage-simpyshrimp"><strong style="color:#ae6819"><small>☆</small><span class="username" data-name="SimpyShrimp">SimpyShrimp</span>:</strong> <em>let's go hydro cannon and uhh cloud iirc</em></div><div class="chat chatmessage-asnomplaysshowdown"><strong style="color:#1bb1b6"><small> </small><span class="username" data-name="ASnomPlaysShowdown">ASnomPlaysShowdown</span>:</strong> <em>does dgales or terrain take priority</em></div><div class="spacer battle-history"><br></div><div class="battle-history"><small>Miko's Lycanite is reacting to the Key Stone!</small><br>Miko has Mega Evolved into Mega Lycanroc!<br></div><div class="chat"><ul class="utilichart"><li class="result"><span class="col pokemonnamecol" style="white-space: nowrap">Lycanroc-Mega</span> <span class="col typecol"><img src="https://play.pokemonshowdown.com/sprites/types/Rock.png" alt="Rock" height="14" width="32"><img src="https://play.pokemonshowdown.com/sprites/types/Normal.png" alt="Normal" height="14" width="32"></span> <span style="float: left ; min-height: 26px"><span class="col abilitycol">Down-to-Earth</span><span class="col abilitycol"></span></span><span style="float: left ; min-height: 26px"><span class="col statcol"><em>HP</em><br>75</span> <span class="col statcol"><em>Atk</em><br>130</span> <span class="col statcol"><em>Def</em><br>115</span> <span class="col statcol"><em>SpA</em><br>55</span> <span class="col statcol"><em>SpD</em><br>75</span> <span class="col statcol"><em>Spe</em><br>137</span> </span></li><li style="clear: both"></li></ul></div><div class="spacer battle-history"><br></div><div class="battle-history">Lithops used <strong>Fake Out</strong>!<br></div><div class="battle-history"><small>(The opposing さようならキス lost <abbr title="−3/48 pixels">4.2–6.3%</abbr> of its health!)</small><br></div><div class="spacer battle-history"><br></div><div class="battle-history">Miko used <strong>Rock Slide</strong>!<br></div><div class="battle-history"><small>It's super effective on the opposing さようならキス!</small><br></div><div class="battle-history"><small>(The opposing さようならキス lost <abbr title="−21/48 pixels">41.7–45.7%</abbr> of its health!)</small><br></div><div class="battle-history"><small>(The opposing 油圧大砲 lost <abbr title="−20/48 pixels">39.7–41.7%</abbr> of its health!)</small><br></div><div class="spacer battle-history"><br></div><div class="battle-history">The opposing 油圧大砲 flinched and couldn't move!<br></div><div class="spacer battle-history"><br></div><div class="battle-history">The opposing さようならキス flinched and couldn't move!<br></div><div class="spacer battle-history"><br></div><h2 class="battle-history">Turn 2</h2><div class="chat chatmessage-asnomplaysshowdown"><strong style="color:#1bb1b6"><small> </small><span class="username" data-name="ASnomPlaysShowdown">ASnomPlaysShowdown</span>:</strong> <em>when deciding the type of terrain pulse</em></div><div class="chat chatmessage-asnomplaysshowdown"><strong style="color:#1bb1b6"><small> </small><span class="username" data-name="ASnomPlaysShowdown">ASnomPlaysShowdown</span>:</strong> <em>rip</em></div><div class="chat chatmessage-inkbug1 mine"><strong style="color:#e46e0f"><small>+</small><span class="username" data-name="inkbug1">inkbug1</span>:</strong> <em>terrain does, iirc </em></div><div class="chat chatmessage-simpyshrimp"><strong style="color:#ae6819"><small>☆</small><span class="username" data-name="SimpyShrimp">SimpyShrimp</span>:</strong> <em>:)</em></div><div class="chat chatmessage-h2opulse"><strong style="color:#6e8c2b"><small>☆</small><span class="username" data-name="H2OPulse">H2OPulse</span>:</strong> <em>Oof I'm so sorry</em></div><div class="chat chatmessage-inkbug1 mine"><strong style="color:#e46e0f"><small>+</small><span class="username" data-name="inkbug1">inkbug1</span>:</strong> <em>like, weather ball and stuff arent affected by -ates</em></div><div class="chat chatmessage-analysisgeek"><strong style="color:#3e7fb9"><small> </small><span class="username" data-name="analysis geek">analysis geek</span>:</strong> <em>classic doubles rock slide</em></div><div class="chat chatmessage-simpyshrimp"><strong style="color:#ae6819"><small>☆</small><span class="username" data-name="SimpyShrimp">SimpyShrimp</span>:</strong> <em>totally fine after that</em></div><div class="chat chatmessage-simpyshrimp"><strong style="color:#ae6819"><small>☆</small><span class="username" data-name="SimpyShrimp">SimpyShrimp</span>:</strong> <em>i flinched a lot</em></div><div class="chat chatmessage-simpyshrimp"><strong style="color:#ae6819"><small>☆</small><span class="username" data-name="SimpyShrimp">SimpyShrimp</span>:</strong> <em>so yeah</em></div><div class="chat chatmessage-simpyshrimp"><strong style="color:#ae6819"><small>☆</small><span class="username" data-name="SimpyShrimp">SimpyShrimp</span>:</strong> <em>relatable</em></div><div class="chat chatmessage-inkbug1 mine"><strong style="color:#e46e0f"><small>+</small><span class="username" data-name="inkbug1">inkbug1</span>:</strong> <em>like pixilate sylveon can use weather ball and its not fairy type iirc </em></div><div class="spacer battle-history"><br></div><div class="battle-history">Lithops used <strong>Helping Hand</strong>!<br></div><div class="battle-history"><small>Lithops is ready to help Miko!</small><br></div><div class="spacer battle-history"><br></div><div class="battle-history">Miko used <strong>Rock Slide</strong>!<br></div><div class="battle-history"><small>It's super effective on the opposing さようならキス!</small><br></div><div class="battle-history"><small>(The opposing さようならキス lost <abbr title="−24/48 pixels">50.1–52.0%</abbr> of its health!)</small><br></div><div class="battle-history"><small>(The opposing 油圧大砲 lost <abbr title="−27/48 pixels">54.2–60.3%</abbr> of its health!)</small><br></div><div class="spacer battle-history"><br></div><div class="battle-history">The opposing さようならキス fainted!<br></div><div class="battle-history">The opposing 油圧大砲 used <strong>Shell Smash</strong>!<br></div><div class="battle-history"><small>The opposing 油圧大砲's Defense fell!</small><br></div><div class="battle-history"><small>The opposing 油圧大砲's Sp. Def fell!</small><br></div><div class="battle-history"><small>The opposing 油圧大砲's Attack rose sharply!</small><br></div><div class="battle-history"><small>The opposing 油圧大砲's Sp. Atk rose sharply!</small><br></div><div class="battle-history"><small>The opposing 油圧大砲's Speed rose sharply!</small><br></div><div class="battle-history"><small>The opposing 油圧大砲 returned its stats to normal using its White Herb!</small><br></div><div class="chat chatmessage-asnomplaysshowdown"><strong style="color:#1bb1b6"><small> </small><span class="username" data-name="ASnomPlaysShowdown">ASnomPlaysShowdown</span>:</strong> <em>alright</em></div><div class="chat chatmessage-asnomplaysshowdown"><strong style="color:#1bb1b6"><small> </small><span class="username" data-name="ASnomPlaysShowdown">ASnomPlaysShowdown</span>:</strong> <em>oooo</em></div><div class="chat chatmessage-asnomplaysshowdown"><strong style="color:#1bb1b6"><small> </small><span class="username" data-name="ASnomPlaysShowdown">ASnomPlaysShowdown</span>:</strong> <em>2 hp hang</em></div><div class="spacer battle-history"><br></div><div class="battle-history">SimpyShrimp sent out もちろん (<strong>Indeedee-F</strong>)!<br></div><div class="battle-history">[The opposing もちろん's Psychic Surge]<br><small>The battlefield got weird!</small><br></div><div class="battle-history">[Miko's Down-to-Earth]<br></div><div class="battle-history"><small>Miko suppresses the effects of the terrain!</small><br></div><div class="spacer battle-history"><br></div><h2 class="battle-history">Turn 3</h2><div class="chat chatmessage-asnomplaysshowdown"><strong style="color:#1bb1b6"><small> </small><span class="username" data-name="ASnomPlaysShowdown">ASnomPlaysShowdown</span>:</strong> <em>thing is</em></div><div class="chat chatmessage-simpyshrimp"><strong style="color:#ae6819"><small>☆</small><span class="username" data-name="SimpyShrimp">SimpyShrimp</span>:</strong> <em>this is a big mistake</em></div><div class="chat chatmessage-asnomplaysshowdown"><strong style="color:#1bb1b6"><small> </small><span class="username" data-name="ASnomPlaysShowdown">ASnomPlaysShowdown</span>:</strong> <em>without water spout bp</em></div><div class="chat chatmessage-asnomplaysshowdown"><strong style="color:#1bb1b6"><small> </small><span class="username" data-name="ASnomPlaysShowdown">ASnomPlaysShowdown</span>:</strong> <em>sableye walls</em></div><div class="spacer battle-history"><br></div><div class="battle-history">Miko used <strong>Extreme Speed</strong>!<br></div><div class="battle-history"><small>Miko suppresses the effects of the terrain!</small><br></div><div class="battle-history"><small>(The opposing もちろん lost <abbr title="−34/48 pixels">68.8–70.8%</abbr> of its health!)</small><br></div><div class="spacer battle-history"><br></div><div class="battle-history">Lithops used <strong>Encore</strong>!<br></div><div class="battle-history"><small>Miko suppresses the effects of the terrain!</small><br></div><div class="battle-history"><small>The opposing 油圧大砲 must do an encore!</small><br></div><div class="spacer battle-history"><br></div><div class="battle-history">The opposing 油圧大砲 used <strong>Shell Smash</strong>!<br></div><div class="battle-history"><small>The opposing 油圧大砲's Defense fell!</small><br></div><div class="battle-history"><small>The opposing 油圧大砲's Sp. Def fell!</small><br></div><div class="battle-history"><small>The opposing 油圧大砲's Attack rose sharply!</small><br></div><div class="battle-history"><small>The opposing 油圧大砲's Sp. Atk rose sharply!</small><br></div><div class="battle-history"><small>The opposing 油圧大砲's Speed rose sharply!</small><br></div><div class="spacer battle-history"><br></div><div class="battle-history">The opposing もちろん used <strong>Expanding Force</strong>!<br></div><div class="battle-history"><small>Miko suppresses the effects of the terrain!</small><br></div><div class="battle-history"><small>(Miko lost <abbr title="−16/48 pixels">31.3–33.3%</abbr> of its health!)</small><br></div><div class="spacer battle-history"><br></div><h2 class="battle-history">Turn 4</h2><div class="chat chatmessage-analysisgeek"><strong style="color:#3e7fb9"><small> </small><span class="username" data-name="analysis geek">analysis geek</span>:</strong> <em>ah</em></div><div class="chat chatmessage-simpyshrimp"><strong style="color:#ae6819"><small>☆</small><span class="username" data-name="SimpyShrimp">SimpyShrimp</span>:</strong> <em>gg</em></div><div class="chat chatmessage-asnomplaysshowdown"><strong style="color:#1bb1b6"><small> </small><span class="username" data-name="ASnomPlaysShowdown">ASnomPlaysShowdown</span>:</strong> <em>yeah damn scawy</em></div><div class="spacer battle-history"><br></div><div class="battle-history">Lithops used <strong>Helping Hand</strong>!<br></div><div class="battle-history"><small>Lithops is ready to help Miko!</small><br></div><div class="spacer battle-history"><br></div><div class="battle-history">The opposing 油圧大砲 used <strong>Shell Smash</strong>!<br></div><div class="battle-history"><small>The opposing 油圧大砲's Defense fell!</small><br></div><div class="battle-history"><small>The opposing 油圧大砲's Sp. Def fell!</small><br></div><div class="battle-history"><small>The opposing 油圧大砲's Attack rose sharply!</small><br></div><div class="battle-history"><small>The opposing 油圧大砲's Sp. Atk rose sharply!</small><br></div><div class="battle-history"><small>The opposing 油圧大砲's Speed rose sharply!</small><br></div><div class="spacer battle-history"><br></div><div class="battle-history">Miko used <strong>Rock Slide</strong>!<br></div><div class="battle-history"><small>(The opposing もちろん lost <abbr title="−14/48 pixels">29.2–31.2%</abbr> of its health!)</small><br></div><div class="battle-history"><small>(The opposing 油圧大砲 lost <abbr title="−1/48 pixels">0.1–4.1%</abbr> of its health!)</small><br></div><div class="spacer battle-history"><br></div><div class="battle-history">The opposing もちろん fainted!<br></div><div class="battle-history">The opposing 油圧大砲 fainted!<br></div><div class="chat chatmessage-asnomplaysshowdown"><strong style="color:#1bb1b6"><small> </small><span class="username" data-name="ASnomPlaysShowdown">ASnomPlaysShowdown</span>:</strong> <em><s>i should have ran quick guard zapdos</s></em></div><div class="spacer battle-history"><br></div><div class="battle-history">SimpyShrimp sent out レスリング (<strong>Hawlucha</strong>)!<br></div><div class="spacer battle-history"><br></div><h2 class="battle-history">Turn 5</h2><div class="chat chatmessage-bluerayvgc"><strong style="color:#0ea66a"><small> </small><span class="username" data-name="BlueRayVGC">BlueRayVGC</span>:</strong> <em>so clever, hema o.o</em></div><div class="chat chatmessage-h2opulse"><strong style="color:#6e8c2b"><small>☆</small><span class="username" data-name="H2OPulse">H2OPulse</span>:</strong> <em>Pf, thanks :'D</em></div><div class="chat chatmessage-simpyshrimp"><strong style="color:#ae6819"><small>☆</small><span class="username" data-name="SimpyShrimp">SimpyShrimp</span>:</strong> <em>gg</em></div><div class="chat chatmessage-simpyshrimp"><strong style="color:#ae6819"><small>☆</small><span class="username" data-name="SimpyShrimp">SimpyShrimp</span>:</strong> <em>clean sweep</em></div><div class="chat chatmessage-h2opulse"><strong style="color:#6e8c2b"><small>☆</small><span class="username" data-name="H2OPulse">H2OPulse</span>:</strong> <em>Good game!!!</em></div><div class="spacer battle-history"><br></div><div class="battle-history">Lithops used <strong>Helping Hand</strong>!<br></div><div class="battle-history"><small>Lithops is ready to help Miko!</small><br></div><div class="spacer battle-history"><br></div><div class="battle-history">Miko used <strong>Extreme Speed</strong>!<br></div><div class="battle-history"><small>(Psychic Terrain doesn't affect Pokémon immune to Ground.)</small><br></div><div class="battle-history"><small>(The opposing レスリング lost <abbr title="−45/48 pixels">91.7–93.8%</abbr> of its health!)</small><br></div><div class="spacer battle-history"><br></div><div class="battle-history">The opposing レスリング used <strong>Close Combat</strong>!<br></div><div class="battle-history"><small>It's super effective!</small><br></div><div class="battle-history"><small>(Miko lost <abbr title="−32/48 pixels">66.7–68.7%</abbr> of its health!)</small><br></div><div class="battle-history"><small>The opposing レスリング's Defense fell!</small><br></div><div class="battle-history"><small>The opposing レスリング's Sp. Def fell!</small><br></div><div class="spacer battle-history"><br></div><div class="battle-history">Miko fainted!<br></div><div class="battle-history"><small>Miko is no longer suppressing the effects of the terrain!</small><br></div><div class="chat chatmessage-asnomplaysshowdown"><strong style="color:#1bb1b6"><small> </small><span class="username" data-name="ASnomPlaysShowdown">ASnomPlaysShowdown</span>:</strong> <em>gg!</em></div><div class="spacer battle-history"><br></div><div class="battle-history">Go! Achilles (<strong>Zapdos-Galar</strong>)!<br></div><div class="spacer battle-history"><br></div><h2 class="battle-history">Turn 6</h2><div class="spacer battle-history"><br></div><div class="battle-history">Lithops used <strong>Encore</strong>!<br></div><div class="battle-history"><small>The opposing レスリング must do an encore!</small><br></div><div class="spacer battle-history"><br></div><div class="battle-history">The opposing レスリング used <strong>Close Combat</strong>!<br></div><div class="battle-history"><small>It doesn't affect Lithops...</small><br></div><div class="spacer battle-history"><br></div><div class="battle-history">Achilles used <strong>Brave Bird</strong>!<br></div><div class="battle-history"><small>It's super effective!</small><br></div><div class="battle-history"><small>(The opposing レスリング lost <abbr title="−3/48 pixels">6.3–8.3%</abbr> of its health!)</small><br></div><div class="battle-history"><small>Achilles was damaged by the recoil!</small><br></div><div class="spacer battle-history"><br></div><div class="battle-history">The opposing レスリング fainted!<br></div><div class="spacer battle-history"><br></div><div class="battle-history"><strong>H2OPulse</strong> won the battle!<br></div><div class="chat chatmessage-asnomplaysshowdown"><strong style="color:#1bb1b6"><small> </small><span class="username" data-name="ASnomPlaysShowdown">ASnomPlaysShowdown</span>:</strong> <em>gg</em></div><div class="chat chatmessage-asnomplaysshowdown"><strong style="color:#1bb1b6"><small> </small><span class="username" data-name="ASnomPlaysShowdown">ASnomPlaysShowdown</span>:</strong> <em>yeah hema you had no problem adjusting</em></div><div class="chat"><small> ASnomPlaysShowdown left</small></div><div class="chat chatmessage-simpyshrimp"><strong style="color:#ae6819"><small>☆</small><span class="username" data-name="SimpyShrimp">SimpyShrimp</span>:</strong> <em>ah</em></div><div class="chat chatmessage-inkbug1 mine"><strong style="color:#e46e0f"><small>+</small><span class="username" data-name="inkbug1">inkbug1</span>:</strong> <em>that was insane </em></div><div class="chat chatmessage-simpyshrimp"><strong style="color:#ae6819"><small>☆</small><span class="username" data-name="SimpyShrimp">SimpyShrimp</span>:</strong> <em>ggwp</em></div><div class="chat chatmessage-h2opulse"><strong style="color:#6e8c2b"><small>☆</small><span class="username" data-name="H2OPulse">H2OPulse</span>:</strong> <em>Thanks : D</em></div><div class="chat"><small> analysis geek left</small></div></div><div class="inner-preempt message-log"></div></div></div>
</div>
<script>
let daily = Math.floor(Date.now()/1000/60/60/24);document.write('<script src="https://dragonheaven.herokuapp.com/js/replay-embed.js?version'+daily+'"></'+'script>');
</script>
