<!DOCTYPE html>
<meta charset="utf-8" />
<!-- version 1 -->
<title>[Gen 8] Megas for All replay: H2OPulse vs. Coppersmith</title>
<style>
html,body {font-family:Verdana, sans-serif;font-size:10pt;margin:0;padding:0;}body{padding:12px 0;} .battle-log {font-family:Verdana, sans-serif;font-size:10pt;} .battle-log-inline {border:1px solid #AAAAAA;background:#EEF2F5;color:black;max-width:640px;margin:0 auto 80px;padding-bottom:5px;} .battle-log .inner {padding:4px 8px 0px 8px;} .battle-log .inner-preempt {padding:0 8px 4px 8px;} .battle-log .inner-after {margin-top:0.5em;} .battle-log h2 {margin:0.5em -8px;padding:4px 8px;border:1px solid #AAAAAA;background:#E0E7EA;border-left:0;border-right:0;font-family:Verdana, sans-serif;font-size:13pt;} .battle-log .chat {vertical-align:middle;padding:3px 0 3px 0;font-size:8pt;} .battle-log .chat strong {color:#40576A;} .battle-log .chat em {padding:1px 4px 1px 3px;color:#000000;font-style:normal;} .chat.mine {background:rgba(0,0,0,0.05);margin-left:-8px;margin-right:-8px;padding-left:8px;padding-right:8px;} .spoiler {color:#BBBBBB;background:#BBBBBB;padding:0px 3px;} .spoiler:hover, .spoiler:active, .spoiler-shown {color:#000000;background:#E2E2E2;padding:0px 3px;} .spoiler a {color:#BBBBBB;} .spoiler:hover a, .spoiler:active a, .spoiler-shown a {color:#2288CC;} .chat code, .chat .spoiler:hover code, .chat .spoiler:active code, .chat .spoiler-shown code {border:1px solid #C0C0C0;background:#EEEEEE;color:black;padding:0 2px;} .chat .spoiler code {border:1px solid #CCCCCC;background:#CCCCCC;color:#CCCCCC;} .battle-log .rated {padding:3px 4px;} .battle-log .rated strong {color:white;background:#89A;padding:1px 4px;border-radius:4px;} .spacer {margin-top:0.5em;} .message-announce {background:#6688AA;color:white;padding:1px 4px 2px;} .message-announce a, .broadcast-green a, .broadcast-blue a, .broadcast-red a {color:#DDEEFF;} .broadcast-green {background-color:#559955;color:white;padding:2px 4px;} .broadcast-blue {background-color:#6688AA;color:white;padding:2px 4px;} .infobox {border:1px solid #6688AA;padding:2px 4px;} .infobox-limited {max-height:200px;overflow:auto;overflow-x:hidden;} .broadcast-red {background-color:#AA5544;color:white;padding:2px 4px;} .message-learn-canlearn {font-weight:bold;color:#228822;text-decoration:underline;} .message-learn-cannotlearn {font-weight:bold;color:#CC2222;text-decoration:underline;} .message-effect-weak {font-weight:bold;color:#CC2222;} .message-effect-resist {font-weight:bold;color:#6688AA;} .message-effect-immune {font-weight:bold;color:#666666;} .message-learn-list {margin-top:0;margin-bottom:0;} .message-throttle-notice, .message-error {color:#992222;} .message-overflow, .chat small.message-overflow {font-size:0pt;} .message-overflow::before {font-size:9pt;content:'...';} .subtle {color:#3A4A66;}
</style>
<div class="wrapper replay-wrapper" style="max-width:1180px;margin:0 auto">
<input type="hidden" name="replayid" value="dragonheaven-gen8megasforall-1020" />
<div class="battle"></div><div class="battle-log"></div><div class="replay-controls"></div><div class="replay-controls-2"></div>
<h1 style="font-weight:normal;text-align:center"><strong>[Gen 8] Megas for All</strong><br /><a href="http://pokemonshowdown.com/users/h2opulse" class="subtle" target="_blank">H2OPulse</a> vs. <a href="http://pokemonshowdown.com/users/coppersmith" class="subtle" target="_blank">Coppersmith</a></h1>
<script type="text/plain" class="battle-log-data">|j|☆H2OPulse

|j|☆Coppersmith
|t:|1609565602
|player|p1|H2OPulse|aetherfoundation|
|player|p2|Coppersmith|veteran|
|teamsize|p1|6
|teamsize|p2|6
|gametype|singles
|gen|8
|tier|[Gen 8] Megas for All
|clearpoke
|poke|p1|Vileplume, F|
|poke|p1|Gliscor, M|
|poke|p1|Hydreigon, F|
|poke|p1|Delphox, M|
|poke|p1|Bisharp, F|
|poke|p1|Araquanid, M|
|poke|p2|Clefable, F|
|poke|p2|Garchomp, M|
|poke|p2|Blissey, F|
|poke|p2|Corviknight, M|
|poke|p2|Toxapex, F|
|poke|p2|Serperior, F|
|rule|HP Percentage Mod: HP is shown in percentages
|rule|Endless Battle Clause: Forcing endless battles is banned
|rule|OHKO Clause: OHKO moves are banned
|rule|Evasion Moves Clause: Evasion moves are banned
|rule|Species Clause: Limit one of each Pokémon
|rule|Dynamax Clause: You cannot dynamax
|rule|Sleep Clause Mod: Limit one foe put to sleep
|rule|Freeze Clause Mod: Limit one foe frozen
|teampreview
|c|☆H2OPulse|Oooo interesting
|inactive|Battle timer is ON: inactive players will automatically lose when time's up. (requested by Coppersmith)
|inactive|Time left: 300 sec this turn | 300 sec total | 60 sec grace
|c|☆Coppersmith|it's mega clefable
|c|☆H2OPulse|Oh heck
|c|☆H2OPulse|Webs and Serperior do not mix
|c|☆H2OPulse|Definitely should not use my usual strategy here
|inactive|Coppersmith has 270 seconds left.
|c|☆Coppersmith|the premise of the team is to spread as much status as i can
|
|t:|1609565658
|start
|switch|p1a: Spilly|Araquanid, M|294\/294
|switch|p2a: Clefable|Clefable, F|100\/100
|turn|1
|inactive|Time left: 300 sec this turn | 300 sec total
|c|☆H2OPulse|Oh that sounds fun : D
|
|t:|1609565667
|detailschange|p2a: Clefable|Clefable-Mega, F
|-mega|p2a: Clefable|Clefable|Clefabite
|-start|p2a: Clefable|typechange|Fairy\/Ghost|[silent]
|raw|<ul class="utilichart"><li class="result"><span class="col pokemonnamecol" style="white-space: nowrap">Clefable-Mega<\/span> <span class="col typecol"><img src="https:\/\/play.pokemonshowdown.com\/sprites\/types\/Fairy.png" alt="Fairy" height="14" width="32"><img src="https:\/\/play.pokemonshowdown.com\/sprites\/types\/Ghost.png" alt="Ghost" height="14" width="32"><\/span> <span style="float: left ; min-height: 26px"><span class="col abilitycol">Prankster<\/span><span class="col abilitycol"><\/span><\/span><span style="float: left ; min-height: 26px"><span class="col statcol"><em>HP<\/em><br>95<\/span> <span class="col statcol"><em>Atk<\/em><br>80<\/span> <span class="col statcol"><em>Def<\/em><br>83<\/span> <span class="col statcol"><em>SpA<\/em><br>125<\/span> <span class="col statcol"><em>SpD<\/em><br>90<\/span> <span class="col statcol"><em>Spe<\/em><br>110<\/span> <\/span><\/li><li style="clear: both"><\/li><\/ul>
|move|p2a: Clefable|Will-O-Wisp|p1a: Spilly
|-immune|p1a: Spilly|[from] ability: Water Bubble
|move|p1a: Spilly|Liquidation|p2a: Clefable
|-damage|p2a: Clefable|23\/100
|-unboost|p2a: Clefable|def|1
|
|upkeep
|turn|2
|inactive|Time left: 300 sec this turn | 300 sec total
|c|☆Coppersmith|that
|c|☆Coppersmith|was not intended
|c|☆H2OPulse|PF
|
|t:|1609565694
|switch|p2a: Corviknight|Corviknight, M|100\/100
|-ability|p2a: Corviknight|Pressure
|move|p1a: Spilly|Liquidation|p2a: Corviknight
|-damage|p2a: Corviknight|60\/100
|
|-heal|p2a: Corviknight|67\/100|[from] item: Leftovers
|upkeep
|turn|3
|inactive|Time left: 300 sec this turn | 300 sec total
|
|t:|1609565717
|move|p2a: Corviknight|U-turn|p1a: Spilly
|-damage|p1a: Spilly|239\/294
|inactive|Time left: 285 sec this turn | 285 sec total
|
|t:|1609565725
|switch|p2a: Toxapex|Toxapex, F|100\/100|[from]move: U-turn
|move|p1a: Spilly|Liquidation|p2a: Toxapex
|-resisted|p2a: Toxapex
|-damage|p2a: Toxapex|82\/100
|-damage|p1a: Spilly|190\/294|[from] item: Rocky Helmet|[of] p2a: Toxapex
|
|upkeep
|turn|4
|inactive|Time left: 295 sec this turn | 295 sec total
|
|t:|1609565739
|switch|p1a: Sansevieria|Hydreigon, F|388\/388
|move|p2a: Toxapex|Toxic Spikes|p1a: Sansevieria
|-sidestart|p1: H2OPulse|move: Toxic Spikes
|
|upkeep
|turn|5
|inactive|Time left: 295 sec this turn | 295 sec total
|
|t:|1609565750
|switch|p2a: Corviknight|Corviknight, M|67\/100
|-ability|p2a: Corviknight|Pressure
|detailschange|p1a: Sansevieria|Hydreigon-Mega, F
|-mega|p1a: Sansevieria|Hydreigon|Hydreigonite
|-start|p1a: Sansevieria|typechange|Dark\/Dragon|[silent]
|raw|<ul class="utilichart"><li class="result"><span class="col pokemonnamecol" style="white-space: nowrap">Hydreigon-Mega<\/span> <span class="col typecol"><img src="https:\/\/play.pokemonshowdown.com\/sprites\/types\/Dark.png" alt="Dark" height="14" width="32"><img src="https:\/\/play.pokemonshowdown.com\/sprites\/types\/Dragon.png" alt="Dragon" height="14" width="32"><\/span> <span style="float: left ; min-height: 26px"><span class="col abilitycol">Berserk<\/span><span class="col abilitycol"><\/span><\/span><span style="float: left ; min-height: 26px"><span class="col statcol"><em>HP<\/em><br>92<\/span> <span class="col statcol"><em>Atk<\/em><br>125<\/span> <span class="col statcol"><em>Def<\/em><br>110<\/span> <span class="col statcol"><em>SpA<\/em><br>165<\/span> <span class="col statcol"><em>SpD<\/em><br>90<\/span> <span class="col statcol"><em>Spe<\/em><br>118<\/span> <\/span><\/li><li style="clear: both"><\/li><\/ul>
|move|p1a: Sansevieria|Dark Pulse|p2a: Corviknight
|-damage|p2a: Corviknight|25\/100
|
|-heal|p2a: Corviknight|31\/100|[from] item: Leftovers
|upkeep
|turn|6
|inactive|Time left: 300 sec this turn | 300 sec total
|
|t:|1609565764
|move|p1a: Sansevieria|Dark Pulse|p2a: Corviknight
|-damage|p2a: Corviknight|0 fnt
|faint|p2a: Corviknight
|
|upkeep
|inactive|Time left: 300 sec this turn | 300 sec total
|inactive|Coppersmith has 270 seconds left.
|
|t:|1609565782
|switch|p2a: Blissey|Blissey, F|100\/100
|turn|7
|inactive|Time left: 300 sec this turn | 300 sec total
|inactive|H2OPulse has 270 seconds left.
|
|t:|1609565812
|move|p1a: Sansevieria|Dark Pulse|p2a: Blissey
|-damage|p2a: Blissey|86\/100
|move|p2a: Blissey|Thunder Wave|p1a: Sansevieria|[miss]
|-miss|p2a: Blissey|p1a: Sansevieria
|
|upkeep
|turn|8
|inactive|Time left: 280 sec this turn | 280 sec total
|c|☆H2OPulse|Oof sorry;;
|
|t:|1609565820
|switch|p1a: Phace|Gliscor, M|352\/352
|move|p2a: Blissey|Thunder Wave|p1a: Phace
|-immune|p1a: Phace
|
|-status|p1a: Phace|tox|[from] item: Toxic Orb
|upkeep
|turn|9
|inactive|Time left: 285 sec this turn | 285 sec total
|c|☆Coppersmith|oh dear
|
|t:|1609565832
|switch|p2a: Serperior|Serperior, F|100\/100
|move|p1a: Phace|Knock Off|p2a: Serperior
|-crit|p2a: Serperior
|-damage|p2a: Serperior|56\/100
|-enditem|p2a: Serperior|Leftovers|[from] move: Knock Off|[of] p1a: Phace
|
|upkeep
|turn|10
|inactive|Time left: 295 sec this turn | 295 sec total
|inactive|H2OPulse has 270 seconds left.
|
|t:|1609565866
|switch|p1a: Sansevieria|Hydreigon-Mega, F|388\/388
|-status|p1a: Sansevieria|psn
|-start|p1a: Sansevieria|typechange|Dark\/Dragon|[silent]
|move|p2a: Serperior|Substitute|p2a: Serperior
|-start|p2a: Serperior|Substitute
|-damage|p2a: Serperior|31\/100
|
|-damage|p1a: Sansevieria|340\/388 psn|[from] psn
|upkeep
|turn|11
|inactive|Time left: 275 sec this turn | 275 sec total
|inactive|H2OPulse has 270 seconds left.
|c|☆H2OPulse|Thaaat's not good
|
|t:|1609565878
|move|p1a: Sansevieria|Dark Pulse|p2a: Serperior
|-end|p2a: Serperior|Substitute
|move|p2a: Serperior|Leaf Storm|p1a: Sansevieria
|-resisted|p1a: Sansevieria
|-damage|p1a: Sansevieria|256\/388 psn
|-boost|p2a: Serperior|spa|2
|
|-damage|p1a: Sansevieria|208\/388 psn|[from] psn
|upkeep
|turn|12
|inactive|Time left: 280 sec this turn | 280 sec total
|c|☆Coppersmith|all for the chip damage
|inactive|Coppersmith has 270 seconds left.
|
|t:|1609565904
|switch|p2a: Blissey|Blissey, F|86\/100
|move|p1a: Sansevieria|Dark Pulse|p2a: Blissey
|-damage|p2a: Blissey|70\/100
|
|-damage|p1a: Sansevieria|160\/388 psn|[from] psn
|upkeep
|turn|13
|inactive|Time left: 285 sec this turn | 285 sec total
|
|t:|1609565914
|move|p1a: Sansevieria|Roost|p1a: Sansevieria
|-heal|p1a: Sansevieria|354\/388 psn
|-singleturn|p1a: Sansevieria|move: Roost
|move|p2a: Blissey|Teleport|p2a: Blissey
|inactive|Time left: 285 sec this turn | 285 sec total
|
|t:|1609565919
|switch|p2a: Clefable|Clefable-Mega, F|23\/100|[from]move: Teleport
|-start|p2a: Clefable|typechange|Fairy\/Ghost|[silent]
|
|-damage|p1a: Sansevieria|306\/388 psn|[from] psn
|upkeep
|turn|14
|inactive|Time left: 295 sec this turn | 295 sec total
|
|t:|1609565926
|move|p2a: Clefable|Soft-Boiled|p2a: Clefable
|-heal|p2a: Clefable|74\/100
|move|p1a: Sansevieria|Flash Cannon|p2a: Clefable
|-supereffective|p2a: Clefable
|-damage|p2a: Clefable|4\/100
|
|-damage|p1a: Sansevieria|258\/388 psn|[from] psn
|upkeep
|turn|15
|inactive|Time left: 300 sec this turn | 300 sec total
|c|☆H2OPulse|~~Briefly forgot about Prankster and was __terrified__ by the fact that you somehow outsped~~
|inactive|Coppersmith has 270 seconds left.
|c|☆Coppersmith|lol
|
|t:|1609565954
|switch|p2a: Toxapex|Toxapex, F|100\/100
|move|p1a: Sansevieria|Flash Cannon|p2a: Toxapex
|-resisted|p2a: Toxapex
|-damage|p2a: Toxapex|89\/100
|
|-damage|p1a: Sansevieria|210\/388 psn|[from] psn
|upkeep
|turn|16
|inactive|Time left: 300 sec this turn | 300 sec total
|
|t:|1609565982
|move|p1a: Sansevieria|Dark Pulse|p2a: Toxapex
|-damage|p2a: Toxapex|54\/100
|move|p2a: Toxapex|Knock Off|p1a: Sansevieria
|-resisted|p1a: Sansevieria
|-damage|p1a: Sansevieria|195\/388 psn
|
|-damage|p1a: Sansevieria|147\/388 psn|[from] psn
|upkeep
|turn|17
|inactive|Time left: 300 sec this turn | 300 sec total
|inactive|Coppersmith has 240 seconds left.
|c|☆H2OPulse|Pfff it did just little enough not to proc Berserk
|
|t:|1609565999
|switch|p2a: Blissey|Blissey, F|70\/100
|move|p1a: Sansevieria|Roost|p1a: Sansevieria
|-heal|p1a: Sansevieria|341\/388 psn
|-singleturn|p1a: Sansevieria|move: Roost
|
|-damage|p1a: Sansevieria|293\/388 psn|[from] psn
|upkeep
|turn|18
|inactive|Time left: 300 sec this turn | 300 sec total
|inactive|Coppersmith has 240 seconds left.
|
|t:|1609566014
|move|p1a: Sansevieria|Dark Pulse|p2a: Blissey
|-damage|p2a: Blissey|55\/100
|move|p2a: Blissey|Teleport|p2a: Blissey
|inactive|Time left: 300 sec this turn | 300 sec total
|
|t:|1609566021
|switch|p2a: Toxapex|Toxapex, F|88\/100|[from]move: Teleport
|
|-damage|p1a: Sansevieria|245\/388 psn|[from] psn
|upkeep
|turn|19
|inactive|Time left: 300 sec this turn | 300 sec total
|inactive|Coppersmith has 240 seconds left.
|
|t:|1609566036
|switch|p2a: Blissey|Blissey, F|55\/100
|move|p1a: Sansevieria|Dark Pulse|p2a: Blissey
|-damage|p2a: Blissey|40\/100
|
|-damage|p1a: Sansevieria|197\/388 psn|[from] psn
|upkeep
|turn|20
|inactive|Time left: 300 sec this turn | 300 sec total
|inactive|Coppersmith has 240 seconds left.
|
|t:|1609566043
|move|p1a: Sansevieria|Dark Pulse|p2a: Blissey
|-damage|p2a: Blissey|25\/100
|move|p2a: Blissey|Soft-Boiled|p2a: Blissey
|-heal|p2a: Blissey|75\/100
|
|-damage|p1a: Sansevieria|149\/388 psn|[from] psn
|upkeep
|turn|21
|inactive|Time left: 300 sec this turn | 300 sec total
|c|☆Coppersmith|just hoping it goes away
|inactive|Coppersmith has 240 seconds left.
|c|☆Coppersmith|at this point
|
|t:|1609566059
|move|p1a: Sansevieria|Roost|p1a: Sansevieria
|-heal|p1a: Sansevieria|343\/388 psn
|-singleturn|p1a: Sansevieria|move: Roost
|move|p2a: Blissey|Seismic Toss|p1a: Sansevieria
|-damage|p1a: Sansevieria|243\/388 psn
|
|-damage|p1a: Sansevieria|195\/388 psn|[from] psn
|upkeep
|turn|22
|inactive|Time left: 300 sec this turn | 300 sec total
|inactive|Coppersmith has 240 seconds left.
|c|☆H2OPulse|Hm
|c|☆H2OPulse|I think this is why normal people run Nasty Plot on their Hydreigon
|
|t:|1609566077
|move|p1a: Sansevieria|Dark Pulse|p2a: Blissey
|-damage|p2a: Blissey|58\/100
|move|p2a: Blissey|Teleport|p2a: Blissey
|inactive|Time left: 290 sec this turn | 290 sec total
|inactive|Coppersmith has 240 seconds left.
|
|t:|1609566082
|switch|p2a: Toxapex|Toxapex, F|100\/100|[from]move: Teleport
|
|-damage|p1a: Sansevieria|147\/388 psn|[from] psn
|upkeep
|turn|23
|inactive|Time left: 300 sec this turn | 300 sec total
|
|t:|1609566090
|switch|p2a: Blissey|Blissey, F|58\/100
|move|p1a: Sansevieria|Roost|p1a: Sansevieria
|-heal|p1a: Sansevieria|341\/388 psn
|-singleturn|p1a: Sansevieria|move: Roost
|
|-damage|p1a: Sansevieria|293\/388 psn|[from] psn
|upkeep
|turn|24
|inactive|Time left: 300 sec this turn | 300 sec total
|c|☆Coppersmith|likely
|
|t:|1609566111
|switch|p1a: Raffles|Vileplume, F|354\/354
|-sideend|p1: H2OPulse|move: Toxic Spikes|[of] p1a: Raffles
|move|p2a: Blissey|Soft-Boiled|p2a: Blissey
|-heal|p2a: Blissey|100\/100
|
|upkeep
|turn|25
|inactive|Time left: 290 sec this turn | 290 sec total
|
|t:|1609566126
|move|p1a: Raffles|Swords Dance|p1a: Raffles
|-boost|p1a: Raffles|atk|2
|move|p2a: Blissey|Teleport|p2a: Blissey
|inactive|Time left: 295 sec this turn | 295 sec total
|
|t:|1609566139
|switch|p2a: Garchomp|Garchomp, M|100\/100|[from]move: Teleport
|
|upkeep
|turn|26
|inactive|Time left: 300 sec this turn | 300 sec total
|
|t:|1609566145
|-zpower|p2a: Garchomp
|move|p2a: Garchomp|Devastating Drake|p1a: Raffles|[zeffect]
|-damage|p1a: Raffles|69\/354
|move|p1a: Raffles|Strength Sap|p2a: Garchomp
|-unboost|p2a: Garchomp|atk|1
|-heal|p1a: Raffles|354\/354
|
|upkeep
|turn|27
|inactive|Time left: 300 sec this turn | 300 sec total
|c|☆Coppersmith|hmmm
|c|☆H2OPulse|That went well
|inactive|Coppersmith has 240 seconds left.
|
|t:|1609566177
|switch|p2a: Toxapex|Toxapex, F|100\/100
|move|p1a: Raffles|Swords Dance|p1a: Raffles
|-boost|p1a: Raffles|atk|2
|
|upkeep
|turn|28
|inactive|Time left: 290 sec this turn | 290 sec total
|c|☆Coppersmith|a smashing success
|
|t:|1609566188
|move|p1a: Raffles|Seed Bomb|p2a: Toxapex
|-damage|p2a: Toxapex|61\/100
|move|p2a: Toxapex|Scald|p1a: Raffles
|-resisted|p1a: Raffles
|-damage|p1a: Raffles|325\/354
|
|upkeep
|turn|29
|inactive|Time left: 300 sec this turn | 300 sec total
|
|t:|1609566196
|move|p1a: Raffles|Seed Bomb|p2a: Toxapex
|-damage|p2a: Toxapex|23\/100
|move|p2a: Toxapex|Scald|p1a: Raffles
|-resisted|p1a: Raffles
|-damage|p1a: Raffles|298\/354
|-status|p1a: Raffles|brn
|
|-damage|p1a: Raffles|276\/354 brn|[from] brn
|upkeep
|turn|30
|inactive|Time left: 300 sec this turn | 300 sec total
|c|☆H2OPulse|That went less well okay
|inactive|Coppersmith has 240 seconds left.
|
|t:|1609566207
|switch|p2a: Clefable|Clefable-Mega, F|4\/100
|-start|p2a: Clefable|typechange|Fairy\/Ghost|[silent]
|move|p1a: Raffles|Aromatherapy|p1a: Raffles
|-activate|p1a: Raffles|move: Aromatherapy
|-curestatus|p1a: Raffles|brn|[msg]
|-curestatus|p1: Phace|tox|[msg]
|-curestatus|p1: Sansevieria|psn|[msg]
|
|upkeep
|turn|31
|inactive|Time left: 300 sec this turn | 300 sec total
|inactive|Coppersmith has 240 seconds left.
|c|☆Coppersmith|no i insist
|
|t:|1609566222
|move|p2a: Clefable|Will-O-Wisp|p1a: Raffles
|-status|p1a: Raffles|brn
|move|p1a: Raffles|Swords Dance|p1a: Raffles
|-boost|p1a: Raffles|atk|2
|
|-damage|p1a: Raffles|254\/354 brn|[from] brn
|upkeep
|turn|32
|inactive|Time left: 300 sec this turn | 300 sec total
|inactive|Coppersmith has 240 seconds left.
|
|t:|1609566251
|move|p2a: Clefable|Hex|p1a: Raffles
|-damage|p1a: Raffles|2\/354 brn
|move|p1a: Raffles|Seed Bomb|p2a: Clefable
|-crit|p2a: Clefable
|-damage|p2a: Clefable|0 fnt
|faint|p2a: Clefable
|
|-damage|p1a: Raffles|0 fnt|[from] brn
|faint|p1a: Raffles
|upkeep
|inactive|Time left: 285 sec this turn | 285 sec total
|c|☆H2OPulse|Yeah fair okay
|inactive|Coppersmith has 240 seconds left.
|inactive|H2OPulse has 270 seconds left.
|
|t:|1609566266
|switch|p2a: Serperior|Serperior, F|31\/100
|switch|p1a: Sansevieria|Hydreigon-Mega, F|293\/388
|-start|p1a: Sansevieria|typechange|Dark\/Dragon|[silent]
|turn|33
|inactive|Time left: 280 sec this turn | 280 sec total
|c|☆Coppersmith|probably gg at this point
|
|t:|1609566273
|switch|p2a: Blissey|Blissey, F|100\/100
|move|p1a: Sansevieria|Dark Pulse|p2a: Blissey
|-damage|p2a: Blissey|84\/100
|
|upkeep
|turn|34
|inactive|Time left: 290 sec this turn | 290 sec total
|c|☆H2OPulse|Maybe haha
|c|☆H2OPulse|Good game!!!
|
|t:|1609566290
|move|p1a: Sansevieria|Dark Pulse|p2a: Blissey
|-damage|p2a: Blissey|69\/100
|move|p2a: Blissey|Teleport|p2a: Blissey
|inactive|Time left: 280 sec this turn | 280 sec total
|
|t:|1609566297
|switch|p2a: Toxapex|Toxapex, F|56\/100|[from]move: Teleport
|
|upkeep
|turn|35
|inactive|Time left: 290 sec this turn | 290 sec total
|
|t:|1609566303
|switch|p2a: Blissey|Blissey, F|69\/100
|move|p1a: Sansevieria|Draco Meteor|p2a: Blissey|[miss]
|-miss|p1a: Sansevieria|p2a: Blissey
|
|upkeep
|turn|36
|inactive|Time left: 295 sec this turn | 295 sec total
|c|☆H2OPulse|I don't know why I expected that to work but also I'm glad that that missed
|c|☆Coppersmith|probably wouldn't have done too mcuh but sorry
|inactive|H2OPulse has 270 seconds left.
|c|☆H2OPulse|100% meant for Toxapex and not Blissey haha that would have been a bad move to make anyway :'D
|
|t:|1609566334
|move|p1a: Sansevieria|Dark Pulse|p2a: Blissey
|-damage|p2a: Blissey|54\/100
|cant|p2a: Blissey|flinch
|
|upkeep
|turn|37
|inactive|Time left: 275 sec this turn | 275 sec total
|inactive|H2OPulse has 270 seconds left.
|
|t:|1609566340
|move|p1a: Sansevieria|Flash Cannon|p2a: Blissey
|-damage|p2a: Blissey|43\/100
|move|p2a: Blissey|Thunder Wave|p1a: Sansevieria
|-status|p1a: Sansevieria|par
|
|upkeep
|turn|38
|inactive|Time left: 280 sec this turn | 280 sec total
|inactive|H2OPulse has 270 seconds left.
|
|t:|1609566351
|cant|p1a: Sansevieria|par
|move|p2a: Blissey|Soft-Boiled|p2a: Blissey
|-heal|p2a: Blissey|93\/100
|
|upkeep
|turn|39
|inactive|Time left: 280 sec this turn | 280 sec total
|c|☆Coppersmith|at last
|
|t:|1609566358
|switch|p1a: Sword Lily|Bisharp, F|334\/334
|move|p2a: Blissey|Teleport|p2a: Blissey
|inactive|Time left: 285 sec this turn | 285 sec total
|
|t:|1609566363
|switch|p2a: Garchomp|Garchomp, M|100\/100|[from]move: Teleport
|
|upkeep
|turn|40
|inactive|Time left: 295 sec this turn | 295 sec total
|inactive|Coppersmith has 270 seconds left.
|
|t:|1609566370
|move|p2a: Garchomp|Swords Dance|p2a: Garchomp
|-boost|p2a: Garchomp|atk|2
|move|p1a: Sword Lily|Knock Off|p2a: Garchomp
|-damage|p2a: Garchomp|53\/100
|-damage|p1a: Sword Lily|293\/334|[from] ability: Rough Skin|[of] p2a: Garchomp
|
|upkeep
|turn|41
|inactive|Time left: 300 sec this turn | 300 sec total
|c|☆H2OPulse|Oh I forgot you used a Z-Crystal
|
|t:|1609566386
|move|p1a: Sword Lily|Sucker Punch|p2a: Garchomp
|-damage|p2a: Garchomp|6\/100
|-damage|p1a: Sword Lily|252\/334|[from] ability: Rough Skin|[of] p2a: Garchomp
|move|p2a: Garchomp|Earthquake|p1a: Sword Lily
|-supereffective|p1a: Sword Lily
|-damage|p1a: Sword Lily|0 fnt
|faint|p1a: Sword Lily
|
|upkeep
|inactive|Time left: 290 sec this turn | 290 sec total
|
|t:|1609566390
|switch|p1a: Phace|Gliscor, M|352\/352
|turn|42
|inactive|Time left: 300 sec this turn | 300 sec total
|c|☆Coppersmith|Sorry
|c|☆H2OPulse|I may lose now :'D
|
|t:|1609566407
|move|p2a: Garchomp|Outrage|p1a: Phace
|-damage|p1a: Phace|28\/352
|move|p1a: Phace|Knock Off|p2a: Garchomp
|-damage|p2a: Garchomp|0 fnt
|-damage|p1a: Phace|0 fnt|[from] ability: Rough Skin|[of] p2a: Garchomp
|faint|p2a: Garchomp
|faint|p1a: Phace
|
|upkeep
|inactive|Time left: 295 sec this turn | 295 sec total
|c|☆H2OPulse|nARROWLY okay wow
|inactive|Coppersmith has 270 seconds left.
|
|t:|1609566433
|switch|p2a: Toxapex|Toxapex, F|90\/100
|switch|p1a: Spilly|Araquanid, M|190\/294
|turn|43
|inactive|Time left: 295 sec this turn | 295 sec total
|
|t:|1609566443
|switch|p1a: Sansevieria|Hydreigon-Mega, F|293\/388 par
|-start|p1a: Sansevieria|typechange|Dark\/Dragon|[silent]
|move|p2a: Toxapex|Knock Off|p1a: Sansevieria
|-resisted|p1a: Sansevieria
|-damage|p1a: Sansevieria|275\/388 par
|
|upkeep
|turn|44
|inactive|Time left: 300 sec this turn | 300 sec total
|
|t:|1609566450
|switch|p2a: Blissey|Blissey, F|93\/100
|move|p1a: Sansevieria|Flash Cannon|p2a: Blissey
|-crit|p2a: Blissey
|-damage|p2a: Blissey|79\/100
|
|upkeep
|turn|45
|inactive|Time left: 300 sec this turn | 300 sec total
|
|t:|1609566467
|move|p1a: Sansevieria|Flash Cannon|p2a: Blissey
|-damage|p2a: Blissey|69\/100
|move|p2a: Blissey|Seismic Toss|p1a: Sansevieria
|-damage|p1a: Sansevieria|175\/388 par
|-ability|p1a: Sansevieria|Berserk|boost
|-boost|p1a: Sansevieria|spa|1
|
|upkeep
|turn|46
|inactive|Time left: 300 sec this turn | 300 sec total
|c|☆Coppersmith|i think this actually may be gg
|
|t:|1609566478
|move|p1a: Sansevieria|Roost|p1a: Sansevieria
|-heal|p1a: Sansevieria|369\/388 par
|-singleturn|p1a: Sansevieria|move: Roost
|move|p2a: Blissey|Seismic Toss|p1a: Sansevieria
|-damage|p1a: Sansevieria|269\/388 par
|
|upkeep
|turn|47
|inactive|Time left: 300 sec this turn | 300 sec total
|c|☆H2OPulse|I don't actually know that I can break this defensive core with the rest of my team though XP
|
|t:|1609566489
|move|p1a: Sansevieria|Flash Cannon|p2a: Blissey
|-damage|p2a: Blissey|53\/100
|move|p2a: Blissey|Soft-Boiled|p2a: Blissey
|-heal|p2a: Blissey|100\/100
|
|upkeep
|turn|48
|inactive|Time left: 300 sec this turn | 300 sec total
|
|t:|1609566502
|move|p1a: Sansevieria|Flash Cannon|p2a: Blissey
|-damage|p2a: Blissey|84\/100
|move|p2a: Blissey|Teleport|p2a: Blissey
|inactive|Time left: 300 sec this turn | 300 sec total
|
|t:|1609566509
|switch|p2a: Serperior|Serperior, F|31\/100|[from]move: Teleport
|
|upkeep
|turn|49
|inactive|Time left: 300 sec this turn | 300 sec total
|
|t:|1609566515
|switch|p2a: Blissey|Blissey, F|84\/100
|move|p1a: Sansevieria|Dark Pulse|p2a: Blissey
|-damage|p2a: Blissey|62\/100
|
|upkeep
|turn|50
|inactive|Time left: 300 sec this turn | 300 sec total
|
|t:|1609566524
|cant|p1a: Sansevieria|par
|move|p2a: Blissey|Soft-Boiled|p2a: Blissey
|-heal|p2a: Blissey|100\/100
|
|upkeep
|turn|51
|inactive|Time left: 300 sec this turn | 300 sec total
|c|☆Coppersmith|i can't touch you for fear of passive boosting
|
|t:|1609566541
|move|p1a: Sansevieria|Flash Cannon|p2a: Blissey
|-damage|p2a: Blissey|85\/100
|move|p2a: Blissey|Teleport|p2a: Blissey
|inactive|Time left: 300 sec this turn | 300 sec total
|c|☆H2OPulse|Ohhh fair
|
|t:|1609566549
|switch|p2a: Toxapex|Toxapex, F|100\/100|[from]move: Teleport
|
|upkeep
|turn|52
|inactive|Time left: 300 sec this turn | 300 sec total
|c|☆Coppersmith|yep pp stall...
|
|t:|1609566562
|switch|p2a: Blissey|Blissey, F|85\/100
|move|p1a: Sansevieria|Flash Cannon|p2a: Blissey
|-damage|p2a: Blissey|68\/100
|
|upkeep
|turn|53
|inactive|Time left: 300 sec this turn | 300 sec total
|
|t:|1609566571
|move|p1a: Sansevieria|Flash Cannon|p2a: Blissey
|-damage|p2a: Blissey|54\/100
|move|p2a: Blissey|Soft-Boiled|p2a: Blissey
|-heal|p2a: Blissey|100\/100
|
|upkeep
|turn|54
|inactive|Time left: 300 sec this turn | 300 sec total
|
|t:|1609566577
|move|p1a: Sansevieria|Flash Cannon|p2a: Blissey
|-damage|p2a: Blissey|86\/100
|move|p2a: Blissey|Teleport|p2a: Blissey
|inactive|Time left: 300 sec this turn | 300 sec total
|
|t:|1609566581
|switch|p2a: Toxapex|Toxapex, F|100\/100|[from]move: Teleport
|
|upkeep
|turn|55
|inactive|Time left: 300 sec this turn | 300 sec total
|
|t:|1609566595
|switch|p2a: Blissey|Blissey, F|86\/100
|cant|p1a: Sansevieria|par
|
|upkeep
|turn|56
|inactive|Time left: 300 sec this turn | 300 sec total
|
|t:|1609566606
|move|p1a: Sansevieria|Flash Cannon|p2a: Blissey
|-damage|p2a: Blissey|71\/100
|move|p2a: Blissey|Teleport|p2a: Blissey
|inactive|Time left: 300 sec this turn | 300 sec total
|c|☆Coppersmith|it's scaring me
|
|t:|1609566614
|switch|p2a: Toxapex|Toxapex, F|100\/100|[from]move: Teleport
|
|upkeep
|turn|57
|inactive|Time left: 300 sec this turn | 300 sec total
|c|☆H2OPulse|Maybe this paralysis will come in clutch actually
|c|☆H2OPulse|Could save on some PP! XP
|c|☆Coppersmith|lol
|
|t:|1609566634
|switch|p2a: Blissey|Blissey, F|71\/100
|cant|p1a: Sansevieria|par
|
|upkeep
|turn|58
|inactive|Time left: 295 sec this turn | 295 sec total
|
|t:|1609566639
|move|p1a: Sansevieria|Flash Cannon|p2a: Blissey
|-crit|p2a: Blissey
|-damage|p2a: Blissey|47\/100
|move|p2a: Blissey|Soft-Boiled|p2a: Blissey
|-heal|p2a: Blissey|97\/100
|
|upkeep
|turn|59
|inactive|Time left: 300 sec this turn | 300 sec total
|c|☆Coppersmith|Y E P
|
|t:|1609566648
|switch|p2a: Toxapex|Toxapex, F|100\/100
|move|p1a: Sansevieria|Flash Cannon|p2a: Toxapex
|-resisted|p2a: Toxapex
|-damage|p2a: Toxapex|83\/100
|
|upkeep
|turn|60
|inactive|Time left: 300 sec this turn | 300 sec total
|
|t:|1609566656
|switch|p2a: Blissey|Blissey, F|97\/100
|move|p1a: Sansevieria|Flash Cannon|p2a: Blissey
|-damage|p2a: Blissey|81\/100
|
|upkeep
|turn|61
|inactive|Time left: 300 sec this turn | 300 sec total
|
|t:|1609566664
|move|p1a: Sansevieria|Flash Cannon|p2a: Blissey
|-damage|p2a: Blissey|65\/100
|move|p2a: Blissey|Soft-Boiled|p2a: Blissey
|-heal|p2a: Blissey|100\/100
|
|upkeep
|turn|62
|inactive|Time left: 300 sec this turn | 300 sec total
|c|☆Coppersmith|honestly that makes me a lot less scared
|c|☆Coppersmith|no more spd drop chance
|c|☆H2OPulse|Yeah :'D
|c|☆H2OPulse|I think I do like
|inactive|H2OPulse has 270 seconds left.
|c|☆H2OPulse|definitely lose here haha
|
|t:|1609566710
|switch|p1a: Spilly|Araquanid, M|190\/294
|move|p2a: Blissey|Thunder Wave|p1a: Spilly
|-status|p1a: Spilly|par
|
|upkeep
|turn|63
|inactive|Time left: 265 sec this turn | 265 sec total
|c|☆Coppersmith|yeah i think you have to spam dark pulse
|
|t:|1609566718
|switch|p2a: Toxapex|Toxapex, F|100\/100
|cant|p1a: Spilly|par
|
|upkeep
|turn|64
|inactive|Time left: 275 sec this turn | 275 sec total
|inactive|H2OPulse has 270 seconds left.
|c|☆Coppersmith|pleasant surprise
|
|t:|1609566728
|switch|p1a: Glove|Delphox, M|354\/354
|move|p2a: Toxapex|Knock Off|p1a: Glove
|-supereffective|p1a: Glove
|-damage|p1a: Glove|218\/354
|-enditem|p1a: Glove|Eject Pack|[from] move: Knock Off|[of] p2a: Toxapex
|
|upkeep
|turn|65
|inactive|Time left: 280 sec this turn | 280 sec total
|
|t:|1609566736
|move|p1a: Glove|Psychic|p2a: Toxapex
|-supereffective|p2a: Toxapex
|-damage|p2a: Toxapex|41\/100
|-item|p1a: Glove|Rocky Helmet|[from] ability: Magician|[of] p2a: Toxapex
|move|p2a: Toxapex|Scald|p1a: Glove
|-supereffective|p1a: Glove
|-damage|p1a: Glove|116\/354
|
|upkeep
|turn|66
|inactive|Time left: 290 sec this turn | 290 sec total
|c|☆Coppersmith|robbery
|c|☆Coppersmith|armed robbery
|
|t:|1609566752
|switch|p2a: Blissey|Blissey, F|100\/100
|move|p1a: Glove|Wish|p1a: Glove
|
|upkeep
|turn|67
|inactive|Time left: 290 sec this turn | 290 sec total
|c|☆H2OPulse|Pfff
|
|t:|1609566762
|switch|p1a: Spilly|Araquanid, M|190\/294 par
|move|p2a: Blissey|Thunder Wave|p1a: Spilly
|-fail|p1a: Spilly|par
|
|-heal|p1a: Spilly|294\/294 par|[from] move: Wish|[wisher] Glove
|upkeep
|turn|68
|inactive|Time left: 295 sec this turn | 295 sec total
|
|t:|1609566772
|switch|p2a: Toxapex|Toxapex, F|75\/100
|move|p1a: Spilly|Liquidation|p2a: Toxapex
|-resisted|p2a: Toxapex
|-damage|p2a: Toxapex|53\/100
|
|upkeep
|turn|69
|inactive|Time left: 300 sec this turn | 300 sec total
|
|t:|1609566782
|move|p2a: Toxapex|Recover|p2a: Toxapex
|-heal|p2a: Toxapex|100\/100
|cant|p1a: Spilly|par
|
|upkeep
|turn|70
|inactive|Time left: 300 sec this turn | 300 sec total
|
|t:|1609566790
|move|p2a: Toxapex|Toxic Spikes|p1a: Spilly
|-sidestart|p1: H2OPulse|move: Toxic Spikes
|cant|p1a: Spilly|par
|
|upkeep
|turn|71
|inactive|Time left: 300 sec this turn | 300 sec total
|
|t:|1609566804
|switch|p1a: Glove|Delphox, M|116\/354
|-status|p1a: Glove|psn
|move|p2a: Toxapex|Knock Off|p1a: Glove
|-supereffective|p1a: Glove
|-damage|p1a: Glove|0 fnt
|-damage|p2a: Toxapex|84\/100|[from] item: Rocky Helmet|[of] p1a: Glove
|-enditem|p1a: Glove|Rocky Helmet|[from] move: Knock Off|[of] p2a: Toxapex
|faint|p1a: Glove
|
|upkeep
|inactive|Time left: 295 sec this turn | 295 sec total
|c|☆Coppersmith|success
|
|t:|1609566814
|switch|p1a: Spilly|Araquanid, M|294\/294 par
|turn|72
|inactive|Time left: 300 sec this turn | 300 sec total
|c|☆Coppersmith|pp stall round two
|c|☆H2OPulse|Ppffff
|c|☆Coppersmith|rocky helmet would be nice to have
|inactive|Coppersmith has 270 seconds left.
|c|☆Coppersmith|how dare you steal it
|
|t:|1609566849
|move|p2a: Toxapex|Knock Off|p1a: Spilly
|-damage|p1a: Spilly|235\/294 par
|-enditem|p1a: Spilly|Heavy-Duty Boots|[from] move: Knock Off|[of] p2a: Toxapex
|move|p1a: Spilly|Liquidation|p2a: Toxapex
|-resisted|p2a: Toxapex
|-damage|p2a: Toxapex|64\/100
|
|upkeep
|turn|73
|inactive|Time left: 300 sec this turn | 300 sec total
|inactive|Coppersmith has 270 seconds left.
|c|☆H2OPulse|~~that was actually the entire reason I did that believe it or not~~
|c|☆Coppersmith|~~galaxy brain~~
|c|☆H2OPulse|~~it was not at all safe to use Spilly as long as Toxapex had that~~
|c|☆H2OPulse|~~I was relieved that you stayed in to take the Psychic~~
|
|t:|1609566879
|move|p2a: Toxapex|Recover|p2a: Toxapex
|-heal|p2a: Toxapex|100\/100
|move|p1a: Spilly|Liquidation|p2a: Toxapex
|-resisted|p2a: Toxapex
|-damage|p2a: Toxapex|82\/100
|-unboost|p2a: Toxapex|def|1
|
|upkeep
|turn|74
|inactive|Time left: 285 sec this turn | 285 sec total
|inactive|Coppersmith has 270 seconds left.
|
|t:|1609566891
|move|p2a: Toxapex|Scald|p1a: Spilly
|-resisted|p1a: Spilly
|-damage|p1a: Spilly|216\/294 par
|move|p1a: Spilly|Liquidation|p2a: Toxapex
|-resisted|p2a: Toxapex
|-damage|p2a: Toxapex|55\/100
|
|upkeep
|turn|75
|inactive|Time left: 295 sec this turn | 295 sec total
|
|t:|1609566901
|move|p2a: Toxapex|Recover|p2a: Toxapex
|-heal|p2a: Toxapex|100\/100
|cant|p1a: Spilly|par
|
|upkeep
|turn|76
|inactive|Time left: 295 sec this turn | 295 sec total
|c|☆Coppersmith|i immensely dislike this situation regardless
|
|t:|1609566914
|move|p2a: Toxapex|Knock Off|p1a: Spilly
|-damage|p1a: Spilly|177\/294 par
|cant|p1a: Spilly|par
|
|upkeep
|turn|77
|inactive|Time left: 300 sec this turn | 300 sec total
|error|[Invalid choice] Sorry, too late to cancel; the next turn has already started
|
|t:|1609566920
|move|p2a: Toxapex|Knock Off|p1a: Spilly
|-damage|p1a: Spilly|138\/294 par
|move|p1a: Spilly|Leech Life|p2a: Toxapex
|-resisted|p2a: Toxapex
|-damage|p2a: Toxapex|87\/100
|-heal|p1a: Spilly|159\/294 par|[from] drain|[of] p2a: Toxapex
|
|upkeep
|turn|78
|inactive|Time left: 300 sec this turn | 300 sec total
|
|t:|1609566929
|move|p2a: Toxapex|Knock Off|p1a: Spilly
|-damage|p1a: Spilly|123\/294 par
|move|p1a: Spilly|Leech Life|p2a: Toxapex
|-resisted|p2a: Toxapex
|-damage|p2a: Toxapex|74\/100
|-heal|p1a: Spilly|143\/294 par|[from] drain|[of] p2a: Toxapex
|
|upkeep
|turn|79
|inactive|Time left: 300 sec this turn | 300 sec total
|c|☆Coppersmith|i barely outdamage your healing... oy vey
|
|t:|1609566944
|move|p2a: Toxapex|Knock Off|p1a: Spilly
|-damage|p1a: Spilly|102\/294 par
|move|p1a: Spilly|Leech Life|p2a: Toxapex
|-resisted|p2a: Toxapex
|-damage|p2a: Toxapex|61\/100
|-heal|p1a: Spilly|121\/294 par|[from] drain|[of] p2a: Toxapex
|
|upkeep
|turn|80
|inactive|Time left: 300 sec this turn | 300 sec total
|
|t:|1609566952
|switch|p1a: Sansevieria|Hydreigon-Mega, F|269\/388 par
|-start|p1a: Sansevieria|typechange|Dark\/Dragon|[silent]
|move|p2a: Toxapex|Knock Off|p1a: Sansevieria
|-resisted|p1a: Sansevieria
|-damage|p1a: Sansevieria|253\/388 par
|
|upkeep
|turn|81
|inactive|Time left: 300 sec this turn | 300 sec total
|
|t:|1609566964
|switch|p2a: Blissey|Blissey, F|100\/100
|move|p1a: Sansevieria|Draco Meteor|p2a: Blissey
|-damage|p2a: Blissey|77\/100
|-unboost|p1a: Sansevieria|spa|2
|
|upkeep
|turn|82
|inactive|Time left: 300 sec this turn | 300 sec total
|c|☆Coppersmith|hi dreigon
|
|t:|1609566974
|switch|p1a: Spilly|Araquanid, M|121\/294 par
|move|p2a: Blissey|Seismic Toss|p1a: Spilly
|-damage|p1a: Spilly|21\/294 par
|
|upkeep
|turn|83
|inactive|Time left: 300 sec this turn | 300 sec total
|
|t:|1609566981
|move|p2a: Blissey|Seismic Toss|p1a: Spilly
|-damage|p1a: Spilly|0 fnt
|faint|p1a: Spilly
|
|upkeep
|inactive|Time left: 300 sec this turn | 300 sec total
|c|☆H2OPulse|Oofff that wasn't smart of me
|c|☆H2OPulse|Good game!!!
|
|t:|1609566987
|switch|p1a: Sansevieria|Hydreigon-Mega, F|253\/388 par
|-start|p1a: Sansevieria|typechange|Dark\/Dragon|[silent]
|turn|84
|inactive|Time left: 300 sec this turn | 300 sec total
|c|☆H2OPulse|~~do you want me to use the last 8 Dark Pulses first or should I forfeit~~
|c|☆Coppersmith|good game! too bad we didn't get to see more of clef
|c|☆Coppersmith|up to you
|inactive|Coppersmith has 270 seconds left.
|c|☆H2OPulse|Yeah haha
|c|☆H2OPulse|Clefable is one I've found hard to use myself! It actually used to be the Mega on this very team
|c|☆H2OPulse|I'll forfeit! You've obviously earned it XP
|-message|H2OPulse forfeited.
|
|win|Coppersmith
|inactive|Time left: 300 sec this turn | 300 sec total
|c|☆Coppersmith|good game! I gotta go
|c|☆Coppersmith|thanks so much for playing me
|c|☆H2OPulse|Ah, nice, okay! This was fun though!! Thanks for battling me too : D
|c|☆Coppersmith|~~slowking is still a terror~~
|c|☆H2OPulse|~~yes.~~</script>
</div>
<div class="battle-log battle-log-inline"><div class="inner"><div class="battle-options"><div style="padding-top: 3px; padding-right: 3px; text-align: right"><button class="icon button" name="openBattleOptions" title="Options">Battle Options</button></div></div><div class="inner message-log"><div class="chat"><small>☆H2OPulse and ☆Coppersmith joined</small></div><div class=""><small>Format:</small> <br><strong>[Gen 8] Megas for All</strong></div><div class=""><small><em>HP Percentage Mod:</em> HP is shown in percentages</small></div><div class=""><small><em>Endless Battle Clause:</em> Forcing endless battles is banned</small></div><div class=""><small><em>OHKO Clause:</em> OHKO moves are banned</small></div><div class=""><small><em>Evasion Moves Clause:</em> Evasion moves are banned</small></div><div class=""><small><em>Species Clause:</em> Limit one of each Pokémon</small></div><div class=""><small><em>Dynamax Clause:</em> You cannot dynamax</small></div><div class=""><small><em>Sleep Clause Mod:</em> Limit one foe put to sleep</small></div><div class=""><small><em>Freeze Clause Mod:</em> Limit one foe frozen</small></div><div class="chat battle-history"><strong>H2OPulse's team:</strong> <em style="color:#445566;display:block;">Vileplume / Gliscor / Hydreigon / Delphox / Bisharp / Araquanid</em></div><div class="chat battle-history"><strong>Coppersmith's team:</strong> <em style="color:#445566;display:block;">Clefable / Garchomp / Blissey / Corviknight / Toxapex / Serperior</em></div><div class="chat chatmessage-h2opulse mine"><strong style="color:#6e8c2b"><small>☆</small><span class="username" data-name="H2OPulse">H2OPulse</span>:</strong> <em>Oooo interesting</em></div><div class="chat message-error">Battle timer is ON: inactive players will automatically lose when time's up. (requested by Coppersmith)</div><div class="chat chatmessage-coppersmith"><strong style="color:#0aa445"><small>☆</small><span class="username" data-name="Coppersmith">Coppersmith</span>:</strong> <em>it's mega clefable</em></div><div class="chat chatmessage-h2opulse mine"><strong style="color:#6e8c2b"><small>☆</small><span class="username" data-name="H2OPulse">H2OPulse</span>:</strong> <em>Oh heck</em></div><div class="chat chatmessage-h2opulse mine"><strong style="color:#6e8c2b"><small>☆</small><span class="username" data-name="H2OPulse">H2OPulse</span>:</strong> <em>Webs and Serperior do not mix</em></div><div class="chat chatmessage-h2opulse mine"><strong style="color:#6e8c2b"><small>☆</small><span class="username" data-name="H2OPulse">H2OPulse</span>:</strong> <em>Definitely should not use my usual strategy here</em></div><div class="chat message-error">Coppersmith has 270 seconds left.</div><div class="chat chatmessage-coppersmith"><strong style="color:#0aa445"><small>☆</small><span class="username" data-name="Coppersmith">Coppersmith</span>:</strong> <em>the premise of the team is to spread as much status as i can</em></div><div class="spacer battle-history"><br></div><div class="battle-history">Battle started between H2OPulse and Coppersmith!<br></div><div class="spacer battle-history"><br></div><div class="battle-history">Go! Spilly (<strong>Araquanid</strong>)!<br></div><div class="spacer battle-history"><br></div><div class="battle-history">Coppersmith sent out <strong>Clefable</strong>!<br></div><div class="spacer battle-history"><br></div><h2 class="battle-history">Turn 1</h2><div class="chat chatmessage-h2opulse mine"><strong style="color:#6e8c2b"><small>☆</small><span class="username" data-name="H2OPulse">H2OPulse</span>:</strong> <em>Oh that sounds fun : D</em></div><div class="spacer battle-history"><br></div><div class="battle-history"><small>The opposing Clefable's Clefabite is reacting to the Key Stone!</small><br>The opposing Clefable has Mega Evolved into Mega Clefable!<br></div><div class="chat"><ul class="utilichart"><li class="result"><span class="col pokemonnamecol" style="white-space: nowrap">Clefable-Mega</span> <span class="col typecol"><img src="https://play.pokemonshowdown.com/sprites/types/Fairy.png" alt="Fairy" height="14" width="32"><img src="https://play.pokemonshowdown.com/sprites/types/Ghost.png" alt="Ghost" height="14" width="32"></span> <span style="float: left ; min-height: 26px"><span class="col abilitycol">Prankster</span><span class="col abilitycol"></span></span><span style="float: left ; min-height: 26px"><span class="col statcol"><em>HP</em><br>95</span> <span class="col statcol"><em>Atk</em><br>80</span> <span class="col statcol"><em>Def</em><br>83</span> <span class="col statcol"><em>SpA</em><br>125</span> <span class="col statcol"><em>SpD</em><br>90</span> <span class="col statcol"><em>Spe</em><br>110</span> </span></li><li style="clear: both"></li></ul></div><div class="spacer battle-history"><br></div><div class="battle-history">The opposing Clefable used <strong>Will-O-Wisp</strong>!<br></div><div class="battle-history">[Spilly's Water Bubble]<br><small>It doesn't affect Spilly...</small><br></div><div class="spacer battle-history"><br></div><div class="battle-history">Spilly used <strong>Liquidation</strong>!<br></div><div class="battle-history"><small>(The opposing Clefable lost 77% of its health!)</small><br></div><div class="battle-history"><small>The opposing Clefable's Defense fell!</small><br></div><div class="spacer battle-history"><br></div><h2 class="battle-history">Turn 2</h2><div class="chat chatmessage-coppersmith"><strong style="color:#0aa445"><small>☆</small><span class="username" data-name="Coppersmith">Coppersmith</span>:</strong> <em>that</em></div><div class="chat chatmessage-coppersmith"><strong style="color:#0aa445"><small>☆</small><span class="username" data-name="Coppersmith">Coppersmith</span>:</strong> <em>was not intended</em></div><div class="chat chatmessage-h2opulse mine"><strong style="color:#6e8c2b"><small>☆</small><span class="username" data-name="H2OPulse">H2OPulse</span>:</strong> <em>PF</em></div><div class="spacer battle-history"><br></div><div class="battle-history">Coppersmith withdrew Clefable!<br></div><div class="battle-history">Coppersmith sent out <strong>Corviknight</strong>!<br></div><div class="battle-history">[The opposing Corviknight's Pressure]<br><small>The opposing Corviknight is exerting its pressure!</small><br></div><div class="spacer battle-history"><br></div><div class="battle-history">Spilly used <strong>Liquidation</strong>!<br></div><div class="battle-history"><small>(The opposing Corviknight lost 40% of its health!)</small><br></div><div class="spacer battle-history"><br></div><div class="battle-history"><small>The opposing Corviknight restored a little HP using its Leftovers!</small><br></div><div class="spacer battle-history"><br></div><h2 class="battle-history">Turn 3</h2><div class="spacer battle-history"><br></div><div class="battle-history">The opposing Corviknight used <strong>U-turn</strong>!<br></div><div class="battle-history"><small>(Spilly lost <abbr title="−55/294">18.7%</abbr> of its health!)</small><br></div><div class="spacer battle-history"><br></div><div class="battle-history">The opposing Corviknight went back to Coppersmith!<br></div><div class="battle-history">Coppersmith sent out <strong>Toxapex</strong>!<br></div><div class="spacer battle-history"><br></div><div class="battle-history">Spilly used <strong>Liquidation</strong>!<br></div><div class="battle-history"><small>It's not very effective...</small><br></div><div class="battle-history"><small>(The opposing Toxapex lost 18% of its health!)</small><br></div><div class="battle-history"><small>Spilly was hurt by the Rocky Helmet!</small><br></div><div class="spacer battle-history"><br></div><h2 class="battle-history">Turn 4</h2><div class="spacer battle-history"><br></div><div class="battle-history">Spilly, come back!<br></div><div class="battle-history">Go! Sansevieria (<strong>Hydreigon</strong>)!<br></div><div class="spacer battle-history"><br></div><div class="battle-history">The opposing Toxapex used <strong>Toxic Spikes</strong>!<br></div><div class="battle-history"><small>Poison spikes were scattered on the ground all around your team!</small><br></div><div class="spacer battle-history"><br></div><h2 class="battle-history">Turn 5</h2><div class="spacer battle-history"><br></div><div class="battle-history">Coppersmith withdrew Toxapex!<br></div><div class="battle-history">Coppersmith sent out <strong>Corviknight</strong>!<br></div><div class="battle-history">[The opposing Corviknight's Pressure]<br><small>The opposing Corviknight is exerting its pressure!</small><br></div><div class="spacer battle-history"><br></div><div class="battle-history"><small>Sansevieria's Hydreigonite is reacting to the Key Stone!</small><br>Sansevieria has Mega Evolved into Mega Hydreigon!<br></div><div class="chat"><ul class="utilichart"><li class="result"><span class="col pokemonnamecol" style="white-space: nowrap">Hydreigon-Mega</span> <span class="col typecol"><img src="https://play.pokemonshowdown.com/sprites/types/Dark.png" alt="Dark" height="14" width="32"><img src="https://play.pokemonshowdown.com/sprites/types/Dragon.png" alt="Dragon" height="14" width="32"></span> <span style="float: left ; min-height: 26px"><span class="col abilitycol">Berserk</span><span class="col abilitycol"></span></span><span style="float: left ; min-height: 26px"><span class="col statcol"><em>HP</em><br>92</span> <span class="col statcol"><em>Atk</em><br>125</span> <span class="col statcol"><em>Def</em><br>110</span> <span class="col statcol"><em>SpA</em><br>165</span> <span class="col statcol"><em>SpD</em><br>90</span> <span class="col statcol"><em>Spe</em><br>118</span> </span></li><li style="clear: both"></li></ul></div><div class="spacer battle-history"><br></div><div class="battle-history">Sansevieria used <strong>Dark Pulse</strong>!<br></div><div class="battle-history"><small>(The opposing Corviknight lost 42% of its health!)</small><br></div><div class="spacer battle-history"><br></div><div class="battle-history"><small>The opposing Corviknight restored a little HP using its Leftovers!</small><br></div><div class="spacer battle-history"><br></div><h2 class="battle-history">Turn 6</h2><div class="spacer battle-history"><br></div><div class="battle-history">Sansevieria used <strong>Dark Pulse</strong>!<br></div><div class="battle-history"><small>(The opposing Corviknight lost 31% of its health!)</small><br></div><div class="spacer battle-history"><br></div><div class="battle-history">The opposing Corviknight fainted!<br></div><div class="chat message-error">Coppersmith has 270 seconds left.</div><div class="spacer battle-history"><br></div><div class="battle-history">Coppersmith sent out <strong>Blissey</strong>!<br></div><div class="spacer battle-history"><br></div><h2 class="battle-history">Turn 7</h2><div class="chat message-error">H2OPulse has 270 seconds left.</div><div class="spacer battle-history"><br></div><div class="battle-history">Sansevieria used <strong>Dark Pulse</strong>!<br></div><div class="battle-history"><small>(The opposing Blissey lost 14% of its health!)</small><br></div><div class="spacer battle-history"><br></div><div class="battle-history">The opposing Blissey used <strong>Thunder Wave</strong>!<br></div><div class="battle-history"><small>Sansevieria avoided the attack!</small><br></div><div class="spacer battle-history"><br></div><h2 class="battle-history">Turn 8</h2><div class="chat chatmessage-h2opulse mine"><strong style="color:#6e8c2b"><small>☆</small><span class="username" data-name="H2OPulse">H2OPulse</span>:</strong> <em>Oof sorry;;</em></div><div class="spacer battle-history"><br></div><div class="battle-history">Sansevieria, come back!<br></div><div class="battle-history">Go! Phace (<strong>Gliscor</strong>)!<br></div><div class="spacer battle-history"><br></div><div class="battle-history">The opposing Blissey used <strong>Thunder Wave</strong>!<br></div><div class="battle-history"><small>It doesn't affect Phace...</small><br></div><div class="spacer battle-history"><br></div><div class="battle-history"><small>Phace was badly poisoned!</small><br></div><div class="spacer battle-history"><br></div><h2 class="battle-history">Turn 9</h2><div class="chat chatmessage-coppersmith"><strong style="color:#0aa445"><small>☆</small><span class="username" data-name="Coppersmith">Coppersmith</span>:</strong> <em>oh dear</em></div><div class="spacer battle-history"><br></div><div class="battle-history">Coppersmith withdrew Blissey!<br></div><div class="battle-history">Coppersmith sent out <strong>Serperior</strong>!<br></div><div class="spacer battle-history"><br></div><div class="battle-history">Phace used <strong>Knock Off</strong>!<br></div><div class="battle-history"><small>A critical hit!</small><br></div><div class="battle-history"><small>(The opposing Serperior lost 44% of its health!)</small><br></div><div class="battle-history"><small>Phace knocked off the opposing Serperior's Leftovers!</small><br></div><div class="spacer battle-history"><br></div><h2 class="battle-history">Turn 10</h2><div class="chat message-error">H2OPulse has 270 seconds left.</div><div class="spacer battle-history"><br></div><div class="battle-history">Phace, come back!<br></div><div class="battle-history">Go! Sansevieria (<strong>Hydreigon-Mega</strong>)!<br></div><div class="battle-history"><small>Sansevieria was poisoned!</small><br></div><div class="spacer battle-history"><br></div><div class="battle-history">The opposing Serperior used <strong>Substitute</strong>!<br></div><div class="battle-history"><small>The opposing Serperior put in a substitute!</small><br></div><div class="battle-history"><small>(The opposing Serperior lost 25% of its health!)</small><br></div><div class="spacer battle-history"><br></div><div class="battle-history"><small>Sansevieria was hurt by poison!</small><br></div><div class="spacer battle-history"><br></div><h2 class="battle-history">Turn 11</h2><div class="chat message-error">H2OPulse has 270 seconds left.</div><div class="chat chatmessage-h2opulse mine"><strong style="color:#6e8c2b"><small>☆</small><span class="username" data-name="H2OPulse">H2OPulse</span>:</strong> <em>Thaaat's not good</em></div><div class="spacer battle-history"><br></div><div class="battle-history">Sansevieria used <strong>Dark Pulse</strong>!<br></div><div class="battle-history"><small>The opposing Serperior's substitute faded!</small><br></div><div class="spacer battle-history"><br></div><div class="battle-history">The opposing Serperior used <strong>Leaf Storm</strong>!<br></div><div class="battle-history"><small>It's not very effective...</small><br></div><div class="battle-history"><small>(Sansevieria lost <abbr title="−84/388">21.6%</abbr> of its health!)</small><br></div><div class="battle-history"><small>The opposing Serperior's Sp. Atk rose sharply!</small><br></div><div class="spacer battle-history"><br></div><div class="battle-history"><small>Sansevieria was hurt by poison!</small><br></div><div class="spacer battle-history"><br></div><h2 class="battle-history">Turn 12</h2><div class="chat chatmessage-coppersmith"><strong style="color:#0aa445"><small>☆</small><span class="username" data-name="Coppersmith">Coppersmith</span>:</strong> <em>all for the chip damage</em></div><div class="chat message-error">Coppersmith has 270 seconds left.</div><div class="spacer battle-history"><br></div><div class="battle-history">Coppersmith withdrew Serperior!<br></div><div class="battle-history">Coppersmith sent out <strong>Blissey</strong>!<br></div><div class="spacer battle-history"><br></div><div class="battle-history">Sansevieria used <strong>Dark Pulse</strong>!<br></div><div class="battle-history"><small>(The opposing Blissey lost 16% of its health!)</small><br></div><div class="spacer battle-history"><br></div><div class="battle-history"><small>Sansevieria was hurt by poison!</small><br></div><div class="spacer battle-history"><br></div><h2 class="battle-history">Turn 13</h2><div class="spacer battle-history"><br></div><div class="battle-history">Sansevieria used <strong>Roost</strong>!<br></div><div class="battle-history"><small>Sansevieria had its HP restored.</small><br></div><div class="spacer battle-history"><br></div><div class="battle-history">The opposing Blissey used <strong>Teleport</strong>!<br></div><div class="spacer battle-history"><br></div><div class="battle-history">Coppersmith withdrew Blissey!<br></div><div class="battle-history">Coppersmith sent out Clefable (<strong>Clefable-Mega</strong>)!<br></div><div class="spacer battle-history"><br></div><div class="battle-history"><small>Sansevieria was hurt by poison!</small><br></div><div class="spacer battle-history"><br></div><h2 class="battle-history">Turn 14</h2><div class="spacer battle-history"><br></div><div class="battle-history">The opposing Clefable used <strong>Soft-Boiled</strong>!<br></div><div class="battle-history"><small>The opposing Clefable had its HP restored.</small><br></div><div class="spacer battle-history"><br></div><div class="battle-history">Sansevieria used <strong>Flash Cannon</strong>!<br></div><div class="battle-history"><small>It's super effective!</small><br></div><div class="battle-history"><small>(The opposing Clefable lost 70% of its health!)</small><br></div><div class="spacer battle-history"><br></div><div class="battle-history"><small>Sansevieria was hurt by poison!</small><br></div><div class="spacer battle-history"><br></div><h2 class="battle-history">Turn 15</h2><div class="chat chatmessage-h2opulse mine"><strong style="color:#6e8c2b"><small>☆</small><span class="username" data-name="H2OPulse">H2OPulse</span>:</strong> <em><s>Briefly forgot about Prankster and was <i>terrified</i> by the fact that you somehow outsped</s></em></div><div class="chat message-error">Coppersmith has 270 seconds left.</div><div class="chat chatmessage-coppersmith"><strong style="color:#0aa445"><small>☆</small><span class="username" data-name="Coppersmith">Coppersmith</span>:</strong> <em>lol</em></div><div class="spacer battle-history"><br></div><div class="battle-history">Coppersmith withdrew Clefable!<br></div><div class="battle-history">Coppersmith sent out <strong>Toxapex</strong>!<br></div><div class="spacer battle-history"><br></div><div class="battle-history">Sansevieria used <strong>Flash Cannon</strong>!<br></div><div class="battle-history"><small>It's not very effective...</small><br></div><div class="battle-history"><small>(The opposing Toxapex lost 11% of its health!)</small><br></div><div class="spacer battle-history"><br></div><div class="battle-history"><small>Sansevieria was hurt by poison!</small><br></div><div class="spacer battle-history"><br></div><h2 class="battle-history">Turn 16</h2><div class="spacer battle-history"><br></div><div class="battle-history">Sansevieria used <strong>Dark Pulse</strong>!<br></div><div class="battle-history"><small>(The opposing Toxapex lost 35% of its health!)</small><br></div><div class="spacer battle-history"><br></div><div class="battle-history">The opposing Toxapex used <strong>Knock Off</strong>!<br></div><div class="battle-history"><small>It's not very effective...</small><br></div><div class="battle-history"><small>(Sansevieria lost <abbr title="−15/388">3.9%</abbr> of its health!)</small><br></div><div class="spacer battle-history"><br></div><div class="battle-history"><small>Sansevieria was hurt by poison!</small><br></div><div class="spacer battle-history"><br></div><h2 class="battle-history">Turn 17</h2><div class="chat message-error">Coppersmith has 240 seconds left.</div><div class="chat chatmessage-h2opulse mine"><strong style="color:#6e8c2b"><small>☆</small><span class="username" data-name="H2OPulse">H2OPulse</span>:</strong> <em>Pfff it did just little enough not to proc Berserk</em></div><div class="spacer battle-history"><br></div><div class="battle-history">Coppersmith withdrew Toxapex!<br></div><div class="battle-history">Coppersmith sent out <strong>Blissey</strong>!<br></div><div class="spacer battle-history"><br></div><div class="battle-history">Sansevieria used <strong>Roost</strong>!<br></div><div class="battle-history"><small>Sansevieria had its HP restored.</small><br></div><div class="spacer battle-history"><br></div><div class="battle-history"><small>Sansevieria was hurt by poison!</small><br></div><div class="spacer battle-history"><br></div><h2 class="battle-history">Turn 18</h2><div class="chat message-error">Coppersmith has 240 seconds left.</div><div class="spacer battle-history"><br></div><div class="battle-history">Sansevieria used <strong>Dark Pulse</strong>!<br></div><div class="battle-history"><small>(The opposing Blissey lost 15% of its health!)</small><br></div><div class="spacer battle-history"><br></div><div class="battle-history">The opposing Blissey used <strong>Teleport</strong>!<br></div><div class="spacer battle-history"><br></div><div class="battle-history">Coppersmith withdrew Blissey!<br></div><div class="battle-history">Coppersmith sent out <strong>Toxapex</strong>!<br></div><div class="spacer battle-history"><br></div><div class="battle-history"><small>Sansevieria was hurt by poison!</small><br></div><div class="spacer battle-history"><br></div><h2 class="battle-history">Turn 19</h2><div class="chat message-error">Coppersmith has 240 seconds left.</div><div class="spacer battle-history"><br></div><div class="battle-history">Coppersmith withdrew Toxapex!<br></div><div class="battle-history">Coppersmith sent out <strong>Blissey</strong>!<br></div><div class="spacer battle-history"><br></div><div class="battle-history">Sansevieria used <strong>Dark Pulse</strong>!<br></div><div class="battle-history"><small>(The opposing Blissey lost 15% of its health!)</small><br></div><div class="spacer battle-history"><br></div><div class="battle-history"><small>Sansevieria was hurt by poison!</small><br></div><div class="spacer battle-history"><br></div><h2 class="battle-history">Turn 20</h2><div class="chat message-error">Coppersmith has 240 seconds left.</div><div class="spacer battle-history"><br></div><div class="battle-history">Sansevieria used <strong>Dark Pulse</strong>!<br></div><div class="battle-history"><small>(The opposing Blissey lost 15% of its health!)</small><br></div><div class="spacer battle-history"><br></div><div class="battle-history">The opposing Blissey used <strong>Soft-Boiled</strong>!<br></div><div class="battle-history"><small>The opposing Blissey had its HP restored.</small><br></div><div class="spacer battle-history"><br></div><div class="battle-history"><small>Sansevieria was hurt by poison!</small><br></div><div class="spacer battle-history"><br></div><h2 class="battle-history">Turn 21</h2><div class="chat chatmessage-coppersmith"><strong style="color:#0aa445"><small>☆</small><span class="username" data-name="Coppersmith">Coppersmith</span>:</strong> <em>just hoping it goes away</em></div><div class="chat message-error">Coppersmith has 240 seconds left.</div><div class="chat chatmessage-coppersmith"><strong style="color:#0aa445"><small>☆</small><span class="username" data-name="Coppersmith">Coppersmith</span>:</strong> <em>at this point</em></div><div class="spacer battle-history"><br></div><div class="battle-history">Sansevieria used <strong>Roost</strong>!<br></div><div class="battle-history"><small>Sansevieria had its HP restored.</small><br></div><div class="spacer battle-history"><br></div><div class="battle-history">The opposing Blissey used <strong>Seismic Toss</strong>!<br></div><div class="battle-history"><small>(Sansevieria lost <abbr title="−100/388">25.8%</abbr> of its health!)</small><br></div><div class="spacer battle-history"><br></div><div class="battle-history"><small>Sansevieria was hurt by poison!</small><br></div><div class="spacer battle-history"><br></div><h2 class="battle-history">Turn 22</h2><div class="chat message-error">Coppersmith has 240 seconds left.</div><div class="chat chatmessage-h2opulse mine"><strong style="color:#6e8c2b"><small>☆</small><span class="username" data-name="H2OPulse">H2OPulse</span>:</strong> <em>Hm</em></div><div class="chat chatmessage-h2opulse mine"><strong style="color:#6e8c2b"><small>☆</small><span class="username" data-name="H2OPulse">H2OPulse</span>:</strong> <em>I think this is why normal people run Nasty Plot on their Hydreigon</em></div><div class="spacer battle-history"><br></div><div class="battle-history">Sansevieria used <strong>Dark Pulse</strong>!<br></div><div class="battle-history"><small>(The opposing Blissey lost 17% of its health!)</small><br></div><div class="spacer battle-history"><br></div><div class="battle-history">The opposing Blissey used <strong>Teleport</strong>!<br></div><div class="chat message-error">Coppersmith has 240 seconds left.</div><div class="spacer battle-history"><br></div><div class="battle-history">Coppersmith withdrew Blissey!<br></div><div class="battle-history">Coppersmith sent out <strong>Toxapex</strong>!<br></div><div class="spacer battle-history"><br></div><div class="battle-history"><small>Sansevieria was hurt by poison!</small><br></div><div class="spacer battle-history"><br></div><h2 class="battle-history">Turn 23</h2><div class="spacer battle-history"><br></div><div class="battle-history">Coppersmith withdrew Toxapex!<br></div><div class="battle-history">Coppersmith sent out <strong>Blissey</strong>!<br></div><div class="spacer battle-history"><br></div><div class="battle-history">Sansevieria used <strong>Roost</strong>!<br></div><div class="battle-history"><small>Sansevieria had its HP restored.</small><br></div><div class="spacer battle-history"><br></div><div class="battle-history"><small>Sansevieria was hurt by poison!</small><br></div><div class="spacer battle-history"><br></div><h2 class="battle-history">Turn 24</h2><div class="chat chatmessage-coppersmith"><strong style="color:#0aa445"><small>☆</small><span class="username" data-name="Coppersmith">Coppersmith</span>:</strong> <em>likely</em></div><div class="spacer battle-history"><br></div><div class="battle-history">Sansevieria, come back!<br></div><div class="battle-history">Go! Raffles (<strong>Vileplume</strong>)!<br></div><div class="battle-history"><small>The poison spikes disappeared from the ground around your team!</small><br></div><div class="spacer battle-history"><br></div><div class="battle-history">The opposing Blissey used <strong>Soft-Boiled</strong>!<br></div><div class="battle-history"><small>The opposing Blissey had its HP restored.</small><br></div><div class="spacer battle-history"><br></div><h2 class="battle-history">Turn 25</h2><div class="spacer battle-history"><br></div><div class="battle-history">Raffles used <strong>Swords Dance</strong>!<br></div><div class="battle-history"><small>Raffles's Attack rose sharply!</small><br></div><div class="spacer battle-history"><br></div><div class="battle-history">The opposing Blissey used <strong>Teleport</strong>!<br></div><div class="spacer battle-history"><br></div><div class="battle-history">Coppersmith withdrew Blissey!<br></div><div class="battle-history">Coppersmith sent out <strong>Garchomp</strong>!<br></div><div class="spacer battle-history"><br></div><h2 class="battle-history">Turn 26</h2><div class="spacer battle-history"><br></div><div class="battle-history"><small>The opposing Garchomp surrounded itself with its Z-Power!</small><br></div><div class="spacer battle-history"><br></div><div class="battle-history"><small>The opposing Garchomp unleashes its full-force Z-Move!</small><br>The opposing Garchomp used <strong>Devastating Drake</strong>!<br></div><div class="battle-history"><small>(Raffles lost <abbr title="−285/354">80.5%</abbr> of its health!)</small><br></div><div class="spacer battle-history"><br></div><div class="battle-history">Raffles used <strong>Strength Sap</strong>!<br></div><div class="battle-history"><small>The opposing Garchomp's Attack fell!</small><br></div><div class="battle-history"><small>Raffles had its HP restored.</small><br></div><div class="spacer battle-history"><br></div><h2 class="battle-history">Turn 27</h2><div class="chat chatmessage-coppersmith"><strong style="color:#0aa445"><small>☆</small><span class="username" data-name="Coppersmith">Coppersmith</span>:</strong> <em>hmmm</em></div><div class="chat chatmessage-h2opulse mine"><strong style="color:#6e8c2b"><small>☆</small><span class="username" data-name="H2OPulse">H2OPulse</span>:</strong> <em>That went well</em></div><div class="chat message-error">Coppersmith has 240 seconds left.</div><div class="spacer battle-history"><br></div><div class="battle-history">Coppersmith withdrew Garchomp!<br></div><div class="battle-history">Coppersmith sent out <strong>Toxapex</strong>!<br></div><div class="spacer battle-history"><br></div><div class="battle-history">Raffles used <strong>Swords Dance</strong>!<br></div><div class="battle-history"><small>Raffles's Attack rose sharply!</small><br></div><div class="spacer battle-history"><br></div><h2 class="battle-history">Turn 28</h2><div class="chat chatmessage-coppersmith"><strong style="color:#0aa445"><small>☆</small><span class="username" data-name="Coppersmith">Coppersmith</span>:</strong> <em>a smashing success</em></div><div class="spacer battle-history"><br></div><div class="battle-history">Raffles used <strong>Seed Bomb</strong>!<br></div><div class="battle-history"><small>(The opposing Toxapex lost 39% of its health!)</small><br></div><div class="spacer battle-history"><br></div><div class="battle-history">The opposing Toxapex used <strong>Scald</strong>!<br></div><div class="battle-history"><small>It's not very effective...</small><br></div><div class="battle-history"><small>(Raffles lost <abbr title="−29/354">8.2%</abbr> of its health!)</small><br></div><div class="spacer battle-history"><br></div><h2 class="battle-history">Turn 29</h2><div class="spacer battle-history"><br></div><div class="battle-history">Raffles used <strong>Seed Bomb</strong>!<br></div><div class="battle-history"><small>(The opposing Toxapex lost 38% of its health!)</small><br></div><div class="spacer battle-history"><br></div><div class="battle-history">The opposing Toxapex used <strong>Scald</strong>!<br></div><div class="battle-history"><small>It's not very effective...</small><br></div><div class="battle-history"><small>(Raffles lost <abbr title="−27/354">7.6%</abbr> of its health!)</small><br></div><div class="battle-history"><small>Raffles was burned!</small><br></div><div class="spacer battle-history"><br></div><div class="battle-history"><small>Raffles was hurt by its burn!</small><br></div><div class="spacer battle-history"><br></div><h2 class="battle-history">Turn 30</h2><div class="chat chatmessage-h2opulse mine"><strong style="color:#6e8c2b"><small>☆</small><span class="username" data-name="H2OPulse">H2OPulse</span>:</strong> <em>That went less well okay</em></div><div class="chat message-error">Coppersmith has 240 seconds left.</div><div class="spacer battle-history"><br></div><div class="battle-history">Coppersmith withdrew Toxapex!<br></div><div class="battle-history">Coppersmith sent out Clefable (<strong>Clefable-Mega</strong>)!<br></div><div class="spacer battle-history"><br></div><div class="battle-history">Raffles used <strong>Aromatherapy</strong>!<br></div><div class="battle-history"><small>A soothing aroma wafted through the area!</small><br></div><div class="battle-history"><small>Raffles's burn was healed!</small><br></div><div class="battle-history"><small>Phace was cured of its poisoning!</small><br></div><div class="battle-history"><small>Sansevieria was cured of its poisoning!</small><br></div><div class="spacer battle-history"><br></div><h2 class="battle-history">Turn 31</h2><div class="chat message-error">Coppersmith has 240 seconds left.</div><div class="chat chatmessage-coppersmith"><strong style="color:#0aa445"><small>☆</small><span class="username" data-name="Coppersmith">Coppersmith</span>:</strong> <em>no i insist</em></div><div class="spacer battle-history"><br></div><div class="battle-history">The opposing Clefable used <strong>Will-O-Wisp</strong>!<br></div><div class="battle-history"><small>Raffles was burned!</small><br></div><div class="spacer battle-history"><br></div><div class="battle-history">Raffles used <strong>Swords Dance</strong>!<br></div><div class="battle-history"><small>Raffles's Attack rose sharply!</small><br></div><div class="spacer battle-history"><br></div><div class="battle-history"><small>Raffles was hurt by its burn!</small><br></div><div class="spacer battle-history"><br></div><h2 class="battle-history">Turn 32</h2><div class="chat message-error">Coppersmith has 240 seconds left.</div><div class="spacer battle-history"><br></div><div class="battle-history">The opposing Clefable used <strong>Hex</strong>!<br></div><div class="battle-history"><small>(Raffles lost <abbr title="−252/354">71.2%</abbr> of its health!)</small><br></div><div class="spacer battle-history"><br></div><div class="battle-history">Raffles used <strong>Seed Bomb</strong>!<br></div><div class="battle-history"><small>A critical hit!</small><br></div><div class="battle-history"><small>(The opposing Clefable lost 4% of its health!)</small><br></div><div class="spacer battle-history"><br></div><div class="battle-history">The opposing Clefable fainted!<br></div><div class="spacer battle-history"><br></div><div class="battle-history"><small>Raffles was hurt by its burn!</small><br></div><div class="spacer battle-history"><br></div><div class="battle-history">Raffles fainted!<br></div><div class="chat chatmessage-h2opulse mine"><strong style="color:#6e8c2b"><small>☆</small><span class="username" data-name="H2OPulse">H2OPulse</span>:</strong> <em>Yeah fair okay</em></div><div class="chat message-error">Coppersmith has 240 seconds left.</div><div class="chat message-error">H2OPulse has 270 seconds left.</div><div class="spacer battle-history"><br></div><div class="battle-history">Coppersmith sent out <strong>Serperior</strong>!<br></div><div class="spacer battle-history"><br></div><div class="battle-history">Go! Sansevieria (<strong>Hydreigon-Mega</strong>)!<br></div><div class="spacer battle-history"><br></div><h2 class="battle-history">Turn 33</h2><div class="chat chatmessage-coppersmith"><strong style="color:#0aa445"><small>☆</small><span class="username" data-name="Coppersmith">Coppersmith</span>:</strong> <em>probably gg at this point</em></div><div class="spacer battle-history"><br></div><div class="battle-history">Coppersmith withdrew Serperior!<br></div><div class="battle-history">Coppersmith sent out <strong>Blissey</strong>!<br></div><div class="spacer battle-history"><br></div><div class="battle-history">Sansevieria used <strong>Dark Pulse</strong>!<br></div><div class="battle-history"><small>(The opposing Blissey lost 16% of its health!)</small><br></div><div class="spacer battle-history"><br></div><h2 class="battle-history">Turn 34</h2><div class="chat chatmessage-h2opulse mine"><strong style="color:#6e8c2b"><small>☆</small><span class="username" data-name="H2OPulse">H2OPulse</span>:</strong> <em>Maybe haha</em></div><div class="chat chatmessage-h2opulse mine"><strong style="color:#6e8c2b"><small>☆</small><span class="username" data-name="H2OPulse">H2OPulse</span>:</strong> <em>Good game!!!</em></div><div class="spacer battle-history"><br></div><div class="battle-history">Sansevieria used <strong>Dark Pulse</strong>!<br></div><div class="battle-history"><small>(The opposing Blissey lost 15% of its health!)</small><br></div><div class="spacer battle-history"><br></div><div class="battle-history">The opposing Blissey used <strong>Teleport</strong>!<br></div><div class="spacer battle-history"><br></div><div class="battle-history">Coppersmith withdrew Blissey!<br></div><div class="battle-history">Coppersmith sent out <strong>Toxapex</strong>!<br></div><div class="spacer battle-history"><br></div><h2 class="battle-history">Turn 35</h2><div class="spacer battle-history"><br></div><div class="battle-history">Coppersmith withdrew Toxapex!<br></div><div class="battle-history">Coppersmith sent out <strong>Blissey</strong>!<br></div><div class="spacer battle-history"><br></div><div class="battle-history">Sansevieria used <strong>Draco Meteor</strong>!<br></div><div class="battle-history"><small>The opposing Blissey avoided the attack!</small><br></div><div class="spacer battle-history"><br></div><h2 class="battle-history">Turn 36</h2><div class="chat chatmessage-h2opulse mine"><strong style="color:#6e8c2b"><small>☆</small><span class="username" data-name="H2OPulse">H2OPulse</span>:</strong> <em>I don't know why I expected that to work but also I'm glad that that missed</em></div><div class="chat chatmessage-coppersmith"><strong style="color:#0aa445"><small>☆</small><span class="username" data-name="Coppersmith">Coppersmith</span>:</strong> <em>probably wouldn't have done too mcuh but sorry</em></div><div class="chat message-error">H2OPulse has 270 seconds left.</div><div class="chat chatmessage-h2opulse mine"><strong style="color:#6e8c2b"><small>☆</small><span class="username" data-name="H2OPulse">H2OPulse</span>:</strong> <em>100% meant for Toxapex and not Blissey haha that would have been a bad move to make anyway :'D</em></div><div class="spacer battle-history"><br></div><div class="battle-history">Sansevieria used <strong>Dark Pulse</strong>!<br></div><div class="battle-history"><small>(The opposing Blissey lost 15% of its health!)</small><br></div><div class="spacer battle-history"><br></div><div class="battle-history">The opposing Blissey flinched and couldn't move!<br></div><div class="spacer battle-history"><br></div><h2 class="battle-history">Turn 37</h2><div class="chat message-error">H2OPulse has 270 seconds left.</div><div class="spacer battle-history"><br></div><div class="battle-history">Sansevieria used <strong>Flash Cannon</strong>!<br></div><div class="battle-history"><small>(The opposing Blissey lost 11% of its health!)</small><br></div><div class="spacer battle-history"><br></div><div class="battle-history">The opposing Blissey used <strong>Thunder Wave</strong>!<br></div><div class="battle-history"><small>Sansevieria is paralyzed! It may be unable to move!</small><br></div><div class="spacer battle-history"><br></div><h2 class="battle-history">Turn 38</h2><div class="chat message-error">H2OPulse has 270 seconds left.</div><div class="spacer battle-history"><br></div><div class="battle-history">Sansevieria is paralyzed! It can't move!<br></div><div class="spacer battle-history"><br></div><div class="battle-history">The opposing Blissey used <strong>Soft-Boiled</strong>!<br></div><div class="battle-history"><small>The opposing Blissey had its HP restored.</small><br></div><div class="spacer battle-history"><br></div><h2 class="battle-history">Turn 39</h2><div class="chat chatmessage-coppersmith"><strong style="color:#0aa445"><small>☆</small><span class="username" data-name="Coppersmith">Coppersmith</span>:</strong> <em>at last</em></div><div class="spacer battle-history"><br></div><div class="battle-history">Sansevieria, come back!<br></div><div class="battle-history">Go! Sword Lily (<strong>Bisharp</strong>)!<br></div><div class="spacer battle-history"><br></div><div class="battle-history">The opposing Blissey used <strong>Teleport</strong>!<br></div><div class="spacer battle-history"><br></div><div class="battle-history">Coppersmith withdrew Blissey!<br></div><div class="battle-history">Coppersmith sent out <strong>Garchomp</strong>!<br></div><div class="spacer battle-history"><br></div><h2 class="battle-history">Turn 40</h2><div class="chat message-error">Coppersmith has 270 seconds left.</div><div class="spacer battle-history"><br></div><div class="battle-history">The opposing Garchomp used <strong>Swords Dance</strong>!<br></div><div class="battle-history"><small>The opposing Garchomp's Attack rose sharply!</small><br></div><div class="spacer battle-history"><br></div><div class="battle-history">Sword Lily used <strong>Knock Off</strong>!<br></div><div class="battle-history"><small>(The opposing Garchomp lost 47% of its health!)</small><br></div><div class="battle-history">[The opposing Garchomp's Rough Skin]<br><small>Sword Lily was hurt!</small><br></div><div class="spacer battle-history"><br></div><h2 class="battle-history">Turn 41</h2><div class="chat chatmessage-h2opulse mine"><strong style="color:#6e8c2b"><small>☆</small><span class="username" data-name="H2OPulse">H2OPulse</span>:</strong> <em>Oh I forgot you used a Z-Crystal</em></div><div class="spacer battle-history"><br></div><div class="battle-history">Sword Lily used <strong>Sucker Punch</strong>!<br></div><div class="battle-history"><small>(The opposing Garchomp lost 47% of its health!)</small><br></div><div class="battle-history">[The opposing Garchomp's Rough Skin]<br><small>Sword Lily was hurt!</small><br></div><div class="spacer battle-history"><br></div><div class="battle-history">The opposing Garchomp used <strong>Earthquake</strong>!<br></div><div class="battle-history"><small>It's super effective!</small><br></div><div class="battle-history"><small>(Sword Lily lost <abbr title="−252/334">75.4%</abbr> of its health!)</small><br></div><div class="spacer battle-history"><br></div><div class="battle-history">Sword Lily fainted!<br></div><div class="spacer battle-history"><br></div><div class="battle-history">Go! Phace (<strong>Gliscor</strong>)!<br></div><div class="spacer battle-history"><br></div><h2 class="battle-history">Turn 42</h2><div class="chat chatmessage-coppersmith"><strong style="color:#0aa445"><small>☆</small><span class="username" data-name="Coppersmith">Coppersmith</span>:</strong> <em>Sorry</em></div><div class="chat chatmessage-h2opulse mine"><strong style="color:#6e8c2b"><small>☆</small><span class="username" data-name="H2OPulse">H2OPulse</span>:</strong> <em>I may lose now :'D</em></div><div class="spacer battle-history"><br></div><div class="battle-history">The opposing Garchomp used <strong>Outrage</strong>!<br></div><div class="battle-history"><small>(Phace lost <abbr title="−324/352">92.0%</abbr> of its health!)</small><br></div><div class="spacer battle-history"><br></div><div class="battle-history">Phace used <strong>Knock Off</strong>!<br></div><div class="battle-history"><small>(The opposing Garchomp lost 6% of its health!)</small><br></div><div class="battle-history">[The opposing Garchomp's Rough Skin]<br><small>Phace was hurt!</small><br></div><div class="spacer battle-history"><br></div><div class="battle-history">The opposing Garchomp fainted!<br></div><div class="battle-history">Phace fainted!<br></div><div class="chat chatmessage-h2opulse mine"><strong style="color:#6e8c2b"><small>☆</small><span class="username" data-name="H2OPulse">H2OPulse</span>:</strong> <em>nARROWLY okay wow</em></div><div class="chat message-error">Coppersmith has 270 seconds left.</div><div class="spacer battle-history"><br></div><div class="battle-history">Coppersmith sent out <strong>Toxapex</strong>!<br></div><div class="spacer battle-history"><br></div><div class="battle-history">Go! Spilly (<strong>Araquanid</strong>)!<br></div><div class="spacer battle-history"><br></div><h2 class="battle-history">Turn 43</h2><div class="spacer battle-history"><br></div><div class="battle-history">Spilly, come back!<br></div><div class="battle-history">Go! Sansevieria (<strong>Hydreigon-Mega</strong>)!<br></div><div class="spacer battle-history"><br></div><div class="battle-history">The opposing Toxapex used <strong>Knock Off</strong>!<br></div><div class="battle-history"><small>It's not very effective...</small><br></div><div class="battle-history"><small>(Sansevieria lost <abbr title="−18/388">4.6%</abbr> of its health!)</small><br></div><div class="spacer battle-history"><br></div><h2 class="battle-history">Turn 44</h2><div class="spacer battle-history"><br></div><div class="battle-history">Coppersmith withdrew Toxapex!<br></div><div class="battle-history">Coppersmith sent out <strong>Blissey</strong>!<br></div><div class="spacer battle-history"><br></div><div class="battle-history">Sansevieria used <strong>Flash Cannon</strong>!<br></div><div class="battle-history"><small>A critical hit!</small><br></div><div class="battle-history"><small>(The opposing Blissey lost 14% of its health!)</small><br></div><div class="spacer battle-history"><br></div><h2 class="battle-history">Turn 45</h2><div class="spacer battle-history"><br></div><div class="battle-history">Sansevieria used <strong>Flash Cannon</strong>!<br></div><div class="battle-history"><small>(The opposing Blissey lost 10% of its health!)</small><br></div><div class="spacer battle-history"><br></div><div class="battle-history">The opposing Blissey used <strong>Seismic Toss</strong>!<br></div><div class="battle-history"><small>(Sansevieria lost <abbr title="−100/388">25.8%</abbr> of its health!)</small><br></div><div class="battle-history">[Sansevieria's Berserk]<br></div><div class="battle-history"><small>Sansevieria's Sp. Atk rose!</small><br></div><div class="spacer battle-history"><br></div><h2 class="battle-history">Turn 46</h2><div class="chat chatmessage-coppersmith"><strong style="color:#0aa445"><small>☆</small><span class="username" data-name="Coppersmith">Coppersmith</span>:</strong> <em>i think this actually may be gg</em></div><div class="spacer battle-history"><br></div><div class="battle-history">Sansevieria used <strong>Roost</strong>!<br></div><div class="battle-history"><small>Sansevieria had its HP restored.</small><br></div><div class="spacer battle-history"><br></div><div class="battle-history">The opposing Blissey used <strong>Seismic Toss</strong>!<br></div><div class="battle-history"><small>(Sansevieria lost <abbr title="−100/388">25.8%</abbr> of its health!)</small><br></div><div class="spacer battle-history"><br></div><h2 class="battle-history">Turn 47</h2><div class="chat chatmessage-h2opulse mine"><strong style="color:#6e8c2b"><small>☆</small><span class="username" data-name="H2OPulse">H2OPulse</span>:</strong> <em>I don't actually know that I can break this defensive core with the rest of my team though XP</em></div><div class="spacer battle-history"><br></div><div class="battle-history">Sansevieria used <strong>Flash Cannon</strong>!<br></div><div class="battle-history"><small>(The opposing Blissey lost 16% of its health!)</small><br></div><div class="spacer battle-history"><br></div><div class="battle-history">The opposing Blissey used <strong>Soft-Boiled</strong>!<br></div><div class="battle-history"><small>The opposing Blissey had its HP restored.</small><br></div><div class="spacer battle-history"><br></div><h2 class="battle-history">Turn 48</h2><div class="spacer battle-history"><br></div><div class="battle-history">Sansevieria used <strong>Flash Cannon</strong>!<br></div><div class="battle-history"><small>(The opposing Blissey lost 16% of its health!)</small><br></div><div class="spacer battle-history"><br></div><div class="battle-history">The opposing Blissey used <strong>Teleport</strong>!<br></div><div class="spacer battle-history"><br></div><div class="battle-history">Coppersmith withdrew Blissey!<br></div><div class="battle-history">Coppersmith sent out <strong>Serperior</strong>!<br></div><div class="spacer battle-history"><br></div><h2 class="battle-history">Turn 49</h2><div class="spacer battle-history"><br></div><div class="battle-history">Coppersmith withdrew Serperior!<br></div><div class="battle-history">Coppersmith sent out <strong>Blissey</strong>!<br></div><div class="spacer battle-history"><br></div><div class="battle-history">Sansevieria used <strong>Dark Pulse</strong>!<br></div><div class="battle-history"><small>(The opposing Blissey lost 22% of its health!)</small><br></div><div class="spacer battle-history"><br></div><h2 class="battle-history">Turn 50</h2><div class="spacer battle-history"><br></div><div class="battle-history">Sansevieria is paralyzed! It can't move!<br></div><div class="spacer battle-history"><br></div><div class="battle-history">The opposing Blissey used <strong>Soft-Boiled</strong>!<br></div><div class="battle-history"><small>The opposing Blissey had its HP restored.</small><br></div><div class="spacer battle-history"><br></div><h2 class="battle-history">Turn 51</h2><div class="chat chatmessage-coppersmith"><strong style="color:#0aa445"><small>☆</small><span class="username" data-name="Coppersmith">Coppersmith</span>:</strong> <em>i can't touch you for fear of passive boosting</em></div><div class="spacer battle-history"><br></div><div class="battle-history">Sansevieria used <strong>Flash Cannon</strong>!<br></div><div class="battle-history"><small>(The opposing Blissey lost 15% of its health!)</small><br></div><div class="spacer battle-history"><br></div><div class="battle-history">The opposing Blissey used <strong>Teleport</strong>!<br></div><div class="chat chatmessage-h2opulse mine"><strong style="color:#6e8c2b"><small>☆</small><span class="username" data-name="H2OPulse">H2OPulse</span>:</strong> <em>Ohhh fair</em></div><div class="spacer battle-history"><br></div><div class="battle-history">Coppersmith withdrew Blissey!<br></div><div class="battle-history">Coppersmith sent out <strong>Toxapex</strong>!<br></div><div class="spacer battle-history"><br></div><h2 class="battle-history">Turn 52</h2><div class="chat chatmessage-coppersmith"><strong style="color:#0aa445"><small>☆</small><span class="username" data-name="Coppersmith">Coppersmith</span>:</strong> <em>yep pp stall...</em></div><div class="spacer battle-history"><br></div><div class="battle-history">Coppersmith withdrew Toxapex!<br></div><div class="battle-history">Coppersmith sent out <strong>Blissey</strong>!<br></div><div class="spacer battle-history"><br></div><div class="battle-history">Sansevieria used <strong>Flash Cannon</strong>!<br></div><div class="battle-history"><small>(The opposing Blissey lost 17% of its health!)</small><br></div><div class="spacer battle-history"><br></div><h2 class="battle-history">Turn 53</h2><div class="spacer battle-history"><br></div><div class="battle-history">Sansevieria used <strong>Flash Cannon</strong>!<br></div><div class="battle-history"><small>(The opposing Blissey lost 14% of its health!)</small><br></div><div class="spacer battle-history"><br></div><div class="battle-history">The opposing Blissey used <strong>Soft-Boiled</strong>!<br></div><div class="battle-history"><small>The opposing Blissey had its HP restored.</small><br></div><div class="spacer battle-history"><br></div><h2 class="battle-history">Turn 54</h2><div class="spacer battle-history"><br></div><div class="battle-history">Sansevieria used <strong>Flash Cannon</strong>!<br></div><div class="battle-history"><small>(The opposing Blissey lost 14% of its health!)</small><br></div><div class="spacer battle-history"><br></div><div class="battle-history">The opposing Blissey used <strong>Teleport</strong>!<br></div><div class="spacer battle-history"><br></div><div class="battle-history">Coppersmith withdrew Blissey!<br></div><div class="battle-history">Coppersmith sent out <strong>Toxapex</strong>!<br></div><div class="spacer battle-history"><br></div><h2 class="battle-history">Turn 55</h2><div class="spacer battle-history"><br></div><div class="battle-history">Coppersmith withdrew Toxapex!<br></div><div class="battle-history">Coppersmith sent out <strong>Blissey</strong>!<br></div><div class="spacer battle-history"><br></div><div class="battle-history">Sansevieria is paralyzed! It can't move!<br></div><div class="spacer battle-history"><br></div><h2 class="battle-history">Turn 56</h2><div class="spacer battle-history"><br></div><div class="battle-history">Sansevieria used <strong>Flash Cannon</strong>!<br></div><div class="battle-history"><small>(The opposing Blissey lost 15% of its health!)</small><br></div><div class="spacer battle-history"><br></div><div class="battle-history">The opposing Blissey used <strong>Teleport</strong>!<br></div><div class="chat chatmessage-coppersmith"><strong style="color:#0aa445"><small>☆</small><span class="username" data-name="Coppersmith">Coppersmith</span>:</strong> <em>it's scaring me</em></div><div class="spacer battle-history"><br></div><div class="battle-history">Coppersmith withdrew Blissey!<br></div><div class="battle-history">Coppersmith sent out <strong>Toxapex</strong>!<br></div><div class="spacer battle-history"><br></div><h2 class="battle-history">Turn 57</h2><div class="chat chatmessage-h2opulse mine"><strong style="color:#6e8c2b"><small>☆</small><span class="username" data-name="H2OPulse">H2OPulse</span>:</strong> <em>Maybe this paralysis will come in clutch actually</em></div><div class="chat chatmessage-h2opulse mine"><strong style="color:#6e8c2b"><small>☆</small><span class="username" data-name="H2OPulse">H2OPulse</span>:</strong> <em>Could save on some PP! XP</em></div><div class="chat chatmessage-coppersmith"><strong style="color:#0aa445"><small>☆</small><span class="username" data-name="Coppersmith">Coppersmith</span>:</strong> <em>lol</em></div><div class="spacer battle-history"><br></div><div class="battle-history">Coppersmith withdrew Toxapex!<br></div><div class="battle-history">Coppersmith sent out <strong>Blissey</strong>!<br></div><div class="spacer battle-history"><br></div><div class="battle-history">Sansevieria is paralyzed! It can't move!<br></div><div class="spacer battle-history"><br></div><h2 class="battle-history">Turn 58</h2><div class="spacer battle-history"><br></div><div class="battle-history">Sansevieria used <strong>Flash Cannon</strong>!<br></div><div class="battle-history"><small>A critical hit!</small><br></div><div class="battle-history"><small>(The opposing Blissey lost 24% of its health!)</small><br></div><div class="spacer battle-history"><br></div><div class="battle-history">The opposing Blissey used <strong>Soft-Boiled</strong>!<br></div><div class="battle-history"><small>The opposing Blissey had its HP restored.</small><br></div><div class="spacer battle-history"><br></div><h2 class="battle-history">Turn 59</h2><div class="chat chatmessage-coppersmith"><strong style="color:#0aa445"><small>☆</small><span class="username" data-name="Coppersmith">Coppersmith</span>:</strong> <em>Y E P</em></div><div class="spacer battle-history"><br></div><div class="battle-history">Coppersmith withdrew Blissey!<br></div><div class="battle-history">Coppersmith sent out <strong>Toxapex</strong>!<br></div><div class="spacer battle-history"><br></div><div class="battle-history">Sansevieria used <strong>Flash Cannon</strong>!<br></div><div class="battle-history"><small>It's not very effective...</small><br></div><div class="battle-history"><small>(The opposing Toxapex lost 17% of its health!)</small><br></div><div class="spacer battle-history"><br></div><h2 class="battle-history">Turn 60</h2><div class="spacer battle-history"><br></div><div class="battle-history">Coppersmith withdrew Toxapex!<br></div><div class="battle-history">Coppersmith sent out <strong>Blissey</strong>!<br></div><div class="spacer battle-history"><br></div><div class="battle-history">Sansevieria used <strong>Flash Cannon</strong>!<br></div><div class="battle-history"><small>(The opposing Blissey lost 16% of its health!)</small><br></div><div class="spacer battle-history"><br></div><h2 class="battle-history">Turn 61</h2><div class="spacer battle-history"><br></div><div class="battle-history">Sansevieria used <strong>Flash Cannon</strong>!<br></div><div class="battle-history"><small>(The opposing Blissey lost 16% of its health!)</small><br></div><div class="spacer battle-history"><br></div><div class="battle-history">The opposing Blissey used <strong>Soft-Boiled</strong>!<br></div><div class="battle-history"><small>The opposing Blissey had its HP restored.</small><br></div><div class="spacer battle-history"><br></div><h2 class="battle-history">Turn 62</h2><div class="chat chatmessage-coppersmith"><strong style="color:#0aa445"><small>☆</small><span class="username" data-name="Coppersmith">Coppersmith</span>:</strong> <em>honestly that makes me a lot less scared</em></div><div class="chat chatmessage-coppersmith"><strong style="color:#0aa445"><small>☆</small><span class="username" data-name="Coppersmith">Coppersmith</span>:</strong> <em>no more spd drop chance</em></div><div class="chat chatmessage-h2opulse mine"><strong style="color:#6e8c2b"><small>☆</small><span class="username" data-name="H2OPulse">H2OPulse</span>:</strong> <em>Yeah :'D</em></div><div class="chat chatmessage-h2opulse mine"><strong style="color:#6e8c2b"><small>☆</small><span class="username" data-name="H2OPulse">H2OPulse</span>:</strong> <em>I think I do like</em></div><div class="chat message-error">H2OPulse has 270 seconds left.</div><div class="chat chatmessage-h2opulse mine"><strong style="color:#6e8c2b"><small>☆</small><span class="username" data-name="H2OPulse">H2OPulse</span>:</strong> <em>definitely lose here haha</em></div><div class="spacer battle-history"><br></div><div class="battle-history">Sansevieria, come back!<br></div><div class="battle-history">Go! Spilly (<strong>Araquanid</strong>)!<br></div><div class="spacer battle-history"><br></div><div class="battle-history">The opposing Blissey used <strong>Thunder Wave</strong>!<br></div><div class="battle-history"><small>Spilly is paralyzed! It may be unable to move!</small><br></div><div class="spacer battle-history"><br></div><h2 class="battle-history">Turn 63</h2><div class="chat chatmessage-coppersmith"><strong style="color:#0aa445"><small>☆</small><span class="username" data-name="Coppersmith">Coppersmith</span>:</strong> <em>yeah i think you have to spam dark pulse</em></div><div class="spacer battle-history"><br></div><div class="battle-history">Coppersmith withdrew Blissey!<br></div><div class="battle-history">Coppersmith sent out <strong>Toxapex</strong>!<br></div><div class="spacer battle-history"><br></div><div class="battle-history">Spilly is paralyzed! It can't move!<br></div><div class="spacer battle-history"><br></div><h2 class="battle-history">Turn 64</h2><div class="chat message-error">H2OPulse has 270 seconds left.</div><div class="chat chatmessage-coppersmith"><strong style="color:#0aa445"><small>☆</small><span class="username" data-name="Coppersmith">Coppersmith</span>:</strong> <em>pleasant surprise</em></div><div class="spacer battle-history"><br></div><div class="battle-history">Spilly, come back!<br></div><div class="battle-history">Go! Glove (<strong>Delphox</strong>)!<br></div><div class="spacer battle-history"><br></div><div class="battle-history">The opposing Toxapex used <strong>Knock Off</strong>!<br></div><div class="battle-history"><small>It's super effective!</small><br></div><div class="battle-history"><small>(Glove lost <abbr title="−136/354">38.4%</abbr> of its health!)</small><br></div><div class="battle-history"><small>The opposing Toxapex knocked off Glove's Eject Pack!</small><br></div><div class="spacer battle-history"><br></div><h2 class="battle-history">Turn 65</h2><div class="spacer battle-history"><br></div><div class="battle-history">Glove used <strong>Psychic</strong>!<br></div><div class="battle-history"><small>It's super effective!</small><br></div><div class="battle-history"><small>(The opposing Toxapex lost 59% of its health!)</small><br></div><div class="battle-history">[Glove's Magician]<br><small>Glove stole the opposing Toxapex's Rocky Helmet!</small><br></div><div class="spacer battle-history"><br></div><div class="battle-history">The opposing Toxapex used <strong>Scald</strong>!<br></div><div class="battle-history"><small>It's super effective!</small><br></div><div class="battle-history"><small>(Glove lost <abbr title="−102/354">28.8%</abbr> of its health!)</small><br></div><div class="spacer battle-history"><br></div><h2 class="battle-history">Turn 66</h2><div class="chat chatmessage-coppersmith"><strong style="color:#0aa445"><small>☆</small><span class="username" data-name="Coppersmith">Coppersmith</span>:</strong> <em>robbery</em></div><div class="chat chatmessage-coppersmith"><strong style="color:#0aa445"><small>☆</small><span class="username" data-name="Coppersmith">Coppersmith</span>:</strong> <em>armed robbery</em></div><div class="spacer battle-history"><br></div><div class="battle-history">Coppersmith withdrew Toxapex!<br></div><div class="battle-history">Coppersmith sent out <strong>Blissey</strong>!<br></div><div class="spacer battle-history"><br></div><div class="battle-history">Glove used <strong>Wish</strong>!<br></div><div class="spacer battle-history"><br></div><h2 class="battle-history">Turn 67</h2><div class="chat chatmessage-h2opulse mine"><strong style="color:#6e8c2b"><small>☆</small><span class="username" data-name="H2OPulse">H2OPulse</span>:</strong> <em>Pfff</em></div><div class="spacer battle-history"><br></div><div class="battle-history">Glove, come back!<br></div><div class="battle-history">Go! Spilly (<strong>Araquanid</strong>)!<br></div><div class="spacer battle-history"><br></div><div class="battle-history">The opposing Blissey used <strong>Thunder Wave</strong>!<br></div><div class="battle-history"><small>Spilly is already paralyzed!</small><br></div><div class="spacer battle-history"><br></div><div class="battle-history"><small>Glove's wish came true!</small><br></div><div class="spacer battle-history"><br></div><h2 class="battle-history">Turn 68</h2><div class="spacer battle-history"><br></div><div class="battle-history">Coppersmith withdrew Blissey!<br></div><div class="battle-history">Coppersmith sent out <strong>Toxapex</strong>!<br></div><div class="spacer battle-history"><br></div><div class="battle-history">Spilly used <strong>Liquidation</strong>!<br></div><div class="battle-history"><small>It's not very effective...</small><br></div><div class="battle-history"><small>(The opposing Toxapex lost 22% of its health!)</small><br></div><div class="spacer battle-history"><br></div><h2 class="battle-history">Turn 69</h2><div class="spacer battle-history"><br></div><div class="battle-history">The opposing Toxapex used <strong>Recover</strong>!<br></div><div class="battle-history"><small>The opposing Toxapex had its HP restored.</small><br></div><div class="spacer battle-history"><br></div><div class="battle-history">Spilly is paralyzed! It can't move!<br></div><div class="spacer battle-history"><br></div><h2 class="battle-history">Turn 70</h2><div class="spacer battle-history"><br></div><div class="battle-history">The opposing Toxapex used <strong>Toxic Spikes</strong>!<br></div><div class="battle-history"><small>Poison spikes were scattered on the ground all around your team!</small><br></div><div class="spacer battle-history"><br></div><div class="battle-history">Spilly is paralyzed! It can't move!<br></div><div class="spacer battle-history"><br></div><h2 class="battle-history">Turn 71</h2><div class="spacer battle-history"><br></div><div class="battle-history">Spilly, come back!<br></div><div class="battle-history">Go! Glove (<strong>Delphox</strong>)!<br></div><div class="battle-history"><small>Glove was poisoned!</small><br></div><div class="spacer battle-history"><br></div><div class="battle-history">The opposing Toxapex used <strong>Knock Off</strong>!<br></div><div class="battle-history"><small>It's super effective!</small><br></div><div class="battle-history"><small>(Glove lost <abbr title="−116/354">32.8%</abbr> of its health!)</small><br></div><div class="battle-history"><small>The opposing Toxapex was hurt by the Rocky Helmet!</small><br></div><div class="battle-history"><small>The opposing Toxapex knocked off Glove's Rocky Helmet!</small><br></div><div class="spacer battle-history"><br></div><div class="battle-history">Glove fainted!<br></div><div class="chat chatmessage-coppersmith"><strong style="color:#0aa445"><small>☆</small><span class="username" data-name="Coppersmith">Coppersmith</span>:</strong> <em>success</em></div><div class="spacer battle-history"><br></div><div class="battle-history">Go! Spilly (<strong>Araquanid</strong>)!<br></div><div class="spacer battle-history"><br></div><h2 class="battle-history">Turn 72</h2><div class="chat chatmessage-coppersmith"><strong style="color:#0aa445"><small>☆</small><span class="username" data-name="Coppersmith">Coppersmith</span>:</strong> <em>pp stall round two</em></div><div class="chat chatmessage-h2opulse mine"><strong style="color:#6e8c2b"><small>☆</small><span class="username" data-name="H2OPulse">H2OPulse</span>:</strong> <em>Ppffff</em></div><div class="chat chatmessage-coppersmith"><strong style="color:#0aa445"><small>☆</small><span class="username" data-name="Coppersmith">Coppersmith</span>:</strong> <em>rocky helmet would be nice to have</em></div><div class="chat message-error">Coppersmith has 270 seconds left.</div><div class="chat chatmessage-coppersmith"><strong style="color:#0aa445"><small>☆</small><span class="username" data-name="Coppersmith">Coppersmith</span>:</strong> <em>how dare you steal it</em></div><div class="spacer battle-history"><br></div><div class="battle-history">The opposing Toxapex used <strong>Knock Off</strong>!<br></div><div class="battle-history"><small>(Spilly lost <abbr title="−59/294">20.1%</abbr> of its health!)</small><br></div><div class="battle-history"><small>The opposing Toxapex knocked off Spilly's Heavy-Duty Boots!</small><br></div><div class="spacer battle-history"><br></div><div class="battle-history">Spilly used <strong>Liquidation</strong>!<br></div><div class="battle-history"><small>It's not very effective...</small><br></div><div class="battle-history"><small>(The opposing Toxapex lost 20% of its health!)</small><br></div><div class="spacer battle-history"><br></div><h2 class="battle-history">Turn 73</h2><div class="chat message-error">Coppersmith has 270 seconds left.</div><div class="chat chatmessage-h2opulse mine"><strong style="color:#6e8c2b"><small>☆</small><span class="username" data-name="H2OPulse">H2OPulse</span>:</strong> <em><s>that was actually the entire reason I did that believe it or not</s></em></div><div class="chat chatmessage-coppersmith"><strong style="color:#0aa445"><small>☆</small><span class="username" data-name="Coppersmith">Coppersmith</span>:</strong> <em><s>galaxy brain</s></em></div><div class="chat chatmessage-h2opulse mine"><strong style="color:#6e8c2b"><small>☆</small><span class="username" data-name="H2OPulse">H2OPulse</span>:</strong> <em><s>it was not at all safe to use Spilly as long as Toxapex had that</s></em></div><div class="chat chatmessage-h2opulse mine"><strong style="color:#6e8c2b"><small>☆</small><span class="username" data-name="H2OPulse">H2OPulse</span>:</strong> <em><s>I was relieved that you stayed in to take the Psychic</s></em></div><div class="spacer battle-history"><br></div><div class="battle-history">The opposing Toxapex used <strong>Recover</strong>!<br></div><div class="battle-history"><small>The opposing Toxapex had its HP restored.</small><br></div><div class="spacer battle-history"><br></div><div class="battle-history">Spilly used <strong>Liquidation</strong>!<br></div><div class="battle-history"><small>It's not very effective...</small><br></div><div class="battle-history"><small>(The opposing Toxapex lost 18% of its health!)</small><br></div><div class="battle-history"><small>The opposing Toxapex's Defense fell!</small><br></div><div class="spacer battle-history"><br></div><h2 class="battle-history">Turn 74</h2><div class="chat message-error">Coppersmith has 270 seconds left.</div><div class="spacer battle-history"><br></div><div class="battle-history">The opposing Toxapex used <strong>Scald</strong>!<br></div><div class="battle-history"><small>It's not very effective...</small><br></div><div class="battle-history"><small>(Spilly lost <abbr title="−19/294">6.5%</abbr> of its health!)</small><br></div><div class="spacer battle-history"><br></div><div class="battle-history">Spilly used <strong>Liquidation</strong>!<br></div><div class="battle-history"><small>It's not very effective...</small><br></div><div class="battle-history"><small>(The opposing Toxapex lost 27% of its health!)</small><br></div><div class="spacer battle-history"><br></div><h2 class="battle-history">Turn 75</h2><div class="spacer battle-history"><br></div><div class="battle-history">The opposing Toxapex used <strong>Recover</strong>!<br></div><div class="battle-history"><small>The opposing Toxapex had its HP restored.</small><br></div><div class="spacer battle-history"><br></div><div class="battle-history">Spilly is paralyzed! It can't move!<br></div><div class="spacer battle-history"><br></div><h2 class="battle-history">Turn 76</h2><div class="chat chatmessage-coppersmith"><strong style="color:#0aa445"><small>☆</small><span class="username" data-name="Coppersmith">Coppersmith</span>:</strong> <em>i immensely dislike this situation regardless</em></div><div class="spacer battle-history"><br></div><div class="battle-history">The opposing Toxapex used <strong>Knock Off</strong>!<br></div><div class="battle-history"><small>(Spilly lost <abbr title="−39/294">13.3%</abbr> of its health!)</small><br></div><div class="spacer battle-history"><br></div><div class="battle-history">Spilly is paralyzed! It can't move!<br></div><div class="spacer battle-history"><br></div><h2 class="battle-history">Turn 77</h2><div class="chat message-error">[Invalid choice] Sorry, too late to cancel; the next turn has already started</div><div class="spacer battle-history"><br></div><div class="battle-history">The opposing Toxapex used <strong>Knock Off</strong>!<br></div><div class="battle-history"><small>(Spilly lost <abbr title="−39/294">13.3%</abbr> of its health!)</small><br></div><div class="spacer battle-history"><br></div><div class="battle-history">Spilly used <strong>Leech Life</strong>!<br></div><div class="battle-history"><small>It's not very effective...</small><br></div><div class="battle-history"><small>(The opposing Toxapex lost 13% of its health!)</small><br></div><div class="battle-history"><small>The opposing Toxapex had its energy drained!</small><br></div><div class="spacer battle-history"><br></div><h2 class="battle-history">Turn 78</h2><div class="spacer battle-history"><br></div><div class="battle-history">The opposing Toxapex used <strong>Knock Off</strong>!<br></div><div class="battle-history"><small>(Spilly lost <abbr title="−36/294">12.2%</abbr> of its health!)</small><br></div><div class="spacer battle-history"><br></div><div class="battle-history">Spilly used <strong>Leech Life</strong>!<br></div><div class="battle-history"><small>It's not very effective...</small><br></div><div class="battle-history"><small>(The opposing Toxapex lost 13% of its health!)</small><br></div><div class="battle-history"><small>The opposing Toxapex had its energy drained!</small><br></div><div class="spacer battle-history"><br></div><h2 class="battle-history">Turn 79</h2><div class="chat chatmessage-coppersmith"><strong style="color:#0aa445"><small>☆</small><span class="username" data-name="Coppersmith">Coppersmith</span>:</strong> <em>i barely outdamage your healing... oy vey</em></div><div class="spacer battle-history"><br></div><div class="battle-history">The opposing Toxapex used <strong>Knock Off</strong>!<br></div><div class="battle-history"><small>(Spilly lost <abbr title="−41/294">13.9%</abbr> of its health!)</small><br></div><div class="spacer battle-history"><br></div><div class="battle-history">Spilly used <strong>Leech Life</strong>!<br></div><div class="battle-history"><small>It's not very effective...</small><br></div><div class="battle-history"><small>(The opposing Toxapex lost 13% of its health!)</small><br></div><div class="battle-history"><small>The opposing Toxapex had its energy drained!</small><br></div><div class="spacer battle-history"><br></div><h2 class="battle-history">Turn 80</h2><div class="spacer battle-history"><br></div><div class="battle-history">Spilly, come back!<br></div><div class="battle-history">Go! Sansevieria (<strong>Hydreigon-Mega</strong>)!<br></div><div class="spacer battle-history"><br></div><div class="battle-history">The opposing Toxapex used <strong>Knock Off</strong>!<br></div><div class="battle-history"><small>It's not very effective...</small><br></div><div class="battle-history"><small>(Sansevieria lost <abbr title="−16/388">4.1%</abbr> of its health!)</small><br></div><div class="spacer battle-history"><br></div><h2 class="battle-history">Turn 81</h2><div class="spacer battle-history"><br></div><div class="battle-history">Coppersmith withdrew Toxapex!<br></div><div class="battle-history">Coppersmith sent out <strong>Blissey</strong>!<br></div><div class="spacer battle-history"><br></div><div class="battle-history">Sansevieria used <strong>Draco Meteor</strong>!<br></div><div class="battle-history"><small>(The opposing Blissey lost 23% of its health!)</small><br></div><div class="battle-history"><small>Sansevieria's Sp. Atk fell harshly!</small><br></div><div class="spacer battle-history"><br></div><h2 class="battle-history">Turn 82</h2><div class="chat chatmessage-coppersmith"><strong style="color:#0aa445"><small>☆</small><span class="username" data-name="Coppersmith">Coppersmith</span>:</strong> <em>hi dreigon</em></div><div class="spacer battle-history"><br></div><div class="battle-history">Sansevieria, come back!<br></div><div class="battle-history">Go! Spilly (<strong>Araquanid</strong>)!<br></div><div class="spacer battle-history"><br></div><div class="battle-history">The opposing Blissey used <strong>Seismic Toss</strong>!<br></div><div class="battle-history"><small>(Spilly lost <abbr title="−100/294">34.0%</abbr> of its health!)</small><br></div><div class="spacer battle-history"><br></div><h2 class="battle-history">Turn 83</h2><div class="spacer battle-history"><br></div><div class="battle-history">The opposing Blissey used <strong>Seismic Toss</strong>!<br></div><div class="battle-history"><small>(Spilly lost <abbr title="−21/294">7.1%</abbr> of its health!)</small><br></div><div class="spacer battle-history"><br></div><div class="battle-history">Spilly fainted!<br></div><div class="chat chatmessage-h2opulse mine"><strong style="color:#6e8c2b"><small>☆</small><span class="username" data-name="H2OPulse">H2OPulse</span>:</strong> <em>Oofff that wasn't smart of me</em></div><div class="chat chatmessage-h2opulse mine"><strong style="color:#6e8c2b"><small>☆</small><span class="username" data-name="H2OPulse">H2OPulse</span>:</strong> <em>Good game!!!</em></div><div class="spacer battle-history"><br></div><div class="battle-history">Go! Sansevieria (<strong>Hydreigon-Mega</strong>)!<br></div><div class="spacer battle-history"><br></div><h2 class="battle-history">Turn 84</h2><div class="chat chatmessage-h2opulse mine"><strong style="color:#6e8c2b"><small>☆</small><span class="username" data-name="H2OPulse">H2OPulse</span>:</strong> <em><s>do you want me to use the last 8 Dark Pulses first or should I forfeit</s></em></div><div class="chat chatmessage-coppersmith"><strong style="color:#0aa445"><small>☆</small><span class="username" data-name="Coppersmith">Coppersmith</span>:</strong> <em>good game! too bad we didn't get to see more of clef</em></div><div class="chat chatmessage-coppersmith"><strong style="color:#0aa445"><small>☆</small><span class="username" data-name="Coppersmith">Coppersmith</span>:</strong> <em>up to you</em></div><div class="chat message-error">Coppersmith has 270 seconds left.</div><div class="chat chatmessage-h2opulse mine"><strong style="color:#6e8c2b"><small>☆</small><span class="username" data-name="H2OPulse">H2OPulse</span>:</strong> <em>Yeah haha</em></div><div class="chat chatmessage-h2opulse mine"><strong style="color:#6e8c2b"><small>☆</small><span class="username" data-name="H2OPulse">H2OPulse</span>:</strong> <em>Clefable is one I've found hard to use myself! It actually used to be the Mega on this very team</em></div><div class="chat chatmessage-h2opulse mine"><strong style="color:#6e8c2b"><small>☆</small><span class="username" data-name="H2OPulse">H2OPulse</span>:</strong> <em>I'll forfeit! You've obviously earned it XP</em></div><div class="spacer battle-history"><br></div><div class="battle-history"><small>H2OPulse forfeited.</small><br></div><div class="spacer battle-history"><br></div><div class="battle-history"><strong>Coppersmith</strong> won the battle!<br></div><div class="chat chatmessage-coppersmith"><strong style="color:#0aa445"><small>☆</small><span class="username" data-name="Coppersmith">Coppersmith</span>:</strong> <em>good game! I gotta go</em></div><div class="chat chatmessage-coppersmith"><strong style="color:#0aa445"><small>☆</small><span class="username" data-name="Coppersmith">Coppersmith</span>:</strong> <em>thanks so much for playing me</em></div><div class="chat chatmessage-h2opulse mine"><strong style="color:#6e8c2b"><small>☆</small><span class="username" data-name="H2OPulse">H2OPulse</span>:</strong> <em>Ah, nice, okay! This was fun though!! Thanks for battling me too : D</em></div><div class="chat chatmessage-coppersmith"><strong style="color:#0aa445"><small>☆</small><span class="username" data-name="Coppersmith">Coppersmith</span>:</strong> <em><s>slowking is still a terror</s></em></div><div class="chat chatmessage-h2opulse mine"><strong style="color:#6e8c2b"><small>☆</small><span class="username" data-name="H2OPulse">H2OPulse</span>:</strong> <em><s>yes.</s></em></div></div><div class="inner-preempt message-log"></div></div></div>
</div>
<script>
let daily = Math.floor(Date.now()/1000/60/60/24);document.write('<script src="https://play.pokemonshowdown.com/js/replay-embed.js?version'+daily+'"></'+'script>');
</script>
