<!DOCTYPE html>
<meta charset="utf-8" />
<!-- version 1 -->
<title>[Gen 8] Megas for All replay: TheUltraFinder vs. pitterpatter5786</title>
<style>
html,body {font-family:Verdana, sans-serif;font-size:10pt;margin:0;padding:0;}body{padding:12px 0;} .battle-log {font-family:Verdana, sans-serif;font-size:10pt;} .battle-log-inline {border:1px solid #AAAAAA;background:#EEF2F5;color:black;max-width:640px;margin:0 auto 80px;padding-bottom:5px;} .battle-log .inner {padding:4px 8px 0px 8px;} .battle-log .inner-preempt {padding:0 8px 4px 8px;} .battle-log .inner-after {margin-top:0.5em;} .battle-log h2 {margin:0.5em -8px;padding:4px 8px;border:1px solid #AAAAAA;background:#E0E7EA;border-left:0;border-right:0;font-family:Verdana, sans-serif;font-size:13pt;} .battle-log .chat {vertical-align:middle;padding:3px 0 3px 0;font-size:8pt;} .battle-log .chat strong {color:#40576A;} .battle-log .chat em {padding:1px 4px 1px 3px;color:#000000;font-style:normal;} .chat.mine {background:rgba(0,0,0,0.05);margin-left:-8px;margin-right:-8px;padding-left:8px;padding-right:8px;} .spoiler {color:#BBBBBB;background:#BBBBBB;padding:0px 3px;} .spoiler:hover, .spoiler:active, .spoiler-shown {color:#000000;background:#E2E2E2;padding:0px 3px;} .spoiler a {color:#BBBBBB;} .spoiler:hover a, .spoiler:active a, .spoiler-shown a {color:#2288CC;} .chat code, .chat .spoiler:hover code, .chat .spoiler:active code, .chat .spoiler-shown code {border:1px solid #C0C0C0;background:#EEEEEE;color:black;padding:0 2px;} .chat .spoiler code {border:1px solid #CCCCCC;background:#CCCCCC;color:#CCCCCC;} .battle-log .rated {padding:3px 4px;} .battle-log .rated strong {color:white;background:#89A;padding:1px 4px;border-radius:4px;} .spacer {margin-top:0.5em;} .message-announce {background:#6688AA;color:white;padding:1px 4px 2px;} .message-announce a, .broadcast-green a, .broadcast-blue a, .broadcast-red a {color:#DDEEFF;} .broadcast-green {background-color:#559955;color:white;padding:2px 4px;} .broadcast-blue {background-color:#6688AA;color:white;padding:2px 4px;} .infobox {border:1px solid #6688AA;padding:2px 4px;} .infobox-limited {max-height:200px;overflow:auto;overflow-x:hidden;} .broadcast-red {background-color:#AA5544;color:white;padding:2px 4px;} .message-learn-canlearn {font-weight:bold;color:#228822;text-decoration:underline;} .message-learn-cannotlearn {font-weight:bold;color:#CC2222;text-decoration:underline;} .message-effect-weak {font-weight:bold;color:#CC2222;} .message-effect-resist {font-weight:bold;color:#6688AA;} .message-effect-immune {font-weight:bold;color:#666666;} .message-learn-list {margin-top:0;margin-bottom:0;} .message-throttle-notice, .message-error {color:#992222;} .message-overflow, .chat small.message-overflow {font-size:0pt;} .message-overflow::before {font-size:9pt;content:'...';} .subtle {color:#3A4A66;}
</style>
<div class="wrapper replay-wrapper" style="max-width:1180px;margin:0 auto">
<input type="hidden" name="replayid" value="dragonheaven-gen8megasforall-271" />
<div class="battle"></div><div class="battle-log"></div><div class="replay-controls"></div><div class="replay-controls-2"></div>
<h1 style="font-weight:normal;text-align:center"><strong>[Gen 8] Megas for All</strong><br /><a href="http://pokemonshowdown.com/users/theultrafinder" class="subtle" target="_blank">TheUltraFinder</a> vs. <a href="http://pokemonshowdown.com/users/pitterpatter5786" class="subtle" target="_blank">pitterpatter5786</a></h1>
<script type="text/plain" class="battle-log-data">|j|☆TheUltraFinder
|j|☆pitterpatter5786
|t:|1617392700
|player|p1|TheUltraFinder|ethan|
|player|p2|pitterpatter5786|169|
|teamsize|p1|6
|teamsize|p2|6
|gametype|singles
|gen|8
|tier|[Gen 8] Megas for All
|rated|Tournament battle
|clearpoke
|poke|p1|Porygon-Z|
|poke|p1|Landorus-Therian, M|
|poke|p1|Clefable, F|
|poke|p1|Toxapex, F|
|poke|p1|Salamence, M|
|poke|p1|Celebi|
|poke|p2|Porygon-Z|
|poke|p2|Toxapex, F|
|poke|p2|Tangrowth, M|
|poke|p2|Mienshao, F|
|poke|p2|Reuniclus, F|
|poke|p2|Bisharp, M|
|rule|HP Percentage Mod: HP is shown in percentages
|rule|Endless Battle Clause: Forcing endless battles is banned
|rule|OHKO Clause: OHKO moves are banned
|rule|Evasion Moves Clause: Evasion moves are banned
|rule|Species Clause: Limit one of each Pokémon
|rule|Dynamax Clause: You cannot dynamax
|rule|Sleep Clause Mod: Limit one foe put to sleep
|rule|Freeze Clause Mod: Limit one foe frozen
|raw|<img src="https:\/\/www.smogon.com\/forums\/attachments\/banner_2-png.302358\/" height="65" width="381">
|-message|Welcome to Megas for All!
|-message|This is a National Dex-based format where we aim to give a new Mega Evolution to every Pokémon.
|-message|Just like any official format, you can still only Mega Evolve one Pokémon per team!
|-message|You can find our thread and metagame resources here:
|-message|https:\/\/www.smogon.com\/forums\/threads\/3671140\/
|teampreview
|c|☆pitterpatter5786|glhf
|j|#inkbug1

|inactive|Battle timer is ON: inactive players will automatically lose when time's up. (requested by pitterpatter5786)
|c|☆TheUltraFinder|gl hf
|
|t:|1617392718
|start
|switch|p1a: Eden|Landorus-Therian, M|100\/100
|switch|p2a: Wolverine|Mienshao, F|100\/100
|-ability|p1a: Eden|Intimidate|boost
|-unboost|p2a: Wolverine|atk|1
|turn|1
|
|t:|1617392724
|move|p2a: Wolverine|Parting Shot|p1a: Eden
|-unboost|p1a: Eden|atk|1
|-unboost|p1a: Eden|spa|1
|
|t:|1617392733
|switch|p2a: Bannedana|Toxapex, F, shiny|100\/100|[from]move: Parting Shot
|move|p1a: Eden|Stealth Rock|p2a: Bannedana
|-sidestart|p2: pitterpatter5786|move: Stealth Rock
|
|upkeep
|turn|2
|
|t:|1617392739
|move|p1a: Eden|Earthquake|p2a: Bannedana
|-supereffective|p2a: Bannedana
|-damage|p2a: Bannedana|53\/100
|move|p2a: Bannedana|Liquidation|p1a: Eden
|-supereffective|p1a: Eden
|-damage|p1a: Eden|33\/100
|
|-heal|p1a: Eden|39\/100|[from] item: Leftovers
|upkeep
|turn|3
|
|t:|1617392746
|move|p1a: Eden|Earthquake|p2a: Bannedana
|-supereffective|p2a: Bannedana
|-damage|p2a: Bannedana|7\/100
|move|p2a: Bannedana|Liquidation|p1a: Eden
|-supereffective|p1a: Eden
|-damage|p1a: Eden|0 fnt
|faint|p1a: Eden
|
|upkeep
|
|t:|1617392753
|switch|p1a: Dungeonmaster|Salamence, M|100\/100
|turn|4
|
|t:|1617392765
|switch|p2a: Deadpool|Tangrowth, M|100\/100
|-damage|p2a: Deadpool|88\/100|[from] Stealth Rock
|move|p1a: Dungeonmaster|Dragon Dance|p1a: Dungeonmaster
|-boost|p1a: Dungeonmaster|atk|1
|-boost|p1a: Dungeonmaster|spe|1
|
|upkeep
|turn|5
|
|t:|1617392790
|move|p1a: Dungeonmaster|Dragon Claw|p2a: Deadpool
|-damage|p2a: Deadpool|52\/100
|-damage|p1a: Dungeonmaster|84\/100|[from] item: Rocky Helmet|[of] p2a: Deadpool
|move|p2a: Deadpool|Knock Off|p1a: Dungeonmaster
|-damage|p1a: Dungeonmaster|55\/100
|-enditem|p1a: Dungeonmaster|Expert Belt|[from] move: Knock Off|[of] p2a: Deadpool
|
|upkeep
|turn|6
|
|t:|1617392801
|switch|p1a: Bulbasaur?|Porygon-Z|100\/100
|-ability|p1a: Bulbasaur?|Download|boost
|-boost|p1a: Bulbasaur?|spa|1
|move|p2a: Deadpool|Sludge Bomb|p1a: Bulbasaur?
|-damage|p1a: Bulbasaur?|68\/100
|
|upkeep
|turn|7
|c|☆pitterpatter5786|oh no
|inactive|pitterpatter5786 has 120 seconds left.
|
|t:|1617392823
|switch|p2a: Stabby|Bisharp, M|100\/100
|-damage|p2a: Stabby|95\/100|[from] Stealth Rock
|detailschange|p1a: Bulbasaur?|Porygon-Z-Mega
|-mega|p1a: Bulbasaur?|Porygon-Z|Porygonite-Z
|-start|p1a: Bulbasaur?|typechange|Psychic|[silent]
|raw|<ul class="utilichart"><li class="result"><span class="col pokemonnamecol" style="white-space: nowrap">Porygon-Z-Mega<\/span> <span class="col typecol"><img src="https:\/\/play.pokemonshowdown.com\/sprites\/types\/Psychic.png" alt="Psychic" height="14" width="32"><\/span> <span style="float: left ; min-height: 26px"><span class="col abilitycol">Conversion-Z<\/span><span class="col abilitycol"><\/span><\/span><span style="float: left ; min-height: 26px"><span class="col statcol"><em>HP<\/em><br>85<\/span> <span class="col statcol"><em>Atk<\/em><br>185<\/span> <span class="col statcol"><em>Def<\/em><br>100<\/span> <span class="col statcol"><em>SpA<\/em><br>80<\/span> <span class="col statcol"><em>SpD<\/em><br>100<\/span> <span class="col statcol"><em>Spe<\/em><br>100<\/span> <\/span><\/li><li style="clear: both"><\/li><\/ul>
|move|p1a: Bulbasaur?|Ice Beam|p2a: Stabby
|-resisted|p2a: Stabby
|-damage|p2a: Stabby|66\/100
|-status|p2a: Stabby|frz
|
|upkeep
|turn|8
|inactive|pitterpatter5786 has 120 seconds left.
|c|#inkbug1|i
|c|☆TheUltraFinder|:pog:
|c|☆pitterpatter5786|i call haxx
|c|#inkbug1|the bad luck on the type and the freeze luck in the same turn
|c|#inkbug1|akjshdaskjdh
|inactive|pitterpatter5786 has 90 seconds left.
|
|t:|1617392867
|switch|p2a: Wolverine|Mienshao, F|100\/100
|-damage|p2a: Wolverine|95\/100|[from] Stealth Rock
|move|p1a: Bulbasaur?|Thunderbolt|p2a: Wolverine
|-damage|p2a: Wolverine|30\/100
|
|upkeep
|turn|9
|
|t:|1617392886
|move|p2a: Wolverine|Knock Off|p1a: Bulbasaur?
|-supereffective|p1a: Bulbasaur?
|-damage|p1a: Bulbasaur?|22\/100
|move|p1a: Bulbasaur?|Revelation Dance|p2a: Wolverine
|-supereffective|p2a: Wolverine
|-damage|p2a: Wolverine|0 fnt
|faint|p2a: Wolverine
|
|upkeep
|inactive|pitterpatter5786 has 90 seconds left.
|
|t:|1617392908
|switch|p2a: Mitosis|Reuniclus, F|100\/100
|-damage|p2a: Mitosis|88\/100|[from] Stealth Rock
|turn|10
|c|☆TheUltraFinder|.
|
|t:|1617392914
|move|p1a: Bulbasaur?|Conversion 2||[still]
|-ability|p1a: Bulbasaur?|Conversion-Z
|-fail|p1a: Bulbasaur?
|move|p2a: Mitosis|Shadow Ball|p1a: Bulbasaur?
|-supereffective|p1a: Bulbasaur?
|-damage|p1a: Bulbasaur?|0 fnt
|faint|p1a: Bulbasaur?
|
|-heal|p2a: Mitosis|94\/100|[from] item: Leftovers
|upkeep
|
|t:|1617392924
|switch|p1a: Dungeonmaster|Salamence, M|55\/100
|turn|11
|
|t:|1617392930
|move|p1a: Dungeonmaster|Dragon Dance|p1a: Dungeonmaster
|-boost|p1a: Dungeonmaster|atk|1
|-boost|p1a: Dungeonmaster|spe|1
|move|p2a: Mitosis|Parting Shot|p1a: Dungeonmaster
|-unboost|p1a: Dungeonmaster|atk|1
|-unboost|p1a: Dungeonmaster|spa|1
|
|t:|1617392937
|switch|p2a: The Fool|Porygon-Z|100\/100|[from]move: Parting Shot
|-damage|p2a: The Fool|88\/100|[from] Stealth Rock
|-ability|p2a: The Fool|Download|boost
|-boost|p2a: The Fool|atk|1
|
|upkeep
|turn|12
|inactive|pitterpatter5786 has 90 seconds left.
|
|t:|1617392966
|detailschange|p2a: The Fool|Porygon-Z-Mega
|-mega|p2a: The Fool|Porygon-Z|Porygonite-Z
|-start|p2a: The Fool|typechange|Psychic|[silent]
|raw|<ul class="utilichart"><li class="result"><span class="col pokemonnamecol" style="white-space: nowrap">Porygon-Z-Mega<\/span> <span class="col typecol"><img src="https:\/\/play.pokemonshowdown.com\/sprites\/types\/Psychic.png" alt="Psychic" height="14" width="32"><\/span> <span style="float: left ; min-height: 26px"><span class="col abilitycol">Conversion-Z<\/span><span class="col abilitycol"><\/span><\/span><span style="float: left ; min-height: 26px"><span class="col statcol"><em>HP<\/em><br>85<\/span> <span class="col statcol"><em>Atk<\/em><br>185<\/span> <span class="col statcol"><em>Def<\/em><br>100<\/span> <span class="col statcol"><em>SpA<\/em><br>80<\/span> <span class="col statcol"><em>SpD<\/em><br>100<\/span> <span class="col statcol"><em>Spe<\/em><br>100<\/span> <\/span><\/li><li style="clear: both"><\/li><\/ul>
|move|p1a: Dungeonmaster|Dragon Dance|p1a: Dungeonmaster
|-boost|p1a: Dungeonmaster|atk|1
|-boost|p1a: Dungeonmaster|spe|1
|move|p2a: The Fool|Revelation Dance|p1a: Dungeonmaster
|-damage|p1a: Dungeonmaster|10\/100
|
|upkeep
|turn|13
|inactive|pitterpatter5786 has 90 seconds left.
|inactive|TheUltraFinder has 120 seconds left.
|
|t:|1617392996
|switch|p2a: Deadpool|Tangrowth, M|85\/100
|-damage|p2a: Deadpool|72\/100|[from] Stealth Rock
|move|p1a: Dungeonmaster|Dragon Claw|p2a: Deadpool
|-crit|p2a: Deadpool
|-damage|p2a: Deadpool|16\/100
|-damage|p1a: Dungeonmaster|0 fnt|[from] item: Rocky Helmet|[of] p2a: Deadpool
|faint|p1a: Dungeonmaster
|
|upkeep
|inactive|TheUltraFinder has 120 seconds left.
|
|t:|1617393004
|switch|p1a: bebi|Clefable, F|100\/100
|turn|14
|
|t:|1617393008
|switch|p2a: Bannedana|Toxapex, F, shiny|41\/100
|-damage|p2a: Bannedana|29\/100|[from] Stealth Rock
|move|p1a: bebi|Cosmic Power|p1a: bebi
|-boost|p1a: bebi|def|1
|-boost|p1a: bebi|spd|1
|
|upkeep
|turn|15
|inactive|TheUltraFinder has 120 seconds left.
|inactive|TheUltraFinder has 90 seconds left.
|
|t:|1617393071
|move|p1a: bebi|Cosmic Power|p1a: bebi
|-boost|p1a: bebi|def|1
|-boost|p1a: bebi|spd|1
|move|p2a: Bannedana|Gunk Shot|p1a: bebi
|-supereffective|p1a: bebi
|-damage|p1a: bebi|32\/100
|
|-heal|p1a: bebi|38\/100|[from] item: Leftovers
|upkeep
|turn|16
|
|t:|1617393080
|switch|p1a: Dielebi|Celebi|100\/100
|move|p2a: Bannedana|Gunk Shot|p1a: Dielebi
|-supereffective|p1a: Dielebi
|-damage|p1a: Dielebi|0 fnt
|faint|p1a: Dielebi
|
|upkeep
|
|t:|1617393086
|switch|p1a: Not Bandana|Toxapex, F|100\/100
|turn|17
|inactive|pitterpatter5786 has 120 seconds left.
|
|t:|1617393094
|switch|p2a: Mitosis|Reuniclus, F|100\/100
|-damage|p2a: Mitosis|88\/100|[from] Stealth Rock
|move|p1a: Not Bandana|Knock Off|p2a: Mitosis
|-supereffective|p2a: Mitosis
|-damage|p2a: Mitosis|57\/100
|-enditem|p2a: Mitosis|Leftovers|[from] move: Knock Off|[of] p1a: Not Bandana
|
|upkeep
|turn|18
|inactive|TheUltraFinder has 90 seconds left.
|inactive|TheUltraFinder has 60 seconds left.
|
|t:|1617393157
|move|p1a: Not Bandana|Toxic Spikes|p2a: Mitosis
|-sidestart|p2: pitterpatter5786|move: Toxic Spikes
|move|p2a: Mitosis|Future Sight|p1a: Not Bandana
|-start|p2a: Mitosis|move: Future Sight
|
|upkeep
|turn|19
|
|t:|1617393164
|switch|p2a: Bannedana|Toxapex, F, shiny|62\/100
|-sideend|p2: pitterpatter5786|move: Toxic Spikes|[of] p2a: Bannedana
|-damage|p2a: Bannedana|50\/100|[from] Stealth Rock
|move|p1a: Not Bandana|Knock Off|p2a: Bannedana
|-damage|p2a: Bannedana|37\/100
|-enditem|p2a: Bannedana|Choice Band|[from] move: Knock Off|[of] p1a: Not Bandana
|
|upkeep
|turn|20
|inactive|TheUltraFinder has 60 seconds left.
|inactive|pitterpatter5786 has 120 seconds left.
|
|t:|1617393201
|move|p2a: Bannedana|Parting Shot|p1a: Not Bandana
|-unboost|p1a: Not Bandana|atk|1
|-unboost|p1a: Not Bandana|spa|1
|
|t:|1617393205
|switch|p2a: Deadpool|Tangrowth, M|49\/100|[from]move: Parting Shot
|-damage|p2a: Deadpool|36\/100|[from] Stealth Rock
|move|p1a: Not Bandana|Parting Shot|p2a: Deadpool
|-unboost|p2a: Deadpool|atk|1
|-unboost|p2a: Deadpool|spa|1
|inactive|TheUltraFinder has 30 seconds left.
|inactive|TheUltraFinder has 20 seconds left.
|inactive|TheUltraFinder has 15 seconds left.
|inactive|TheUltraFinder has 10 seconds left.
|inactive|TheUltraFinder has 5 seconds left.
|-message|TheUltraFinder lost due to inactivity.
|
|win|pitterpatter5786
|l|☆pitterpatter5786
|c|☆TheUltraFinder|gg
|l|☆TheUltraFinder</script>
</div>
<div class="battle-log battle-log-inline"><div class="inner"><div class="battle-options"><div style="padding-top: 3px; padding-right: 3px; text-align: right"><button class="icon button" name="openBattleOptions" title="Options">Battle Options</button></div></div><div class="inner message-log"><div class="chat"><small>☆TheUltraFinder and ☆pitterpatter5786 joined</small></div><div class=""><small>Format:</small> <br><strong>[Gen 8] Megas for All</strong></div><div class="rated"><strong>Tournament battle</strong></div><div class=""><small><em>HP Percentage Mod:</em> HP is shown in percentages</small></div><div class=""><small><em>Endless Battle Clause:</em> Forcing endless battles is banned</small></div><div class=""><small><em>OHKO Clause:</em> OHKO moves are banned</small></div><div class=""><small><em>Evasion Moves Clause:</em> Evasion moves are banned</small></div><div class=""><small><em>Species Clause:</em> Limit one of each Pokémon</small></div><div class=""><small><em>Dynamax Clause:</em> You cannot dynamax</small></div><div class=""><small><em>Sleep Clause Mod:</em> Limit one foe put to sleep</small></div><div class=""><small><em>Freeze Clause Mod:</em> Limit one foe frozen</small></div><div class="chat"><img src="https://www.smogon.com/forums/attachments/banner_2-png.302358/" height="65" width="381"></div><div class="spacer battle-history"><br></div><div class="battle-history"><small>Welcome to Megas for All!</small><br></div><div class="battle-history"><small>This is a National Dex-based format where we aim to give a new Mega Evolution to every Pokémon.</small><br></div><div class="battle-history"><small>Just like any official format, you can still only Mega Evolve one Pokémon per team!</small><br></div><div class="battle-history"><small>You can find our thread and metagame resources here:</small><br></div><div class="battle-history"><small>https://www.smogon.com/forums/threads/3671140/</small><br></div><div class="chat battle-history"><strong>TheUltraFinder's team:</strong> <em style="color:#445566;display:block;">Porygon-Z / Landorus-Therian / Clefable / Toxapex / Salamence / Celebi</em></div><div class="chat battle-history"><strong>pitterpatter5786's team:</strong> <em style="color:#445566;display:block;">Porygon-Z / Toxapex / Tangrowth / Mienshao / Reuniclus / Bisharp</em></div><div class="chat chatmessage-pitterpatter5786"><strong style="color:#b749aa"><small>☆</small><span class="username" data-name="pitterpatter5786">pitterpatter5786</span>:</strong> <em>glhf</em></div><div class="chat"><small>#inkbug1 joined</small></div><div class="chat message-error">Battle timer is ON: inactive players will automatically lose when time's up. (requested by pitterpatter5786)</div><div class="chat chatmessage-theultrafinder"><strong style="color:#946524"><small>☆</small><span class="username" data-name="TheUltraFinder">TheUltraFinder</span>:</strong> <em>gl hf</em></div><div class="spacer battle-history"><br></div><div class="battle-history">Battle started between TheUltraFinder and pitterpatter5786!<br></div><div class="spacer battle-history"><br></div><div class="battle-history">Go! Eden (<strong>Landorus-Therian</strong>)!<br></div><div class="spacer battle-history"><br></div><div class="battle-history">pitterpatter5786 sent out Wolverine (<strong>Mienshao</strong>)!<br></div><div class="battle-history">[Eden's Intimidate]<br></div><div class="battle-history"><small>The opposing Wolverine's Attack fell!</small><br></div><div class="spacer battle-history"><br></div><h2 class="battle-history">Turn 1</h2><div class="spacer battle-history"><br></div><div class="battle-history">The opposing Wolverine used <strong>Parting Shot</strong>!<br></div><div class="battle-history"><small>Eden's Attack fell!</small><br></div><div class="battle-history"><small>Eden's Sp. Atk fell!</small><br></div><div class="spacer battle-history"><br></div><div class="battle-history">pitterpatter5786 withdrew Wolverine!<br></div><div class="battle-history">pitterpatter5786 sent out Bannedana (<strong>Toxapex</strong>)!<br></div><div class="spacer battle-history"><br></div><div class="battle-history">Eden used <strong>Stealth Rock</strong>!<br></div><div class="battle-history"><small>Pointed stones float in the air around the opposing team!</small><br></div><div class="spacer battle-history"><br></div><h2 class="battle-history">Turn 2</h2><div class="spacer battle-history"><br></div><div class="battle-history">Eden used <strong>Earthquake</strong>!<br></div><div class="battle-history"><small>It's super effective!</small><br></div><div class="battle-history"><small>(The opposing Bannedana lost 47% of its health!)</small><br></div><div class="spacer battle-history"><br></div><div class="battle-history">The opposing Bannedana used <strong>Liquidation</strong>!<br></div><div class="battle-history"><small>It's super effective!</small><br></div><div class="battle-history"><small>(Eden lost 67% of its health!)</small><br></div><div class="spacer battle-history"><br></div><div class="battle-history"><small>Eden restored a little HP using its Leftovers!</small><br></div><div class="spacer battle-history"><br></div><h2 class="battle-history">Turn 3</h2><div class="spacer battle-history"><br></div><div class="battle-history">Eden used <strong>Earthquake</strong>!<br></div><div class="battle-history"><small>It's super effective!</small><br></div><div class="battle-history"><small>(The opposing Bannedana lost 46% of its health!)</small><br></div><div class="spacer battle-history"><br></div><div class="battle-history">The opposing Bannedana used <strong>Liquidation</strong>!<br></div><div class="battle-history"><small>It's super effective!</small><br></div><div class="battle-history"><small>(Eden lost 39% of its health!)</small><br></div><div class="spacer battle-history"><br></div><div class="battle-history">Eden fainted!<br></div><div class="spacer battle-history"><br></div><div class="battle-history">Go! Dungeonmaster (<strong>Salamence</strong>)!<br></div><div class="spacer battle-history"><br></div><h2 class="battle-history">Turn 4</h2><div class="spacer battle-history"><br></div><div class="battle-history">pitterpatter5786 withdrew Bannedana!<br></div><div class="battle-history">pitterpatter5786 sent out Deadpool (<strong>Tangrowth</strong>)!<br></div><div class="battle-history"><small>Pointed stones dug into the opposing Deadpool!</small><br></div><div class="spacer battle-history"><br></div><div class="battle-history">Dungeonmaster used <strong>Dragon Dance</strong>!<br></div><div class="battle-history"><small>Dungeonmaster's Attack rose!</small><br></div><div class="battle-history"><small>Dungeonmaster's Speed rose!</small><br></div><div class="spacer battle-history"><br></div><h2 class="battle-history">Turn 5</h2><div class="spacer battle-history"><br></div><div class="battle-history">Dungeonmaster used <strong>Dragon Claw</strong>!<br></div><div class="battle-history"><small>(The opposing Deadpool lost 36% of its health!)</small><br></div><div class="battle-history"><small>Dungeonmaster was hurt by the Rocky Helmet!</small><br></div><div class="spacer battle-history"><br></div><div class="battle-history">The opposing Deadpool used <strong>Knock Off</strong>!<br></div><div class="battle-history"><small>(Dungeonmaster lost 29% of its health!)</small><br></div><div class="battle-history"><small>The opposing Deadpool knocked off Dungeonmaster's Expert Belt!</small><br></div><div class="spacer battle-history"><br></div><h2 class="battle-history">Turn 6</h2><div class="spacer battle-history"><br></div><div class="battle-history">Dungeonmaster, come back!<br></div><div class="battle-history">Go! Bulbasaur? (<strong>Porygon-Z</strong>)!<br></div><div class="battle-history">[Bulbasaur?'s Download]<br></div><div class="battle-history"><small>Bulbasaur?'s Sp. Atk rose!</small><br></div><div class="spacer battle-history"><br></div><div class="battle-history">The opposing Deadpool used <strong>Sludge Bomb</strong>!<br></div><div class="battle-history"><small>(Bulbasaur? lost 32% of its health!)</small><br></div><div class="spacer battle-history"><br></div><h2 class="battle-history">Turn 7</h2><div class="chat chatmessage-pitterpatter5786"><strong style="color:#b749aa"><small>☆</small><span class="username" data-name="pitterpatter5786">pitterpatter5786</span>:</strong> <em>oh no</em></div><div class="chat message-error">pitterpatter5786 has 120 seconds left.</div><div class="spacer battle-history"><br></div><div class="battle-history">pitterpatter5786 withdrew Deadpool!<br></div><div class="battle-history">pitterpatter5786 sent out Stabby (<strong>Bisharp</strong>)!<br></div><div class="battle-history"><small>Pointed stones dug into the opposing Stabby!</small><br></div><div class="spacer battle-history"><br></div><div class="battle-history"><small>Bulbasaur?'s Porygonite-Z is reacting to the Key Stone!</small><br>Bulbasaur? has Mega Evolved into Mega Porygon-Z!<br></div><div class="chat"><ul class="utilichart"><li class="result"><span class="col pokemonnamecol" style="white-space: nowrap">Porygon-Z-Mega</span> <span class="col typecol"><img src="https://play.pokemonshowdown.com/sprites/types/Psychic.png" alt="Psychic" height="14" width="32"></span> <span style="float: left ; min-height: 26px"><span class="col abilitycol">Conversion-Z</span><span class="col abilitycol"></span></span><span style="float: left ; min-height: 26px"><span class="col statcol"><em>HP</em><br>85</span> <span class="col statcol"><em>Atk</em><br>185</span> <span class="col statcol"><em>Def</em><br>100</span> <span class="col statcol"><em>SpA</em><br>80</span> <span class="col statcol"><em>SpD</em><br>100</span> <span class="col statcol"><em>Spe</em><br>100</span> </span></li><li style="clear: both"></li></ul></div><div class="spacer battle-history"><br></div><div class="battle-history">Bulbasaur? used <strong>Ice Beam</strong>!<br></div><div class="battle-history"><small>It's not very effective...</small><br></div><div class="battle-history"><small>(The opposing Stabby lost 29% of its health!)</small><br></div><div class="battle-history"><small>The opposing Stabby was frozen solid!</small><br></div><div class="spacer battle-history"><br></div><h2 class="battle-history">Turn 8</h2><div class="chat message-error">pitterpatter5786 has 120 seconds left.</div><div class="chat chatmessage-inkbug1 mine"><strong style="color:#e46e0f"><small>#</small><span class="username" data-name="inkbug1">inkbug1</span>:</strong> <em>i</em></div><div class="chat chatmessage-theultrafinder"><strong style="color:#946524"><small>☆</small><span class="username" data-name="TheUltraFinder">TheUltraFinder</span>:</strong> <em>:pog:</em></div><div class="chat chatmessage-pitterpatter5786"><strong style="color:#b749aa"><small>☆</small><span class="username" data-name="pitterpatter5786">pitterpatter5786</span>:</strong> <em>i call haxx</em></div><div class="chat chatmessage-inkbug1 mine"><strong style="color:#e46e0f"><small>#</small><span class="username" data-name="inkbug1">inkbug1</span>:</strong> <em>the bad luck on the type and the freeze luck in the same turn</em></div><div class="chat chatmessage-inkbug1 mine"><strong style="color:#e46e0f"><small>#</small><span class="username" data-name="inkbug1">inkbug1</span>:</strong> <em>akjshdaskjdh</em></div><div class="chat message-error">pitterpatter5786 has 90 seconds left.</div><div class="spacer battle-history"><br></div><div class="battle-history">pitterpatter5786 withdrew Stabby!<br></div><div class="battle-history">pitterpatter5786 sent out Wolverine (<strong>Mienshao</strong>)!<br></div><div class="battle-history"><small>Pointed stones dug into the opposing Wolverine!</small><br></div><div class="spacer battle-history"><br></div><div class="battle-history">Bulbasaur? used <strong>Thunderbolt</strong>!<br></div><div class="battle-history"><small>(The opposing Wolverine lost 65% of its health!)</small><br></div><div class="spacer battle-history"><br></div><h2 class="battle-history">Turn 9</h2><div class="spacer battle-history"><br></div><div class="battle-history">The opposing Wolverine used <strong>Knock Off</strong>!<br></div><div class="battle-history"><small>It's super effective!</small><br></div><div class="battle-history"><small>(Bulbasaur? lost 46% of its health!)</small><br></div><div class="spacer battle-history"><br></div><div class="battle-history">Bulbasaur? used <strong>Revelation Dance</strong>!<br></div><div class="battle-history"><small>It's super effective!</small><br></div><div class="battle-history"><small>(The opposing Wolverine lost 30% of its health!)</small><br></div><div class="spacer battle-history"><br></div><div class="battle-history">The opposing Wolverine fainted!<br></div><div class="chat message-error">pitterpatter5786 has 90 seconds left.</div><div class="spacer battle-history"><br></div><div class="battle-history">pitterpatter5786 sent out Mitosis (<strong>Reuniclus</strong>)!<br></div><div class="battle-history"><small>Pointed stones dug into the opposing Mitosis!</small><br></div><div class="spacer battle-history"><br></div><h2 class="battle-history">Turn 10</h2><div class="chat chatmessage-theultrafinder"><strong style="color:#946524"><small>☆</small><span class="username" data-name="TheUltraFinder">TheUltraFinder</span>:</strong> <em>.</em></div><div class="spacer battle-history"><br></div><div class="battle-history">Bulbasaur? used <strong>Conversion 2</strong>!<br></div><div class="battle-history">[Bulbasaur?'s Conversion-Z]<br></div><div class="battle-history"><small>But it failed!</small><br></div><div class="spacer battle-history"><br></div><div class="battle-history">The opposing Mitosis used <strong>Shadow Ball</strong>!<br></div><div class="battle-history"><small>It's super effective!</small><br></div><div class="battle-history"><small>(Bulbasaur? lost 22% of its health!)</small><br></div><div class="spacer battle-history"><br></div><div class="battle-history">Bulbasaur? fainted!<br></div><div class="spacer battle-history"><br></div><div class="battle-history"><small>The opposing Mitosis restored a little HP using its Leftovers!</small><br></div><div class="spacer battle-history"><br></div><div class="battle-history">Go! Dungeonmaster (<strong>Salamence</strong>)!<br></div><div class="spacer battle-history"><br></div><h2 class="battle-history">Turn 11</h2><div class="spacer battle-history"><br></div><div class="battle-history">Dungeonmaster used <strong>Dragon Dance</strong>!<br></div><div class="battle-history"><small>Dungeonmaster's Attack rose!</small><br></div><div class="battle-history"><small>Dungeonmaster's Speed rose!</small><br></div><div class="spacer battle-history"><br></div><div class="battle-history">The opposing Mitosis used <strong>Parting Shot</strong>!<br></div><div class="battle-history"><small>Dungeonmaster's Attack fell!</small><br></div><div class="battle-history"><small>Dungeonmaster's Sp. Atk fell!</small><br></div><div class="spacer battle-history"><br></div><div class="battle-history">pitterpatter5786 withdrew Mitosis!<br></div><div class="battle-history">pitterpatter5786 sent out The Fool (<strong>Porygon-Z</strong>)!<br></div><div class="battle-history"><small>Pointed stones dug into the opposing The Fool!</small><br></div><div class="battle-history">[The opposing The Fool's Download]<br></div><div class="battle-history"><small>The opposing The Fool's Attack rose!</small><br></div><div class="spacer battle-history"><br></div><h2 class="battle-history">Turn 12</h2><div class="chat message-error">pitterpatter5786 has 90 seconds left.</div><div class="spacer battle-history"><br></div><div class="battle-history"><small>The opposing The Fool's Porygonite-Z is reacting to the Key Stone!</small><br>The opposing The Fool has Mega Evolved into Mega Porygon-Z!<br></div><div class="chat"><ul class="utilichart"><li class="result"><span class="col pokemonnamecol" style="white-space: nowrap">Porygon-Z-Mega</span> <span class="col typecol"><img src="https://play.pokemonshowdown.com/sprites/types/Psychic.png" alt="Psychic" height="14" width="32"></span> <span style="float: left ; min-height: 26px"><span class="col abilitycol">Conversion-Z</span><span class="col abilitycol"></span></span><span style="float: left ; min-height: 26px"><span class="col statcol"><em>HP</em><br>85</span> <span class="col statcol"><em>Atk</em><br>185</span> <span class="col statcol"><em>Def</em><br>100</span> <span class="col statcol"><em>SpA</em><br>80</span> <span class="col statcol"><em>SpD</em><br>100</span> <span class="col statcol"><em>Spe</em><br>100</span> </span></li><li style="clear: both"></li></ul></div><div class="spacer battle-history"><br></div><div class="battle-history">Dungeonmaster used <strong>Dragon Dance</strong>!<br></div><div class="battle-history"><small>Dungeonmaster's Attack rose!</small><br></div><div class="battle-history"><small>Dungeonmaster's Speed rose!</small><br></div><div class="spacer battle-history"><br></div><div class="battle-history">The opposing The Fool used <strong>Revelation Dance</strong>!<br></div><div class="battle-history"><small>(Dungeonmaster lost 45% of its health!)</small><br></div><div class="spacer battle-history"><br></div><h2 class="battle-history">Turn 13</h2><div class="chat message-error">pitterpatter5786 has 90 seconds left.</div><div class="chat message-error">TheUltraFinder has 120 seconds left.</div><div class="spacer battle-history"><br></div><div class="battle-history">pitterpatter5786 withdrew The Fool!<br></div><div class="battle-history">pitterpatter5786 sent out Deadpool (<strong>Tangrowth</strong>)!<br></div><div class="battle-history"><small>Pointed stones dug into the opposing Deadpool!</small><br></div><div class="spacer battle-history"><br></div><div class="battle-history">Dungeonmaster used <strong>Dragon Claw</strong>!<br></div><div class="battle-history"><small>A critical hit!</small><br></div><div class="battle-history"><small>(The opposing Deadpool lost 56% of its health!)</small><br></div><div class="battle-history"><small>Dungeonmaster was hurt by the Rocky Helmet!</small><br></div><div class="spacer battle-history"><br></div><div class="battle-history">Dungeonmaster fainted!<br></div><div class="chat message-error">TheUltraFinder has 120 seconds left.</div><div class="spacer battle-history"><br></div><div class="battle-history">Go! bebi (<strong>Clefable</strong>)!<br></div><div class="spacer battle-history"><br></div><h2 class="battle-history">Turn 14</h2><div class="spacer battle-history"><br></div><div class="battle-history">pitterpatter5786 withdrew Deadpool!<br></div><div class="battle-history">pitterpatter5786 sent out Bannedana (<strong>Toxapex</strong>)!<br></div><div class="battle-history"><small>Pointed stones dug into the opposing Bannedana!</small><br></div><div class="spacer battle-history"><br></div><div class="battle-history">bebi used <strong>Cosmic Power</strong>!<br></div><div class="battle-history"><small>bebi's Defense rose!</small><br></div><div class="battle-history"><small>bebi's Sp. Def rose!</small><br></div><div class="spacer battle-history"><br></div><h2 class="battle-history">Turn 15</h2><div class="chat message-error">TheUltraFinder has 120 seconds left.</div><div class="chat message-error">TheUltraFinder has 90 seconds left.</div><div class="spacer battle-history"><br></div><div class="battle-history">bebi used <strong>Cosmic Power</strong>!<br></div><div class="battle-history"><small>bebi's Defense rose!</small><br></div><div class="battle-history"><small>bebi's Sp. Def rose!</small><br></div><div class="spacer battle-history"><br></div><div class="battle-history">The opposing Bannedana used <strong>Gunk Shot</strong>!<br></div><div class="battle-history"><small>It's super effective!</small><br></div><div class="battle-history"><small>(bebi lost 68% of its health!)</small><br></div><div class="spacer battle-history"><br></div><div class="battle-history"><small>bebi restored a little HP using its Leftovers!</small><br></div><div class="spacer battle-history"><br></div><h2 class="battle-history">Turn 16</h2><div class="spacer battle-history"><br></div><div class="battle-history">bebi, come back!<br></div><div class="battle-history">Go! Dielebi (<strong>Celebi</strong>)!<br></div><div class="spacer battle-history"><br></div><div class="battle-history">The opposing Bannedana used <strong>Gunk Shot</strong>!<br></div><div class="battle-history"><small>It's super effective!</small><br></div><div class="battle-history"><small>(Dielebi lost 100% of its health!)</small><br></div><div class="spacer battle-history"><br></div><div class="battle-history">Dielebi fainted!<br></div><div class="spacer battle-history"><br></div><div class="battle-history">Go! Not Bandana (<strong>Toxapex</strong>)!<br></div><div class="spacer battle-history"><br></div><h2 class="battle-history">Turn 17</h2><div class="chat message-error">pitterpatter5786 has 120 seconds left.</div><div class="spacer battle-history"><br></div><div class="battle-history">pitterpatter5786 withdrew Bannedana!<br></div><div class="battle-history">pitterpatter5786 sent out Mitosis (<strong>Reuniclus</strong>)!<br></div><div class="battle-history"><small>Pointed stones dug into the opposing Mitosis!</small><br></div><div class="spacer battle-history"><br></div><div class="battle-history">Not Bandana used <strong>Knock Off</strong>!<br></div><div class="battle-history"><small>It's super effective!</small><br></div><div class="battle-history"><small>(The opposing Mitosis lost 31% of its health!)</small><br></div><div class="battle-history"><small>Not Bandana knocked off the opposing Mitosis's Leftovers!</small><br></div><div class="spacer battle-history"><br></div><h2 class="battle-history">Turn 18</h2><div class="chat message-error">TheUltraFinder has 90 seconds left.</div><div class="chat message-error">TheUltraFinder has 60 seconds left.</div><div class="spacer battle-history"><br></div><div class="battle-history">Not Bandana used <strong>Toxic Spikes</strong>!<br></div><div class="battle-history"><small>Poison spikes were scattered on the ground all around the opposing team!</small><br></div><div class="spacer battle-history"><br></div><div class="battle-history">The opposing Mitosis used <strong>Future Sight</strong>!<br></div><div class="battle-history"><small>The opposing Mitosis foresaw an attack!</small><br></div><div class="spacer battle-history"><br></div><h2 class="battle-history">Turn 19</h2><div class="spacer battle-history"><br></div><div class="battle-history">pitterpatter5786 withdrew Mitosis!<br></div><div class="battle-history">pitterpatter5786 sent out Bannedana (<strong>Toxapex</strong>)!<br></div><div class="battle-history"><small>The poison spikes disappeared from the ground around the opposing team!</small><br></div><div class="battle-history"><small>Pointed stones dug into the opposing Bannedana!</small><br></div><div class="spacer battle-history"><br></div><div class="battle-history">Not Bandana used <strong>Knock Off</strong>!<br></div><div class="battle-history"><small>(The opposing Bannedana lost 13% of its health!)</small><br></div><div class="battle-history"><small>Not Bandana knocked off the opposing Bannedana's Choice Band!</small><br></div><div class="spacer battle-history"><br></div><h2 class="battle-history">Turn 20</h2><div class="chat message-error">TheUltraFinder has 60 seconds left.</div><div class="chat message-error">pitterpatter5786 has 120 seconds left.</div><div class="spacer battle-history"><br></div><div class="battle-history">The opposing Bannedana used <strong>Parting Shot</strong>!<br></div><div class="battle-history"><small>Not Bandana's Attack fell!</small><br></div><div class="battle-history"><small>Not Bandana's Sp. Atk fell!</small><br></div><div class="spacer battle-history"><br></div><div class="battle-history">pitterpatter5786 withdrew Bannedana!<br></div><div class="battle-history">pitterpatter5786 sent out Deadpool (<strong>Tangrowth</strong>)!<br></div><div class="battle-history"><small>Pointed stones dug into the opposing Deadpool!</small><br></div><div class="spacer battle-history"><br></div><div class="battle-history">Not Bandana used <strong>Parting Shot</strong>!<br></div><div class="battle-history"><small>The opposing Deadpool's Attack fell!</small><br></div><div class="battle-history"><small>The opposing Deadpool's Sp. Atk fell!</small><br></div><div class="chat message-error">TheUltraFinder has 30 seconds left.</div><div class="chat message-error">TheUltraFinder has 20 seconds left.</div><div class="chat message-error">TheUltraFinder has 15 seconds left.</div><div class="chat message-error">TheUltraFinder has 10 seconds left.</div><div class="chat message-error">TheUltraFinder has 5 seconds left.</div><div class="battle-history"><small>TheUltraFinder lost due to inactivity.</small><br></div><div class="spacer battle-history"><br></div><div class="battle-history"><strong>pitterpatter5786</strong> won the battle!<br></div><div class="chat chatmessage-theultrafinder"><strong style="color:#946524"><small>☆</small><span class="username" data-name="TheUltraFinder">TheUltraFinder</span>:</strong> <em>gg</em></div><div class="chat"><small>☆pitterpatter5786 and ☆TheUltraFinder left</small></div></div><div class="inner-preempt message-log"></div></div></div>
</div>
<script>
let daily = Math.floor(Date.now()/1000/60/60/24);document.write('<script src="https://dragonheaven.herokuapp.com/js/replay-embed.js?version'+daily+'"></'+'script>');
</script>
