<!DOCTYPE html>
<meta charset="utf-8" />
<!-- version 1 -->
<title>[Gen 8] M4A Submission Sandbox replay: BlaueBrause vs. harmony96369</title>
<style>
html,body {font-family:Verdana, sans-serif;font-size:10pt;margin:0;padding:0;}body{padding:12px 0;} .battle-log {font-family:Verdana, sans-serif;font-size:10pt;} .battle-log-inline {border:1px solid #AAAAAA;background:#EEF2F5;color:black;max-width:640px;margin:0 auto 80px;padding-bottom:5px;} .battle-log .inner {padding:4px 8px 0px 8px;} .battle-log .inner-preempt {padding:0 8px 4px 8px;} .battle-log .inner-after {margin-top:0.5em;} .battle-log h2 {margin:0.5em -8px;padding:4px 8px;border:1px solid #AAAAAA;background:#E0E7EA;border-left:0;border-right:0;font-family:Verdana, sans-serif;font-size:13pt;} .battle-log .chat {vertical-align:middle;padding:3px 0 3px 0;font-size:8pt;} .battle-log .chat strong {color:#40576A;} .battle-log .chat em {padding:1px 4px 1px 3px;color:#000000;font-style:normal;} .chat.mine {background:rgba(0,0,0,0.05);margin-left:-8px;margin-right:-8px;padding-left:8px;padding-right:8px;} .spoiler {color:#BBBBBB;background:#BBBBBB;padding:0px 3px;} .spoiler:hover, .spoiler:active, .spoiler-shown {color:#000000;background:#E2E2E2;padding:0px 3px;} .spoiler a {color:#BBBBBB;} .spoiler:hover a, .spoiler:active a, .spoiler-shown a {color:#2288CC;} .chat code, .chat .spoiler:hover code, .chat .spoiler:active code, .chat .spoiler-shown code {border:1px solid #C0C0C0;background:#EEEEEE;color:black;padding:0 2px;} .chat .spoiler code {border:1px solid #CCCCCC;background:#CCCCCC;color:#CCCCCC;} .battle-log .rated {padding:3px 4px;} .battle-log .rated strong {color:white;background:#89A;padding:1px 4px;border-radius:4px;} .spacer {margin-top:0.5em;} .message-announce {background:#6688AA;color:white;padding:1px 4px 2px;} .message-announce a, .broadcast-green a, .broadcast-blue a, .broadcast-red a {color:#DDEEFF;} .broadcast-green {background-color:#559955;color:white;padding:2px 4px;} .broadcast-blue {background-color:#6688AA;color:white;padding:2px 4px;} .infobox {border:1px solid #6688AA;padding:2px 4px;} .infobox-limited {max-height:200px;overflow:auto;overflow-x:hidden;} .broadcast-red {background-color:#AA5544;color:white;padding:2px 4px;} .message-learn-canlearn {font-weight:bold;color:#228822;text-decoration:underline;} .message-learn-cannotlearn {font-weight:bold;color:#CC2222;text-decoration:underline;} .message-effect-weak {font-weight:bold;color:#CC2222;} .message-effect-resist {font-weight:bold;color:#6688AA;} .message-effect-immune {font-weight:bold;color:#666666;} .message-learn-list {margin-top:0;margin-bottom:0;} .message-throttle-notice, .message-error {color:#992222;} .message-overflow, .chat small.message-overflow {font-size:0pt;} .message-overflow::before {font-size:9pt;content:'...';} .subtle {color:#3A4A66;}
</style>
<div class="wrapper replay-wrapper" style="max-width:1180px;margin:0 auto">
<input type="hidden" name="replayid" value="dragonheaven-gen8m4asubmissionsandbox-264" />
<div class="battle"></div><div class="battle-log"></div><div class="replay-controls"></div><div class="replay-controls-2"></div>
<h1 style="font-weight:normal;text-align:center"><strong>[Gen 8] M4A Submission Sandbox</strong><br /><a href="http://pokemonshowdown.com/users/blauebrause" class="subtle" target="_blank">BlaueBrause</a> vs. <a href="http://pokemonshowdown.com/users/harmony96369" class="subtle" target="_blank">harmony96369</a></h1>
<script type="text/plain" class="battle-log-data">|j|☆BlaueBrause

|j|☆harmony96369
|t:|1614211293
|player|p1|BlaueBrause|psychic|
|player|p2|harmony96369|1|
|teamsize|p1|6
|teamsize|p2|6
|gametype|singles
|gen|8
|tier|[Gen 8] M4A Submission Sandbox
|clearpoke
|poke|p1|Wishiwashi, F|
|poke|p1|Nidoqueen, F|
|poke|p1|Corviknight, M|
|poke|p1|Weavile, F|
|poke|p1|Serperior, M|
|poke|p1|Garchomp, M|
|poke|p2|Scizor, F|
|poke|p2|Rotom-Wash|
|poke|p2|Politoed, F|
|poke|p2|Heliolisk, M|
|poke|p2|Delibird, F|
|poke|p2|Greninja, M|
|rule|HP Percentage Mod: HP is shown in percentages
|rule|Endless Battle Clause: Forcing endless battles is banned
|rule|OHKO Clause: OHKO moves are banned
|rule|Evasion Moves Clause: Evasion moves are banned
|rule|Species Clause: Limit one of each Pokémon
|rule|Dynamax Clause: You cannot dynamax
|rule|Sleep Clause Mod: Limit one foe put to sleep
|rule|Freeze Clause Mod: Limit one foe frozen
|teampreview
|c|☆BlaueBrause|glhf!
|c|☆BlaueBrause|oh, sweet!
|j| H2OPulse
|c|☆harmony96369|u too
|
|t:|1614211320
|start
|switch|p1a: Where is Nemo?|Wishiwashi, F|294\/294
|switch|p2a: Politoed|Politoed, F|100\/100
|-weather|RainDance|[from] ability: Drizzle|[of] p2a: Politoed
|-formechange|p1a: Where is Nemo?|Wishiwashi-School||[from] ability: Schooling
|turn|1
|
|t:|1614211330
|detailschange|p1a: Where is Nemo?|Wishiwashi-Mega, F
|-mega|p1a: Where is Nemo?|Wishiwashi|inkbug
|-message|Where is Nemo?'s school got scared and fled...
|-start|p1a: Where is Nemo?|typechange|Water|[silent]
|raw|<ul class="utilichart"><li class="result"><span class="col pokemonnamecol" style="white-space: nowrap">Wishiwashi-Mega<\/span> <span class="col typecol"><img src="https:\/\/play.pokemonshowdown.com\/sprites\/types\/Water.png" alt="Water" height="14" width="32"><\/span> <span style="float: left ; min-height: 26px"><span class="col abilitycol">Assembly<\/span><span class="col abilitycol"><\/span><\/span><span style="float: left ; min-height: 26px"><span class="col statcol"><em>HP<\/em><br>45<\/span> <span class="col statcol"><em>Atk<\/em><br>40<\/span> <span class="col statcol"><em>Def<\/em><br>40<\/span> <span class="col statcol"><em>SpA<\/em><br>45<\/span> <span class="col statcol"><em>SpD<\/em><br>45<\/span> <span class="col statcol"><em>Spe<\/em><br>60<\/span> <\/span><\/li><li style="clear: both"><\/li><\/ul>
|move|p1a: Where is Nemo?|Protect|p1a: Where is Nemo?
|-singleturn|p1a: Where is Nemo?|Protect
|move|p2a: Politoed|Scald|p1a: Where is Nemo?
|-activate|p1a: Where is Nemo?|move: Protect
|
|-weather|RainDance|[upkeep]
|-activate|p1a: Where is Nemo?|ability: Assembly
|-message|More of Where is Nemo?'s friends came together!
|detailschange|p1a: Where is Nemo?|Wishiwashi-Mega-1, F
|raw|<ul class="utilichart"><li class="result"><span class="col pokemonnamecol" style="white-space: nowrap">Wishiwashi-Mega-1<\/span> <span class="col typecol"><img src="https:\/\/play.pokemonshowdown.com\/sprites\/types\/Water.png" alt="Water" height="14" width="32"><\/span> <span style="float: left ; min-height: 26px"><span class="col abilitycol">Assembly<\/span><span class="col abilitycol"><\/span><\/span><span style="float: left ; min-height: 26px"><span class="col statcol"><em>HP<\/em><br>55<\/span> <span class="col statcol"><em>Atk<\/em><br>60<\/span> <span class="col statcol"><em>Def<\/em><br>65<\/span> <span class="col statcol"><em>SpA<\/em><br>65<\/span> <span class="col statcol"><em>SpD<\/em><br>70<\/span> <span class="col statcol"><em>Spe<\/em><br>49<\/span> <\/span><\/li><li style="clear: both"><\/li><\/ul>
|-heal|p1a: Where is Nemo?|314\/314|[silent]
|upkeep
|turn|2
|
|t:|1614211345
|move|p2a: Politoed|Scald|p1a: Where is Nemo?
|-resisted|p1a: Where is Nemo?
|-damage|p1a: Where is Nemo?|226\/314
|move|p1a: Where is Nemo?|Wish|p1a: Where is Nemo?
|
|-weather|RainDance|[upkeep]
|-activate|p1a: Where is Nemo?|ability: Assembly
|-message|More of Where is Nemo?'s friends came together!
|detailschange|p1a: Where is Nemo?|Wishiwashi-Mega-2, F
|raw|<ul class="utilichart"><li class="result"><span class="col pokemonnamecol" style="white-space: nowrap">Wishiwashi-Mega-2<\/span> <span class="col typecol"><img src="https:\/\/play.pokemonshowdown.com\/sprites\/types\/Water.png" alt="Water" height="14" width="32"><\/span> <span style="float: left ; min-height: 26px"><span class="col abilitycol">Assembly<\/span><span class="col abilitycol"><\/span><\/span><span style="float: left ; min-height: 26px"><span class="col statcol"><em>HP<\/em><br>65<\/span> <span class="col statcol"><em>Atk<\/em><br>80<\/span> <span class="col statcol"><em>Def<\/em><br>90<\/span> <span class="col statcol"><em>SpA<\/em><br>85<\/span> <span class="col statcol"><em>SpD<\/em><br>95<\/span> <span class="col statcol"><em>Spe<\/em><br>38<\/span> <\/span><\/li><li style="clear: both"><\/li><\/ul>
|-heal|p1a: Where is Nemo?|246\/334|[silent]
|upkeep
|turn|3
|
|t:|1614211357
|switch|p2a: Heliolisk|Heliolisk, M|100\/100
|move|p1a: Where is Nemo?|Protect||[still]
|-fail|p1a: Where is Nemo?
|
|-weather|RainDance|[upkeep]
|-heal|p1a: Where is Nemo?|334\/334|[from] move: Wish|[wisher] Where is Nemo?
|-activate|p1a: Where is Nemo?|ability: Assembly
|-message|More of Where is Nemo?'s friends came together!
|detailschange|p1a: Where is Nemo?|Wishiwashi-Mega-3, F
|raw|<ul class="utilichart"><li class="result"><span class="col pokemonnamecol" style="white-space: nowrap">Wishiwashi-Mega-3<\/span> <span class="col typecol"><img src="https:\/\/play.pokemonshowdown.com\/sprites\/types\/Water.png" alt="Water" height="14" width="32"><\/span> <span style="float: left ; min-height: 26px"><span class="col abilitycol">Assembly<\/span><span class="col abilitycol"><\/span><\/span><span style="float: left ; min-height: 26px"><span class="col statcol"><em>HP<\/em><br>75<\/span> <span class="col statcol"><em>Atk<\/em><br>100<\/span> <span class="col statcol"><em>Def<\/em><br>115<\/span> <span class="col statcol"><em>SpA<\/em><br>105<\/span> <span class="col statcol"><em>SpD<\/em><br>120<\/span> <span class="col statcol"><em>Spe<\/em><br>27<\/span> <\/span><\/li><li style="clear: both"><\/li><\/ul>
|-heal|p1a: Where is Nemo?|354\/354|[silent]
|upkeep
|turn|4
|
|t:|1614211371
|move|p1a: Where is Nemo?|Protect|p1a: Where is Nemo?
|-singleturn|p1a: Where is Nemo?|Protect
|move|p2a: Heliolisk|Volt Switch|p1a: Where is Nemo?
|-activate|p1a: Where is Nemo?|move: Protect
|
|-weather|RainDance|[upkeep]
|-activate|p1a: Where is Nemo?|ability: Assembly
|-message|More of Where is Nemo?'s friends came together!
|detailschange|p1a: Where is Nemo?|Wishiwashi-Mega-4, F
|raw|<ul class="utilichart"><li class="result"><span class="col pokemonnamecol" style="white-space: nowrap">Wishiwashi-Mega-4<\/span> <span class="col typecol"><img src="https:\/\/play.pokemonshowdown.com\/sprites\/types\/Water.png" alt="Water" height="14" width="32"><\/span> <span style="float: left ; min-height: 26px"><span class="col abilitycol">Assembly<\/span><span class="col abilitycol"><\/span><\/span><span style="float: left ; min-height: 26px"><span class="col statcol"><em>HP<\/em><br>85<\/span> <span class="col statcol"><em>Atk<\/em><br>120<\/span> <span class="col statcol"><em>Def<\/em><br>140<\/span> <span class="col statcol"><em>SpA<\/em><br>125<\/span> <span class="col statcol"><em>SpD<\/em><br>145<\/span> <span class="col statcol"><em>Spe<\/em><br>16<\/span> <\/span><\/li><li style="clear: both"><\/li><\/ul>
|-heal|p1a: Where is Nemo?|374\/374|[silent]
|upkeep
|turn|5
|
|t:|1614211383
|move|p2a: Heliolisk|Surf|p1a: Where is Nemo?
|-resisted|p1a: Where is Nemo?
|-damage|p1a: Where is Nemo?|322\/374
|-damage|p2a: Heliolisk|91\/100|[from] item: Life Orb
|move|p1a: Where is Nemo?|Wish|p1a: Where is Nemo?
|
|-weather|none
|-activate|p1a: Where is Nemo?|ability: Assembly
|-message|More of Where is Nemo?'s friends came together!
|detailschange|p1a: Where is Nemo?|Wishiwashi-Mega-School, F
|raw|<ul class="utilichart"><li class="result"><span class="col pokemonnamecol" style="white-space: nowrap">Wishiwashi-Mega-School<\/span> <span class="col typecol"><img src="https:\/\/play.pokemonshowdown.com\/sprites\/types\/Water.png" alt="Water" height="14" width="32"><\/span> <span style="float: left ; min-height: 26px"><span class="col abilitycol">Assembly<\/span><span class="col abilitycol"><\/span><\/span><span style="float: left ; min-height: 26px"><span class="col statcol"><em>HP<\/em><br>95<\/span> <span class="col statcol"><em>Atk<\/em><br>140<\/span> <span class="col statcol"><em>Def<\/em><br>165<\/span> <span class="col statcol"><em>SpA<\/em><br>145<\/span> <span class="col statcol"><em>SpD<\/em><br>170<\/span> <span class="col statcol"><em>Spe<\/em><br>5<\/span> <\/span><\/li><li style="clear: both"><\/li><\/ul>
|-heal|p1a: Where is Nemo?|342\/394|[silent]
|upkeep
|turn|6
|
|t:|1614211396
|switch|p1a: Kusanagi|Serperior, M|305\/305
|move|p2a: Heliolisk|Volt Switch|p1a: Kusanagi
|-resisted|p1a: Kusanagi
|-damage|p1a: Kusanagi|230\/305
|-damage|p2a: Heliolisk|81\/100|[from] item: Life Orb
|
|t:|1614211403
|switch|p2a: Scizor|Scizor, F|100\/100|[from]move: Volt Switch
|
|-heal|p1a: Kusanagi|305\/305|[from] move: Wish|[wisher] Where is Nemo?
|upkeep
|turn|7
|
|t:|1614211410
|switch|p1a: Jane|Nidoqueen, F|383\/383
|move|p2a: Scizor|U-turn|p1a: Jane
|-resisted|p1a: Jane
|-damage|p1a: Jane|323\/383
|-damage|p2a: Scizor|84\/100|[from] item: Rocky Helmet|[of] p1a: Jane
|
|t:|1614211419
|switch|p2a: Rotom|Rotom-Wash|100\/100|[from]move: U-turn
|
|upkeep
|turn|8
|
|t:|1614211433
|switch|p1a: Fidelis|Corviknight, M|400\/400
|-ability|p1a: Fidelis|Pressure
|move|p2a: Rotom|Will-O-Wisp|p1a: Fidelis|[miss]
|-miss|p2a: Rotom|p1a: Fidelis
|
|upkeep
|turn|9
|c|☆harmony96369|oop
|
|t:|1614211443
|move|p2a: Rotom|Will-O-Wisp|p1a: Fidelis|[miss]
|-miss|p2a: Rotom|p1a: Fidelis
|move|p1a: Fidelis|U-turn|p2a: Rotom
|-damage|p2a: Rotom|84\/100
|c|☆harmony96369|WHY
|
|t:|1614211449
|switch|p1a: Kusanagi|Serperior, M|305\/305
|
|upkeep
|turn|10
|c|☆BlaueBrause|sorry >.<
|
|t:|1614211455
|switch|p2a: Scizor|Scizor, F|84\/100
|move|p1a: Kusanagi|Substitute|p1a: Kusanagi
|-start|p1a: Kusanagi|Substitute
|-damage|p1a: Kusanagi|229\/305
|
|-heal|p1a: Kusanagi|248\/305|[from] item: Leftovers
|upkeep
|turn|11
|c|☆harmony96369|its ok
|
|t:|1614211465
|move|p1a: Kusanagi|Leaf Storm|p2a: Scizor
|-resisted|p2a: Scizor
|-damage|p2a: Scizor|76\/100
|-boost|p1a: Kusanagi|spa|2
|move|p2a: Scizor|Knock Off|p1a: Kusanagi
|-end|p1a: Kusanagi|Substitute
|
|-heal|p1a: Kusanagi|267\/305|[from] item: Leftovers
|upkeep
|turn|12
|c|☆harmony96369|its my life
|
|t:|1614211476
|move|p1a: Kusanagi|Hidden Power|p2a: Scizor
|-supereffective|p2a: Scizor
|-damage|p2a: Scizor|0 fnt
|faint|p2a: Scizor
|
|-heal|p1a: Kusanagi|286\/305|[from] item: Leftovers
|upkeep
|c|☆harmony96369|ow
|
|t:|1614211490
|switch|p2a: Greninja|Greninja, M|100\/100
|turn|13
|
|t:|1614211494
|switch|p1a: Where is Nemo?|Wishiwashi-Mega-School, F|342\/394
|-start|p1a: Where is Nemo?|typechange|Water|[silent]
|move|p2a: Greninja|U-turn|p1a: Where is Nemo?
|-damage|p1a: Where is Nemo?|311\/394
|
|t:|1614211502
|switch|p2a: Heliolisk|Heliolisk, M|81\/100|[from]move: U-turn
|
|upkeep
|turn|14
|
|t:|1614211509
|move|p2a: Heliolisk|Volt Switch|p1a: Where is Nemo?
|-supereffective|p1a: Where is Nemo?
|-damage|p1a: Where is Nemo?|168\/394
|-damage|p2a: Heliolisk|71\/100|[from] item: Life Orb
|
|t:|1614211513
|switch|p2a: Politoed|Politoed, F|100\/100|[from]move: Volt Switch
|-weather|RainDance|[from] ability: Drizzle|[of] p2a: Politoed
|move|p1a: Where is Nemo?|Wish|p1a: Where is Nemo?
|
|-weather|RainDance|[upkeep]
|upkeep
|turn|15
|
|t:|1614211529
|move|p1a: Where is Nemo?|Protect|p1a: Where is Nemo?
|-singleturn|p1a: Where is Nemo?|Protect
|move|p2a: Politoed|Scald|p1a: Where is Nemo?
|-activate|p1a: Where is Nemo?|move: Protect
|
|-weather|RainDance|[upkeep]
|-heal|p1a: Where is Nemo?|365\/394|[from] move: Wish|[wisher] Where is Nemo?
|upkeep
|turn|16
|
|t:|1614211538
|move|p2a: Politoed|Scald|p1a: Where is Nemo?
|-resisted|p1a: Where is Nemo?
|-damage|p1a: Where is Nemo?|321\/394
|move|p1a: Where is Nemo?|Flip Turn|p2a: Politoed
|-resisted|p2a: Politoed
|-damage|p2a: Politoed|77\/100
|-enditem|p2a: Politoed|Eject Button
|
|t:|1614211545
|switch|p2a: Delibird|Delibird, F|100\/100
|
|-weather|RainDance|[upkeep]
|upkeep
|turn|17
|
|t:|1614211554
|detailschange|p2a: Delibird|Delibird-Mega, F
|-mega|p2a: Delibird|Delibird|Delibirdite
|-ability|p2a: Delibird|Spirit of Giving
|-item|p2: Politoed|Eject Button|[from] Ability: Spirit of Giving
|-start|p2a: Delibird|typechange|Ice\/Flying|[silent]
|raw|<ul class="utilichart"><li class="result"><span class="col pokemonnamecol" style="white-space: nowrap">Delibird-Mega<\/span> <span class="col typecol"><img src="https:\/\/play.pokemonshowdown.com\/sprites\/types\/Ice.png" alt="Ice" height="14" width="32"><img src="https:\/\/play.pokemonshowdown.com\/sprites\/types\/Flying.png" alt="Flying" height="14" width="32"><\/span> <span style="float: left ; min-height: 26px"><span class="col abilitycol">Spirit of Giving<\/span><span class="col abilitycol"><\/span><\/span><span style="float: left ; min-height: 26px"><span class="col statcol"><em>HP<\/em><br>45<\/span> <span class="col statcol"><em>Atk<\/em><br>25<\/span> <span class="col statcol"><em>Def<\/em><br>120<\/span> <span class="col statcol"><em>SpA<\/em><br>85<\/span> <span class="col statcol"><em>SpD<\/em><br>120<\/span> <span class="col statcol"><em>Spe<\/em><br>35<\/span> <\/span><\/li><li style="clear: both"><\/li><\/ul>
|move|p2a: Delibird|U-turn|p1a: Where is Nemo?
|-damage|p1a: Where is Nemo?|308\/394
|
|t:|1614211562
|switch|p2a: Rotom|Rotom-Wash|84\/100|[from]move: U-turn
|move|p1a: Where is Nemo?|Flip Turn|p2a: Rotom
|-resisted|p2a: Rotom
|-damage|p2a: Rotom|61\/100
|
|t:|1614211568
|switch|p1a: Kusanagi|Serperior, M|286\/305
|
|-weather|RainDance|[upkeep]
|-heal|p1a: Kusanagi|305\/305|[from] item: Leftovers
|upkeep
|turn|18
|
|t:|1614211591
|move|p1a: Kusanagi|Leaf Storm|p2a: Rotom
|-supereffective|p2a: Rotom
|-damage|p2a: Rotom|0 fnt
|-boost|p1a: Kusanagi|spa|2
|faint|p2a: Rotom
|
|-weather|none
|upkeep
|c|☆harmony96369|ow again
|
|t:|1614211602
|switch|p2a: Politoed|Politoed, F|77\/100
|-weather|RainDance|[from] ability: Drizzle|[of] p2a: Politoed
|turn|19
|c|☆harmony96369|plz miss
|c|☆BlaueBrause|I think Wishi's most promising set is Wish, Flip Turn
|
|t:|1614211616
|move|p1a: Kusanagi|Leaf Storm|p2a: Politoed
|-supereffective|p2a: Politoed
|-damage|p2a: Politoed|0 fnt
|-boost|p1a: Kusanagi|spa|2
|faint|p2a: Politoed
|
|-weather|RainDance|[upkeep]
|upkeep
|c|☆harmony96369|NO
|
|t:|1614211632
|switch|p2a: Greninja|Greninja, M|100\/100
|turn|20
|
|t:|1614211643
|move|p2a: Greninja|U-turn|p1a: Kusanagi
|-supereffective|p1a: Kusanagi
|-damage|p1a: Kusanagi|211\/305
|
|t:|1614211648
|switch|p2a: Heliolisk|Heliolisk, M|71\/100|[from]move: U-turn
|move|p1a: Kusanagi|Leaf Storm|p2a: Heliolisk
|-damage|p2a: Heliolisk|0 fnt
|-boost|p1a: Kusanagi|spa|2
|faint|p2a: Heliolisk
|
|-weather|RainDance|[upkeep]
|-heal|p1a: Kusanagi|230\/305|[from] item: Leftovers
|upkeep
|
|t:|1614211657
|switch|p2a: Greninja|Greninja, M|100\/100
|turn|21
|
|t:|1614211663
|switch|p1a: Where is Nemo?|Wishiwashi-Mega-School, F|308\/394
|-start|p1a: Where is Nemo?|typechange|Water|[silent]
|-zpower|p2a: Greninja
|move|p2a: Greninja|Hydro Vortex|p1a: Where is Nemo?|[zeffect]
|-resisted|p1a: Where is Nemo?
|-damage|p1a: Where is Nemo?|221\/394
|
|-weather|RainDance|[upkeep]
|upkeep
|turn|22
|c|☆harmony96369|i was gonna forfeit, but im gonna givve it to u
|
|t:|1614211686
|move|p2a: Greninja|Dark Pulse|p1a: Where is Nemo?
|-damage|p1a: Where is Nemo?|161\/394
|move|p1a: Where is Nemo?|Wish|p1a: Where is Nemo?
|
|-weather|RainDance|[upkeep]
|upkeep
|turn|23
|c|☆harmony96369|wait gtg
|c|☆BlaueBrause|okay
|c|☆harmony96369|gotta forf sorry
|-message|harmony96369 forfeited.
|
|win|BlaueBrause
|l|☆harmony96369</script>
</div>
<div class="battle-log battle-log-inline"><div class="inner"><div class="battle-options"><div style="padding-top: 3px; padding-right: 3px; text-align: right"><button class="icon button" name="openBattleOptions" title="Options">Battle Options</button></div></div><div class="inner message-log"><div class="chat"><small>☆BlaueBrause and ☆harmony96369 joined</small></div><div class=""><small>Format:</small> <br><strong>[Gen 8] M4A Submission Sandbox</strong></div><div class=""><small><em>HP Percentage Mod:</em> HP is shown in percentages</small></div><div class=""><small><em>Endless Battle Clause:</em> Forcing endless battles is banned</small></div><div class=""><small><em>OHKO Clause:</em> OHKO moves are banned</small></div><div class=""><small><em>Evasion Moves Clause:</em> Evasion moves are banned</small></div><div class=""><small><em>Species Clause:</em> Limit one of each Pokémon</small></div><div class=""><small><em>Dynamax Clause:</em> You cannot dynamax</small></div><div class=""><small><em>Sleep Clause Mod:</em> Limit one foe put to sleep</small></div><div class=""><small><em>Freeze Clause Mod:</em> Limit one foe frozen</small></div><div class="chat battle-history"><strong>BlaueBrause's team:</strong> <em style="color:#445566;display:block;">Wishiwashi / Nidoqueen / Corviknight / Weavile / Serperior / Garchomp</em></div><div class="chat battle-history"><strong>harmony96369's team:</strong> <em style="color:#445566;display:block;">Scizor / Rotom-Wash / Politoed / Heliolisk / Delibird / Greninja</em></div><div class="chat chatmessage-blauebrause mine"><strong style="color:#6b66e4"><small>☆</small><span class="username" data-name="BlaueBrause">BlaueBrause</span>:</strong> <em>glhf!</em></div><div class="chat chatmessage-blauebrause mine"><strong style="color:#6b66e4"><small>☆</small><span class="username" data-name="BlaueBrause">BlaueBrause</span>:</strong> <em>oh, sweet!</em></div><div class="chat"><small> H2OPulse joined</small></div><div class="chat chatmessage-harmony96369"><strong style="color:#b06d27"><small>☆</small><span class="username" data-name="harmony96369">harmony96369</span>:</strong> <em>u too</em></div><div class="spacer battle-history"><br></div><div class="battle-history">Battle started between BlaueBrause and harmony96369!<br></div><div class="spacer battle-history"><br></div><div class="battle-history">BlaueBrause sent out Where is Nemo? (<strong>Wishiwashi</strong>)!<br></div><div class="spacer battle-history"><br></div><div class="battle-history">Go! <strong>Politoed</strong>!<br></div><div class="battle-history">[Politoed's Drizzle]<br><small>It started to rain!</small><br></div><div class="battle-history">[The opposing Where is Nemo?'s Schooling]<br>The opposing Where is Nemo? formed a school!<br></div><div class="spacer battle-history"><br></div><h2 class="battle-history">Turn 1</h2><div class="spacer battle-history"><br></div><div class="battle-history"><small>The opposing Where is Nemo?'s inkbug is reacting to the Key Stone!</small><br>The opposing Where is Nemo? has Mega Evolved into Mega Wishiwashi!<br></div><div class="battle-history"><small>Where is Nemo?'s school got scared and fled...</small><br></div><div class="chat"><ul class="utilichart"><li class="result"><span class="col pokemonnamecol" style="white-space: nowrap">Wishiwashi-Mega</span> <span class="col typecol"><img src="https://play.pokemonshowdown.com/sprites/types/Water.png" alt="Water" height="14" width="32"></span> <span style="float: left ; min-height: 26px"><span class="col abilitycol">Assembly</span><span class="col abilitycol"></span></span><span style="float: left ; min-height: 26px"><span class="col statcol"><em>HP</em><br>45</span> <span class="col statcol"><em>Atk</em><br>40</span> <span class="col statcol"><em>Def</em><br>40</span> <span class="col statcol"><em>SpA</em><br>45</span> <span class="col statcol"><em>SpD</em><br>45</span> <span class="col statcol"><em>Spe</em><br>60</span> </span></li><li style="clear: both"></li></ul></div><div class="spacer battle-history"><br></div><div class="battle-history">The opposing Where is Nemo? used <strong>Protect</strong>!<br></div><div class="battle-history"><small>The opposing Where is Nemo? protected itself!</small><br></div><div class="spacer battle-history"><br></div><div class="battle-history">Politoed used <strong>Scald</strong>!<br></div><div class="battle-history"><small>The opposing Where is Nemo? protected itself!</small><br></div><div class="spacer battle-history"><br></div><div class="battle-history"><small>(Rain continues to fall.)</small><br></div><div class="battle-history">[The opposing Where is Nemo?'s Assembly]<br></div><div class="battle-history"><small>More of Where is Nemo?'s friends came together!</small><br></div><div class="chat"><ul class="utilichart"><li class="result"><span class="col pokemonnamecol" style="white-space: nowrap">Wishiwashi-Mega-1</span> <span class="col typecol"><img src="https://play.pokemonshowdown.com/sprites/types/Water.png" alt="Water" height="14" width="32"></span> <span style="float: left ; min-height: 26px"><span class="col abilitycol">Assembly</span><span class="col abilitycol"></span></span><span style="float: left ; min-height: 26px"><span class="col statcol"><em>HP</em><br>55</span> <span class="col statcol"><em>Atk</em><br>60</span> <span class="col statcol"><em>Def</em><br>65</span> <span class="col statcol"><em>SpA</em><br>65</span> <span class="col statcol"><em>SpD</em><br>70</span> <span class="col statcol"><em>Spe</em><br>49</span> </span></li><li style="clear: both"></li></ul></div><div class="spacer battle-history"><br></div><h2 class="battle-history">Turn 2</h2><div class="spacer battle-history"><br></div><div class="battle-history">Politoed used <strong>Scald</strong>!<br></div><div class="battle-history"><small>It's not very effective...</small><br></div><div class="battle-history"><small>(The opposing Where is Nemo? lost <abbr title="−88/314">28.0%</abbr> of its health!)</small><br></div><div class="spacer battle-history"><br></div><div class="battle-history">The opposing Where is Nemo? used <strong>Wish</strong>!<br></div><div class="spacer battle-history"><br></div><div class="battle-history"><small>(Rain continues to fall.)</small><br></div><div class="battle-history">[The opposing Where is Nemo?'s Assembly]<br></div><div class="battle-history"><small>More of Where is Nemo?'s friends came together!</small><br></div><div class="chat"><ul class="utilichart"><li class="result"><span class="col pokemonnamecol" style="white-space: nowrap">Wishiwashi-Mega-2</span> <span class="col typecol"><img src="https://play.pokemonshowdown.com/sprites/types/Water.png" alt="Water" height="14" width="32"></span> <span style="float: left ; min-height: 26px"><span class="col abilitycol">Assembly</span><span class="col abilitycol"></span></span><span style="float: left ; min-height: 26px"><span class="col statcol"><em>HP</em><br>65</span> <span class="col statcol"><em>Atk</em><br>80</span> <span class="col statcol"><em>Def</em><br>90</span> <span class="col statcol"><em>SpA</em><br>85</span> <span class="col statcol"><em>SpD</em><br>95</span> <span class="col statcol"><em>Spe</em><br>38</span> </span></li><li style="clear: both"></li></ul></div><div class="spacer battle-history"><br></div><h2 class="battle-history">Turn 3</h2><div class="spacer battle-history"><br></div><div class="battle-history">Politoed, come back!<br></div><div class="battle-history">Go! <strong>Heliolisk</strong>!<br></div><div class="spacer battle-history"><br></div><div class="battle-history">The opposing Where is Nemo? used <strong>Protect</strong>!<br></div><div class="battle-history"><small>But it failed!</small><br></div><div class="spacer battle-history"><br></div><div class="battle-history"><small>(Rain continues to fall.)</small><br></div><div class="battle-history"><small>Where is Nemo?'s wish came true!</small><br></div><div class="battle-history">[The opposing Where is Nemo?'s Assembly]<br></div><div class="battle-history"><small>More of Where is Nemo?'s friends came together!</small><br></div><div class="chat"><ul class="utilichart"><li class="result"><span class="col pokemonnamecol" style="white-space: nowrap">Wishiwashi-Mega-3</span> <span class="col typecol"><img src="https://play.pokemonshowdown.com/sprites/types/Water.png" alt="Water" height="14" width="32"></span> <span style="float: left ; min-height: 26px"><span class="col abilitycol">Assembly</span><span class="col abilitycol"></span></span><span style="float: left ; min-height: 26px"><span class="col statcol"><em>HP</em><br>75</span> <span class="col statcol"><em>Atk</em><br>100</span> <span class="col statcol"><em>Def</em><br>115</span> <span class="col statcol"><em>SpA</em><br>105</span> <span class="col statcol"><em>SpD</em><br>120</span> <span class="col statcol"><em>Spe</em><br>27</span> </span></li><li style="clear: both"></li></ul></div><div class="spacer battle-history"><br></div><h2 class="battle-history">Turn 4</h2><div class="spacer battle-history"><br></div><div class="battle-history">The opposing Where is Nemo? used <strong>Protect</strong>!<br></div><div class="battle-history"><small>The opposing Where is Nemo? protected itself!</small><br></div><div class="spacer battle-history"><br></div><div class="battle-history">Heliolisk used <strong>Volt Switch</strong>!<br></div><div class="battle-history"><small>The opposing Where is Nemo? protected itself!</small><br></div><div class="spacer battle-history"><br></div><div class="battle-history"><small>(Rain continues to fall.)</small><br></div><div class="battle-history">[The opposing Where is Nemo?'s Assembly]<br></div><div class="battle-history"><small>More of Where is Nemo?'s friends came together!</small><br></div><div class="chat"><ul class="utilichart"><li class="result"><span class="col pokemonnamecol" style="white-space: nowrap">Wishiwashi-Mega-4</span> <span class="col typecol"><img src="https://play.pokemonshowdown.com/sprites/types/Water.png" alt="Water" height="14" width="32"></span> <span style="float: left ; min-height: 26px"><span class="col abilitycol">Assembly</span><span class="col abilitycol"></span></span><span style="float: left ; min-height: 26px"><span class="col statcol"><em>HP</em><br>85</span> <span class="col statcol"><em>Atk</em><br>120</span> <span class="col statcol"><em>Def</em><br>140</span> <span class="col statcol"><em>SpA</em><br>125</span> <span class="col statcol"><em>SpD</em><br>145</span> <span class="col statcol"><em>Spe</em><br>16</span> </span></li><li style="clear: both"></li></ul></div><div class="spacer battle-history"><br></div><h2 class="battle-history">Turn 5</h2><div class="spacer battle-history"><br></div><div class="battle-history">Heliolisk used <strong>Surf</strong>!<br></div><div class="battle-history"><small>It's not very effective...</small><br></div><div class="battle-history"><small>(The opposing Where is Nemo? lost <abbr title="−52/374">13.9%</abbr> of its health!)</small><br></div><div class="battle-history"><small>Heliolisk lost some of its HP!</small><br></div><div class="spacer battle-history"><br></div><div class="battle-history">The opposing Where is Nemo? used <strong>Wish</strong>!<br></div><div class="spacer battle-history"><br></div><div class="battle-history"><small>The rain stopped.</small><br></div><div class="battle-history">[The opposing Where is Nemo?'s Assembly]<br></div><div class="battle-history"><small>More of Where is Nemo?'s friends came together!</small><br></div><div class="chat"><ul class="utilichart"><li class="result"><span class="col pokemonnamecol" style="white-space: nowrap">Wishiwashi-Mega-School</span> <span class="col typecol"><img src="https://play.pokemonshowdown.com/sprites/types/Water.png" alt="Water" height="14" width="32"></span> <span style="float: left ; min-height: 26px"><span class="col abilitycol">Assembly</span><span class="col abilitycol"></span></span><span style="float: left ; min-height: 26px"><span class="col statcol"><em>HP</em><br>95</span> <span class="col statcol"><em>Atk</em><br>140</span> <span class="col statcol"><em>Def</em><br>165</span> <span class="col statcol"><em>SpA</em><br>145</span> <span class="col statcol"><em>SpD</em><br>170</span> <span class="col statcol"><em>Spe</em><br>5</span> </span></li><li style="clear: both"></li></ul></div><div class="spacer battle-history"><br></div><h2 class="battle-history">Turn 6</h2><div class="spacer battle-history"><br></div><div class="battle-history">BlaueBrause withdrew Where is Nemo?!<br></div><div class="battle-history">BlaueBrause sent out Kusanagi (<strong>Serperior</strong>)!<br></div><div class="spacer battle-history"><br></div><div class="battle-history">Heliolisk used <strong>Volt Switch</strong>!<br></div><div class="battle-history"><small>It's not very effective...</small><br></div><div class="battle-history"><small>(The opposing Kusanagi lost <abbr title="−75/305">24.6%</abbr> of its health!)</small><br></div><div class="battle-history"><small>Heliolisk lost some of its HP!</small><br></div><div class="spacer battle-history"><br></div><div class="battle-history">Heliolisk went back to harmony96369!<br></div><div class="battle-history">Go! <strong>Scizor</strong>!<br></div><div class="spacer battle-history"><br></div><div class="battle-history"><small>Where is Nemo?'s wish came true!</small><br></div><div class="spacer battle-history"><br></div><h2 class="battle-history">Turn 7</h2><div class="spacer battle-history"><br></div><div class="battle-history">BlaueBrause withdrew Kusanagi!<br></div><div class="battle-history">BlaueBrause sent out Jane (<strong>Nidoqueen</strong>)!<br></div><div class="spacer battle-history"><br></div><div class="battle-history">Scizor used <strong>U-turn</strong>!<br></div><div class="battle-history"><small>It's not very effective...</small><br></div><div class="battle-history"><small>(The opposing Jane lost <abbr title="−60/383">15.7%</abbr> of its health!)</small><br></div><div class="battle-history"><small>Scizor was hurt by the Rocky Helmet!</small><br></div><div class="spacer battle-history"><br></div><div class="battle-history">Scizor went back to harmony96369!<br></div><div class="battle-history">Go! Rotom (<strong>Rotom-Wash</strong>)!<br></div><div class="spacer battle-history"><br></div><h2 class="battle-history">Turn 8</h2><div class="spacer battle-history"><br></div><div class="battle-history">BlaueBrause withdrew Jane!<br></div><div class="battle-history">BlaueBrause sent out Fidelis (<strong>Corviknight</strong>)!<br></div><div class="battle-history">[The opposing Fidelis's Pressure]<br><small>The opposing Fidelis is exerting its pressure!</small><br></div><div class="spacer battle-history"><br></div><div class="battle-history">Rotom used <strong>Will-O-Wisp</strong>!<br></div><div class="battle-history"><small>The opposing Fidelis avoided the attack!</small><br></div><div class="spacer battle-history"><br></div><h2 class="battle-history">Turn 9</h2><div class="chat chatmessage-harmony96369"><strong style="color:#b06d27"><small>☆</small><span class="username" data-name="harmony96369">harmony96369</span>:</strong> <em>oop</em></div><div class="spacer battle-history"><br></div><div class="battle-history">Rotom used <strong>Will-O-Wisp</strong>!<br></div><div class="battle-history"><small>The opposing Fidelis avoided the attack!</small><br></div><div class="spacer battle-history"><br></div><div class="battle-history">The opposing Fidelis used <strong>U-turn</strong>!<br></div><div class="battle-history"><small>(Rotom lost 16% of its health!)</small><br></div><div class="chat chatmessage-harmony96369"><strong style="color:#b06d27"><small>☆</small><span class="username" data-name="harmony96369">harmony96369</span>:</strong> <em>WHY</em></div><div class="spacer battle-history"><br></div><div class="battle-history">The opposing Fidelis went back to BlaueBrause!<br></div><div class="battle-history">BlaueBrause sent out Kusanagi (<strong>Serperior</strong>)!<br></div><div class="spacer battle-history"><br></div><h2 class="battle-history">Turn 10</h2><div class="chat chatmessage-blauebrause mine"><strong style="color:#6b66e4"><small>☆</small><span class="username" data-name="BlaueBrause">BlaueBrause</span>:</strong> <em>sorry &gt;.&lt;</em></div><div class="spacer battle-history"><br></div><div class="battle-history">Rotom, come back!<br></div><div class="battle-history">Go! <strong>Scizor</strong>!<br></div><div class="spacer battle-history"><br></div><div class="battle-history">The opposing Kusanagi used <strong>Substitute</strong>!<br></div><div class="battle-history"><small>The opposing Kusanagi put in a substitute!</small><br></div><div class="battle-history"><small>(The opposing Kusanagi lost <abbr title="−76/305">24.9%</abbr> of its health!)</small><br></div><div class="spacer battle-history"><br></div><div class="battle-history"><small>The opposing Kusanagi restored a little HP using its Leftovers!</small><br></div><div class="spacer battle-history"><br></div><h2 class="battle-history">Turn 11</h2><div class="chat chatmessage-harmony96369"><strong style="color:#b06d27"><small>☆</small><span class="username" data-name="harmony96369">harmony96369</span>:</strong> <em>its ok</em></div><div class="spacer battle-history"><br></div><div class="battle-history">The opposing Kusanagi used <strong>Leaf Storm</strong>!<br></div><div class="battle-history"><small>It's not very effective...</small><br></div><div class="battle-history"><small>(Scizor lost 8% of its health!)</small><br></div><div class="battle-history"><small>The opposing Kusanagi's Sp. Atk rose sharply!</small><br></div><div class="spacer battle-history"><br></div><div class="battle-history">Scizor used <strong>Knock Off</strong>!<br></div><div class="battle-history"><small>The opposing Kusanagi's substitute faded!</small><br></div><div class="spacer battle-history"><br></div><div class="battle-history"><small>The opposing Kusanagi restored a little HP using its Leftovers!</small><br></div><div class="spacer battle-history"><br></div><h2 class="battle-history">Turn 12</h2><div class="chat chatmessage-harmony96369"><strong style="color:#b06d27"><small>☆</small><span class="username" data-name="harmony96369">harmony96369</span>:</strong> <em>its my life</em></div><div class="spacer battle-history"><br></div><div class="battle-history">The opposing Kusanagi used <strong>Hidden Power</strong>!<br></div><div class="battle-history"><small>It's super effective!</small><br></div><div class="battle-history"><small>(Scizor lost 76% of its health!)</small><br></div><div class="spacer battle-history"><br></div><div class="battle-history">Scizor fainted!<br></div><div class="spacer battle-history"><br></div><div class="battle-history"><small>The opposing Kusanagi restored a little HP using its Leftovers!</small><br></div><div class="chat chatmessage-harmony96369"><strong style="color:#b06d27"><small>☆</small><span class="username" data-name="harmony96369">harmony96369</span>:</strong> <em>ow</em></div><div class="spacer battle-history"><br></div><div class="battle-history">Go! <strong>Greninja</strong>!<br></div><div class="spacer battle-history"><br></div><h2 class="battle-history">Turn 13</h2><div class="spacer battle-history"><br></div><div class="battle-history">BlaueBrause withdrew Kusanagi!<br></div><div class="battle-history">BlaueBrause sent out Where is Nemo? (<strong>Wishiwashi-Mega-School</strong>)!<br></div><div class="spacer battle-history"><br></div><div class="battle-history">Greninja used <strong>U-turn</strong>!<br></div><div class="battle-history"><small>(The opposing Where is Nemo? lost <abbr title="−31/394">7.9%</abbr> of its health!)</small><br></div><div class="spacer battle-history"><br></div><div class="battle-history">Greninja went back to harmony96369!<br></div><div class="battle-history">Go! <strong>Heliolisk</strong>!<br></div><div class="spacer battle-history"><br></div><h2 class="battle-history">Turn 14</h2><div class="spacer battle-history"><br></div><div class="battle-history">Heliolisk used <strong>Volt Switch</strong>!<br></div><div class="battle-history"><small>It's super effective!</small><br></div><div class="battle-history"><small>(The opposing Where is Nemo? lost <abbr title="−143/394">36.3%</abbr> of its health!)</small><br></div><div class="battle-history"><small>Heliolisk lost some of its HP!</small><br></div><div class="spacer battle-history"><br></div><div class="battle-history">Heliolisk went back to harmony96369!<br></div><div class="battle-history">Go! <strong>Politoed</strong>!<br></div><div class="battle-history">[Politoed's Drizzle]<br><small>It started to rain!</small><br></div><div class="spacer battle-history"><br></div><div class="battle-history">The opposing Where is Nemo? used <strong>Wish</strong>!<br></div><div class="spacer battle-history"><br></div><div class="battle-history"><small>(Rain continues to fall.)</small><br></div><div class="spacer battle-history"><br></div><h2 class="battle-history">Turn 15</h2><div class="spacer battle-history"><br></div><div class="battle-history">The opposing Where is Nemo? used <strong>Protect</strong>!<br></div><div class="battle-history"><small>The opposing Where is Nemo? protected itself!</small><br></div><div class="spacer battle-history"><br></div><div class="battle-history">Politoed used <strong>Scald</strong>!<br></div><div class="battle-history"><small>The opposing Where is Nemo? protected itself!</small><br></div><div class="spacer battle-history"><br></div><div class="battle-history"><small>(Rain continues to fall.)</small><br></div><div class="battle-history"><small>Where is Nemo?'s wish came true!</small><br></div><div class="spacer battle-history"><br></div><h2 class="battle-history">Turn 16</h2><div class="spacer battle-history"><br></div><div class="battle-history">Politoed used <strong>Scald</strong>!<br></div><div class="battle-history"><small>It's not very effective...</small><br></div><div class="battle-history"><small>(The opposing Where is Nemo? lost <abbr title="−44/394">11.2%</abbr> of its health!)</small><br></div><div class="spacer battle-history"><br></div><div class="battle-history">The opposing Where is Nemo? used <strong>Flip Turn</strong>!<br></div><div class="battle-history"><small>It's not very effective...</small><br></div><div class="battle-history"><small>(Politoed lost 23% of its health!)</small><br></div><div class="battle-history"><small>Politoed is switched out with the Eject Button!</small><br></div><div class="spacer battle-history"><br></div><div class="battle-history">Politoed, come back!<br></div><div class="battle-history">Go! <strong>Delibird</strong>!<br></div><div class="spacer battle-history"><br></div><div class="battle-history"><small>(Rain continues to fall.)</small><br></div><div class="spacer battle-history"><br></div><h2 class="battle-history">Turn 17</h2><div class="spacer battle-history"><br></div><div class="battle-history"><small>Delibird's Delibirdite is reacting to the Key Stone!</small><br>Delibird has Mega Evolved into Mega Delibird!<br></div><div class="battle-history">[Delibird's Spirit of Giving]<br></div><div class="battle-history"><small>Politoed obtained one Eject Button.</small><br></div><div class="chat"><ul class="utilichart"><li class="result"><span class="col pokemonnamecol" style="white-space: nowrap">Delibird-Mega</span> <span class="col typecol"><img src="https://play.pokemonshowdown.com/sprites/types/Ice.png" alt="Ice" height="14" width="32"><img src="https://play.pokemonshowdown.com/sprites/types/Flying.png" alt="Flying" height="14" width="32"></span> <span style="float: left ; min-height: 26px"><span class="col abilitycol">Spirit of Giving</span><span class="col abilitycol"></span></span><span style="float: left ; min-height: 26px"><span class="col statcol"><em>HP</em><br>45</span> <span class="col statcol"><em>Atk</em><br>25</span> <span class="col statcol"><em>Def</em><br>120</span> <span class="col statcol"><em>SpA</em><br>85</span> <span class="col statcol"><em>SpD</em><br>120</span> <span class="col statcol"><em>Spe</em><br>35</span> </span></li><li style="clear: both"></li></ul></div><div class="spacer battle-history"><br></div><div class="battle-history">Delibird used <strong>U-turn</strong>!<br></div><div class="battle-history"><small>(The opposing Where is Nemo? lost <abbr title="−13/394">3.3%</abbr> of its health!)</small><br></div><div class="spacer battle-history"><br></div><div class="battle-history">Delibird went back to harmony96369!<br></div><div class="battle-history">Go! Rotom (<strong>Rotom-Wash</strong>)!<br></div><div class="spacer battle-history"><br></div><div class="battle-history">The opposing Where is Nemo? used <strong>Flip Turn</strong>!<br></div><div class="battle-history"><small>It's not very effective...</small><br></div><div class="battle-history"><small>(Rotom lost 23% of its health!)</small><br></div><div class="spacer battle-history"><br></div><div class="battle-history">BlaueBrause withdrew Where is Nemo?!<br></div><div class="battle-history">BlaueBrause sent out Kusanagi (<strong>Serperior</strong>)!<br></div><div class="spacer battle-history"><br></div><div class="battle-history"><small>(Rain continues to fall.)</small><br></div><div class="battle-history"><small>The opposing Kusanagi restored a little HP using its Leftovers!</small><br></div><div class="spacer battle-history"><br></div><h2 class="battle-history">Turn 18</h2><div class="spacer battle-history"><br></div><div class="battle-history">The opposing Kusanagi used <strong>Leaf Storm</strong>!<br></div><div class="battle-history"><small>It's super effective!</small><br></div><div class="battle-history"><small>(Rotom lost 61% of its health!)</small><br></div><div class="battle-history"><small>The opposing Kusanagi's Sp. Atk rose sharply!</small><br></div><div class="spacer battle-history"><br></div><div class="battle-history">Rotom fainted!<br></div><div class="spacer battle-history"><br></div><div class="battle-history"><small>The rain stopped.</small><br></div><div class="chat chatmessage-harmony96369"><strong style="color:#b06d27"><small>☆</small><span class="username" data-name="harmony96369">harmony96369</span>:</strong> <em>ow again</em></div><div class="spacer battle-history"><br></div><div class="battle-history">Go! <strong>Politoed</strong>!<br></div><div class="battle-history">[Politoed's Drizzle]<br><small>It started to rain!</small><br></div><div class="spacer battle-history"><br></div><h2 class="battle-history">Turn 19</h2><div class="chat chatmessage-harmony96369"><strong style="color:#b06d27"><small>☆</small><span class="username" data-name="harmony96369">harmony96369</span>:</strong> <em>plz miss</em></div><div class="chat chatmessage-blauebrause mine"><strong style="color:#6b66e4"><small>☆</small><span class="username" data-name="BlaueBrause">BlaueBrause</span>:</strong> <em>I think Wishi's most promising set is Wish, Flip Turn</em></div><div class="spacer battle-history"><br></div><div class="battle-history">The opposing Kusanagi used <strong>Leaf Storm</strong>!<br></div><div class="battle-history"><small>It's super effective!</small><br></div><div class="battle-history"><small>(Politoed lost 77% of its health!)</small><br></div><div class="battle-history"><small>The opposing Kusanagi's Sp. Atk rose sharply!</small><br></div><div class="spacer battle-history"><br></div><div class="battle-history">Politoed fainted!<br></div><div class="spacer battle-history"><br></div><div class="battle-history"><small>(Rain continues to fall.)</small><br></div><div class="chat chatmessage-harmony96369"><strong style="color:#b06d27"><small>☆</small><span class="username" data-name="harmony96369">harmony96369</span>:</strong> <em>NO</em></div><div class="spacer battle-history"><br></div><div class="battle-history">Go! <strong>Greninja</strong>!<br></div><div class="spacer battle-history"><br></div><h2 class="battle-history">Turn 20</h2><div class="spacer battle-history"><br></div><div class="battle-history">Greninja used <strong>U-turn</strong>!<br></div><div class="battle-history"><small>It's super effective!</small><br></div><div class="battle-history"><small>(The opposing Kusanagi lost <abbr title="−94/305">30.8%</abbr> of its health!)</small><br></div><div class="spacer battle-history"><br></div><div class="battle-history">Greninja went back to harmony96369!<br></div><div class="battle-history">Go! <strong>Heliolisk</strong>!<br></div><div class="spacer battle-history"><br></div><div class="battle-history">The opposing Kusanagi used <strong>Leaf Storm</strong>!<br></div><div class="battle-history"><small>(Heliolisk lost 71% of its health!)</small><br></div><div class="battle-history"><small>The opposing Kusanagi's Sp. Atk rose sharply!</small><br></div><div class="spacer battle-history"><br></div><div class="battle-history">Heliolisk fainted!<br></div><div class="spacer battle-history"><br></div><div class="battle-history"><small>(Rain continues to fall.)</small><br></div><div class="battle-history"><small>The opposing Kusanagi restored a little HP using its Leftovers!</small><br></div><div class="spacer battle-history"><br></div><div class="battle-history">Go! <strong>Greninja</strong>!<br></div><div class="spacer battle-history"><br></div><h2 class="battle-history">Turn 21</h2><div class="spacer battle-history"><br></div><div class="battle-history">BlaueBrause withdrew Kusanagi!<br></div><div class="battle-history">BlaueBrause sent out Where is Nemo? (<strong>Wishiwashi-Mega-School</strong>)!<br></div><div class="battle-history"><small>Greninja surrounded itself with its Z-Power!</small><br></div><div class="spacer battle-history"><br></div><div class="battle-history"><small>Greninja unleashes its full-force Z-Move!</small><br>Greninja used <strong>Hydro Vortex</strong>!<br></div><div class="battle-history"><small>It's not very effective...</small><br></div><div class="battle-history"><small>(The opposing Where is Nemo? lost <abbr title="−87/394">22.1%</abbr> of its health!)</small><br></div><div class="spacer battle-history"><br></div><div class="battle-history"><small>(Rain continues to fall.)</small><br></div><div class="spacer battle-history"><br></div><h2 class="battle-history">Turn 22</h2><div class="chat chatmessage-harmony96369"><strong style="color:#b06d27"><small>☆</small><span class="username" data-name="harmony96369">harmony96369</span>:</strong> <em>i was gonna forfeit, but im gonna givve it to u</em></div><div class="spacer battle-history"><br></div><div class="battle-history">Greninja used <strong>Dark Pulse</strong>!<br></div><div class="battle-history"><small>(The opposing Where is Nemo? lost <abbr title="−60/394">15.2%</abbr> of its health!)</small><br></div><div class="spacer battle-history"><br></div><div class="battle-history">The opposing Where is Nemo? used <strong>Wish</strong>!<br></div><div class="spacer battle-history"><br></div><div class="battle-history"><small>(Rain continues to fall.)</small><br></div><div class="spacer battle-history"><br></div><h2 class="battle-history">Turn 23</h2><div class="chat chatmessage-harmony96369"><strong style="color:#b06d27"><small>☆</small><span class="username" data-name="harmony96369">harmony96369</span>:</strong> <em>wait gtg</em></div><div class="chat chatmessage-blauebrause mine"><strong style="color:#6b66e4"><small>☆</small><span class="username" data-name="BlaueBrause">BlaueBrause</span>:</strong> <em>okay</em></div><div class="chat chatmessage-harmony96369"><strong style="color:#b06d27"><small>☆</small><span class="username" data-name="harmony96369">harmony96369</span>:</strong> <em>gotta forf sorry</em></div><div class="spacer battle-history"><br></div><div class="battle-history"><small>harmony96369 forfeited.</small><br></div><div class="spacer battle-history"><br></div><div class="battle-history"><strong>BlaueBrause</strong> won the battle!<br></div><div class="chat"><small>☆harmony96369 left</small></div></div><div class="inner-preempt message-log"></div></div></div>
</div>
<script>
let daily = Math.floor(Date.now()/1000/60/60/24);document.write('<script src="https://dragonheaven.herokuapp.com/js/replay-embed.js?version'+daily+'"></'+'script>');
</script>
