<!DOCTYPE html>
<meta charset="utf-8" />
<!-- version 1 -->
<title>[Gen 8] M4A Suspect replay: Coppersmith vs. EeveeGirl1380</title>
<style>
html,body {font-family:Verdana, sans-serif;font-size:10pt;margin:0;padding:0;}body{padding:12px 0;} .battle-log {font-family:Verdana, sans-serif;font-size:10pt;} .battle-log-inline {border:1px solid #AAAAAA;background:#EEF2F5;color:black;max-width:640px;margin:0 auto 80px;padding-bottom:5px;} .battle-log .inner {padding:4px 8px 0px 8px;} .battle-log .inner-preempt {padding:0 8px 4px 8px;} .battle-log .inner-after {margin-top:0.5em;} .battle-log h2 {margin:0.5em -8px;padding:4px 8px;border:1px solid #AAAAAA;background:#E0E7EA;border-left:0;border-right:0;font-family:Verdana, sans-serif;font-size:13pt;} .battle-log .chat {vertical-align:middle;padding:3px 0 3px 0;font-size:8pt;} .battle-log .chat strong {color:#40576A;} .battle-log .chat em {padding:1px 4px 1px 3px;color:#000000;font-style:normal;} .chat.mine {background:rgba(0,0,0,0.05);margin-left:-8px;margin-right:-8px;padding-left:8px;padding-right:8px;} .spoiler {color:#BBBBBB;background:#BBBBBB;padding:0px 3px;} .spoiler:hover, .spoiler:active, .spoiler-shown {color:#000000;background:#E2E2E2;padding:0px 3px;} .spoiler a {color:#BBBBBB;} .spoiler:hover a, .spoiler:active a, .spoiler-shown a {color:#2288CC;} .chat code, .chat .spoiler:hover code, .chat .spoiler:active code, .chat .spoiler-shown code {border:1px solid #C0C0C0;background:#EEEEEE;color:black;padding:0 2px;} .chat .spoiler code {border:1px solid #CCCCCC;background:#CCCCCC;color:#CCCCCC;} .battle-log .rated {padding:3px 4px;} .battle-log .rated strong {color:white;background:#89A;padding:1px 4px;border-radius:4px;} .spacer {margin-top:0.5em;} .message-announce {background:#6688AA;color:white;padding:1px 4px 2px;} .message-announce a, .broadcast-green a, .broadcast-blue a, .broadcast-red a {color:#DDEEFF;} .broadcast-green {background-color:#559955;color:white;padding:2px 4px;} .broadcast-blue {background-color:#6688AA;color:white;padding:2px 4px;} .infobox {border:1px solid #6688AA;padding:2px 4px;} .infobox-limited {max-height:200px;overflow:auto;overflow-x:hidden;} .broadcast-red {background-color:#AA5544;color:white;padding:2px 4px;} .message-learn-canlearn {font-weight:bold;color:#228822;text-decoration:underline;} .message-learn-cannotlearn {font-weight:bold;color:#CC2222;text-decoration:underline;} .message-effect-weak {font-weight:bold;color:#CC2222;} .message-effect-resist {font-weight:bold;color:#6688AA;} .message-effect-immune {font-weight:bold;color:#666666;} .message-learn-list {margin-top:0;margin-bottom:0;} .message-throttle-notice, .message-error {color:#992222;} .message-overflow, .chat small.message-overflow {font-size:0pt;} .message-overflow::before {font-size:9pt;content:'...';} .subtle {color:#3A4A66;}
</style>
<div class="wrapper replay-wrapper" style="max-width:1180px;margin:0 auto">
<input type="hidden" name="replayid" value="dragonheaven-gen8m4asuspect-258" />
<div class="battle"></div><div class="battle-log"></div><div class="replay-controls"></div><div class="replay-controls-2"></div>
<h1 style="font-weight:normal;text-align:center"><strong>[Gen 8] M4A Suspect</strong><br /><a href="http://pokemonshowdown.com/users/coppersmith" class="subtle" target="_blank">Coppersmith</a> vs. <a href="http://pokemonshowdown.com/users/eeveegirl1380" class="subtle" target="_blank">EeveeGirl1380</a></h1>
<script type="text/plain" class="battle-log-data">|j|☆Coppersmith
|j|☆EeveeGirl1380
|t:|1621714932
|player|p1|Coppersmith|pokemonranger-gen4|
|player|p2|EeveeGirl1380|lady|
|teamsize|p1|6
|teamsize|p2|6
|gametype|singles
|gen|8
|tier|[Gen 8] M4A Suspect
|clearpoke
|poke|p1|Dhelmise|
|poke|p1|Hydreigon, F|
|poke|p1|Zapdos|
|poke|p1|Buzzwole|
|poke|p1|Slowbro, M|
|poke|p1|Nidoqueen, F|
|poke|p2|Zamazenta-Crowned|
|poke|p2|Volcarona, M|
|poke|p2|Corviknight, M|
|poke|p2|Gastrodon-East, M|
|poke|p2|Landorus-Therian, M|
|poke|p2|Clefable, M|
|rule|HP Percentage Mod: HP is shown in percentages
|rule|Endless Battle Clause: Forcing endless battles is banned
|rule|OHKO Clause: OHKO moves are banned
|rule|Evasion Moves Clause: Evasion moves are banned
|rule|Species Clause: Limit one of each Pokémon
|rule|Dynamax Clause: You cannot dynamax
|rule|Sleep Clause Mod: Limit one foe put to sleep
|rule|Freeze Clause Mod: Limit one foe frozen
|raw|<img src="https:\/\/www.smogon.com\/forums\/attachments\/banner_2-png.302358\/" height="65" width="381">
|-message|Welcome to Megas for All!
|-message|This is a National Dex-based format where we aim to give a new Mega Evolution to every Pokémon.
|-message|Just like any official format, you can still only Mega Evolve one Pokémon per team!
|-message|You can find our thread and metagame resources here:
|-message|https:\/\/www.smogon.com\/forums\/threads\/3671140\/
|teampreview
|j|+inkbug1

|j| exploziff
|c|☆EeveeGirl1380|so are we doing a bo3?
|c|☆EeveeGirl1380|also
|c|☆EeveeGirl1380|glhf
|j| Time to chill
|c|☆Coppersmith|u2! bo3 yea
|
|t:|1621714976
|start
|switch|p1a: Slowbro|Slowbro, M|100\/100
|switch|p2a: Raven|Corviknight, M|100\/100
|-ability|p2a: Raven|Pressure
|turn|1
|c|☆EeveeGirl1380|oksy
|j| JosJet
|j| Ninjacid
|
|t:|1621714981
|move|p2a: Raven|U-turn|p1a: Slowbro
|-supereffective|p1a: Slowbro
|-damage|p1a: Slowbro|83\/100
|
|t:|1621714989
|switch|p2a: Squoop|Gastrodon-East, M|100\/100|[from]move: U-turn
|move|p1a: Slowbro|Future Sight|p2a: Squoop
|-start|p1a: Slowbro|move: Future Sight
|
|upkeep
|turn|2
|
|t:|1621715016
|move|p2a: Squoop|Earthquake|p1a: Slowbro
|-damage|p1a: Slowbro|64\/100
|move|p1a: Slowbro|Teleport|p1a: Slowbro
|
|t:|1621715030
|switch|p1a: Dhelmise|Dhelmise|100\/100|[from]move: Teleport
|
|upkeep
|turn|3
|
|t:|1621715051
|switch|p1a: Slowbro|Slowbro, M|97\/100
|switch|p2a: Zamazenta|Zamazenta-Crowned|100\/100
|-ability|p2a: Zamazenta|Dauntless Shield|boost
|-boost|p2a: Zamazenta|def|1
|
|-end|p2a: Zamazenta|move: Future Sight
|-damage|p2a: Zamazenta|70\/100
|upkeep
|turn|4
|
|t:|1621715066
|switch|p2a: Raven|Corviknight, M|100\/100
|-ability|p2a: Raven|Pressure
|move|p1a: Slowbro|Scald|p2a: Raven
|-damage|p2a: Raven|80\/100
|
|-heal|p2a: Raven|86\/100|[from] item: Leftovers
|upkeep
|turn|5
|c|☆Coppersmith|i have good zama prep
|c|☆EeveeGirl1380|yeah'
|c|☆EeveeGirl1380|imean its a zama toun
|c| exploziff|the anti zama squad
|j| Sticky Paulao⌐◼_◼
|c|☆Coppersmith|~~aka my whole team but drei~~
|
|t:|1621715089
|move|p2a: Raven|U-turn|p1a: Slowbro
|-supereffective|p1a: Slowbro
|-damage|p1a: Slowbro|80\/100
|
|t:|1621715096
|switch|p2a: Squoop|Gastrodon-East, M|100\/100|[from]move: U-turn
|move|p1a: Slowbro|Teleport|p1a: Slowbro
|
|t:|1621715120
|switch|p1a: Hydreigon|Hydreigon, F|100\/100|[from]move: Teleport
|
|upkeep
|turn|6
|
|t:|1621715181
|switch|p2a: Clefable|Clefable, M|100\/100
|move|p1a: Hydreigon|Nasty Plot|p1a: Hydreigon
|-boost|p1a: Hydreigon|spa|2
|
|upkeep
|turn|7
|c| Ninjacid|Calcs 
|c|☆EeveeGirl1380|*intert jeopardy music* 
|c| JosJet|lol
|
|t:|1621715357
|-zpower|p1a: Hydreigon
|move|p1a: Hydreigon|Tectonic Rage|p2a: Clefable|[zeffect]
|-damage|p2a: Clefable|0 fnt
|faint|p2a: Clefable
|
|upkeep
|c|☆EeveeGirl1380|ah
|c|☆EeveeGirl1380|well
|
|t:|1621715372
|switch|p2a: Zamazenta|Zamazenta-Crowned|70\/100
|-ability|p2a: Zamazenta|Dauntless Shield|boost
|-boost|p2a: Zamazenta|def|1
|turn|8
|
|t:|1621715384
|switch|p1a: Slowbro|Slowbro, M|100\/100
|move|p2a: Zamazenta|Close Combat|p1a: Slowbro
|-resisted|p1a: Slowbro
|-damage|p1a: Slowbro|83\/100
|-unboost|p2a: Zamazenta|def|1
|-unboost|p2a: Zamazenta|spd|1
|
|upkeep
|turn|9
|l| Ninjacid
|
|t:|1621715403
|switch|p2a: Squoop|Gastrodon-East, M|100\/100
|move|p1a: Slowbro|Teleport|p1a: Slowbro
|j| Ninjacid
|c|☆Coppersmith|i was pretty sure it was mega clef so i took the risk of staying in
|
|t:|1621715412
|switch|p1a: Hydreigon|Hydreigon, F|100\/100|[from]move: Teleport
|
|upkeep
|turn|10
|c|☆EeveeGirl1380|this might be a very
|c|☆EeveeGirl1380|very
|c|☆EeveeGirl1380|long battle
|
|t:|1621715425
|move|p1a: Hydreigon|Nasty Plot|p1a: Hydreigon
|-boost|p1a: Hydreigon|spa|2
|move|p2a: Squoop|Scald|p1a: Hydreigon
|-resisted|p1a: Hydreigon
|-damage|p1a: Hydreigon|88\/100
|
|upkeep
|turn|11
|
|t:|1621715428
|move|p1a: Hydreigon|Dark Pulse|p2a: Squoop
|-damage|p2a: Squoop|36\/100
|move|p2a: Squoop|Clear Smog|p1a: Hydreigon
|-damage|p1a: Hydreigon|78\/100
|-clearboost|p1a: Hydreigon
|
|-heal|p2a: Squoop|42\/100|[from] item: Leftovers
|upkeep
|turn|12
|c| exploziff|mega clef could have been faster tho
|
|t:|1621715434
|switch|p2a: Zamazenta|Zamazenta-Crowned|70\/100
|-ability|p2a: Zamazenta|Dauntless Shield|boost
|-boost|p2a: Zamazenta|def|1
|move|p1a: Hydreigon|Dark Pulse|p2a: Zamazenta
|-resisted|p2a: Zamazenta
|-damage|p2a: Zamazenta|56\/100
|
|upkeep
|turn|13
|
|t:|1621715439
|switch|p1a: Slowbro|Slowbro, M|100\/100
|move|p2a: Zamazenta|Close Combat|p1a: Slowbro
|-resisted|p1a: Slowbro
|-damage|p1a: Slowbro|81\/100
|-unboost|p2a: Zamazenta|def|1
|-unboost|p2a: Zamazenta|spd|1
|
|upkeep
|turn|14
|
|t:|1621715455
|switch|p2a: Raven|Corviknight, M|86\/100
|-ability|p2a: Raven|Pressure
|move|p1a: Slowbro|Teleport|p1a: Slowbro
|
|t:|1621715461
|switch|p1a: Zapdos|Zapdos|100\/100|[from]move: Teleport
|
|-heal|p2a: Raven|92\/100|[from] item: Leftovers
|upkeep
|turn|15
|
|t:|1621715475
|switch|p2a: Lando|Landorus-Therian, M|100\/100
|-ability|p2a: Lando|Intimidate|boost
|-unboost|p1a: Zapdos|atk|1
|move|p1a: Zapdos|Volt Switch|p2a: Lando
|-immune|p2a: Lando
|
|upkeep
|turn|16
|
|t:|1621715484
|switch|p1a: Slowbro|Slowbro, M|100\/100
|move|p2a: Lando|Stealth Rock|p1a: Slowbro
|-sidestart|p1: Coppersmith|move: Stealth Rock
|
|upkeep
|turn|17
|
|t:|1621715499
|switch|p2a: Squoop|Gastrodon-East, M|42\/100
|move|p1a: Slowbro|Future Sight|p2a: Squoop
|-start|p1a: Slowbro|move: Future Sight
|
|-heal|p2a: Squoop|48\/100|[from] item: Leftovers
|upkeep
|turn|18
|
|t:|1621715502
|move|p2a: Squoop|Recover|p2a: Squoop
|-heal|p2a: Squoop|98\/100
|move|p1a: Slowbro|Teleport|p1a: Slowbro
|
|t:|1621715515
|switch|p1a: Zapdos|Zapdos|100\/100|[from]move: Teleport
|
|-heal|p2a: Squoop|100\/100|[from] item: Leftovers
|upkeep
|turn|19
|
|t:|1621715522
|move|p1a: Zapdos|Defog|p2a: Squoop
|-unboost|p2a: Squoop|evasion|1
|-sideend|p1: Coppersmith|Stealth Rock|[from] move: Defog|[of] p1a: Zapdos
|move|p2a: Squoop|Scald|p1a: Zapdos
|-damage|p1a: Zapdos|82\/100
|
|-end|p2a: Squoop|move: Future Sight
|-damage|p2a: Squoop|65\/100
|-heal|p2a: Squoop|71\/100|[from] item: Leftovers
|upkeep
|turn|20
|
|t:|1621715532
|move|p1a: Zapdos|Hurricane|p2a: Squoop
|-damage|p2a: Squoop|27\/100
|move|p2a: Squoop|Scald|p1a: Zapdos
|-damage|p1a: Zapdos|63\/100
|
|-heal|p2a: Squoop|34\/100|[from] item: Leftovers
|upkeep
|turn|21
|
|t:|1621715546
|switch|p2a: Raven|Corviknight, M|92\/100
|-ability|p2a: Raven|Pressure
|move|p1a: Zapdos|Roost|p1a: Zapdos
|-heal|p1a: Zapdos|100\/100
|-singleturn|p1a: Zapdos|move: Roost
|
|-heal|p2a: Raven|98\/100|[from] item: Leftovers
|upkeep
|turn|22
|
|t:|1621715551
|switch|p2a: Lando|Landorus-Therian, M|100\/100
|-ability|p2a: Lando|Intimidate|boost
|-unboost|p1a: Zapdos|atk|1
|move|p1a: Zapdos|Hurricane|p2a: Lando
|-damage|p2a: Lando|37\/100
|
|upkeep
|turn|23
|c| exploziff|is it bo3 or bo1 btw ?
|j| IsoCon
|c|☆EeveeGirl1380|bo3
|c|☆Coppersmith|bo3
|c|☆EeveeGirl1380|so
|c|☆EeveeGirl1380|very
|c|☆EeveeGirl1380|very
|c|☆EeveeGirl1380|long
|c| exploziff|first game ?
|c|☆EeveeGirl1380|yeah
|c| exploziff|i'll go grab a bite then
|
|t:|1621715586
|switch|p2a: Raven|Corviknight, M|98\/100
|-ability|p2a: Raven|Pressure
|move|p1a: Zapdos|Hurricane|p2a: Raven
|-resisted|p2a: Raven
|-damage|p2a: Raven|82\/100
|-start|p2a: Raven|confusion
|
|-heal|p2a: Raven|88\/100|[from] item: Leftovers
|upkeep
|turn|24
|c|☆Coppersmith|yeah maybe playing a bo3 was the wrong call bc im sorta known for long games now >-<
|c|☆EeveeGirl1380|uh
|c|☆EeveeGirl1380|yeah
|c|☆EeveeGirl1380|this might have been bad
|
|t:|1621715625
|move|p1a: Zapdos|Hurricane|p2a: Raven|[miss]
|-miss|p1a: Zapdos|p2a: Raven
|-activate|p2a: Raven|confusion
|-damage|p2a: Raven|82\/100|[from] confusion
|
|-heal|p2a: Raven|88\/100|[from] item: Leftovers
|upkeep
|turn|25
|c|☆EeveeGirl1380|well
|
|t:|1621715635
|move|p1a: Zapdos|Volt Switch|p2a: Raven
|-supereffective|p2a: Raven
|-damage|p2a: Raven|44\/100
|
|t:|1621715645
|switch|p1a: Slowbro|Slowbro, M|100\/100|[from]move: Volt Switch
|-activate|p2a: Raven|confusion
|move|p2a: Raven|U-turn|p1a: Slowbro
|-supereffective|p1a: Slowbro
|-damage|p1a: Slowbro|83\/100
|
|t:|1621715658
|switch|p2a: Helios|Volcarona, M|100\/100|[from]move: U-turn
|
|upkeep
|turn|26
|
|t:|1621715661
|move|p2a: Helios|Quiver Dance|p2a: Helios
|-boost|p2a: Helios|spa|1
|-boost|p2a: Helios|spd|1
|-boost|p2a: Helios|spe|1
|move|p1a: Slowbro|Teleport|p1a: Slowbro
|
|t:|1621715663
|switch|p1a: Dhelmise|Dhelmise|100\/100|[from]move: Teleport
|
|upkeep
|turn|27
|
|t:|1621715675
|detailschange|p1a: Dhelmise|Dhelmise-Mega
|-mega|p1a: Dhelmise|Dhelmise|Dhelmite
|-weather|PrimordialSea|[from] ability: Primordial Sea|[of] p1a: Dhelmise
|-start|p1a: Dhelmise|typechange|Ghost\/Steel|[silent]
|raw|<ul class="utilichart"><li class="result"><span class="col pokemonnamecol" style="white-space: nowrap">Dhelmise-Mega<\/span> <span class="col typecol"><img src="https:\/\/play.pokemonshowdown.com\/sprites\/types\/Ghost.png" alt="Ghost" height="14" width="32"><img src="https:\/\/play.pokemonshowdown.com\/sprites\/types\/Steel.png" alt="Steel" height="14" width="32"><\/span> <span style="float: left ; min-height: 26px"><span class="col abilitycol">Primordial Sea<\/span><span class="col abilitycol"><\/span><\/span><span style="float: left ; min-height: 26px"><span class="col statcol"><em>HP<\/em><br>70<\/span> <span class="col statcol"><em>Atk<\/em><br>151<\/span> <span class="col statcol"><em>Def<\/em><br>115<\/span> <span class="col statcol"><em>SpA<\/em><br>116<\/span> <span class="col statcol"><em>SpD<\/em><br>115<\/span> <span class="col statcol"><em>Spe<\/em><br>50<\/span> <\/span><\/li><li style="clear: both"><\/li><\/ul>
|move|p2a: Helios|Fire Blast||[still]
|-fail|p2a: Helios|Fire Blast|[from] Primordial Sea
|move|p1a: Dhelmise|Substitute|p1a: Dhelmise
|-start|p1a: Dhelmise|Substitute
|-damage|p1a: Dhelmise|76\/100
|
|-weather|PrimordialSea|[upkeep]
|upkeep
|turn|28
|c|☆EeveeGirl1380|soooooooo
|c|☆EeveeGirl1380|this is going welll
|
|t:|1621715703
|switch|p2a: Squoop|Gastrodon-East, M|34\/100
|move|p1a: Dhelmise|Swords Dance|p1a: Dhelmise
|-boost|p1a: Dhelmise|atk|2
|
|-weather|PrimordialSea|[upkeep]
|-heal|p2a: Squoop|40\/100|[from] item: Leftovers
|upkeep
|turn|29
|
|t:|1621715708
|move|p1a: Dhelmise|Poltergeist|p2a: Squoop
|-activate|p2a: Squoop|move: Poltergeist|Leftovers
|-damage|p2a: Squoop|0 fnt
|faint|p2a: Squoop
|
|-weather|PrimordialSea|[upkeep]
|upkeep
|
|t:|1621715712
|switch|p2a: Zamazenta|Zamazenta-Crowned|56\/100
|-ability|p2a: Zamazenta|Dauntless Shield|boost
|-boost|p2a: Zamazenta|def|1
|turn|30
|
|t:|1621715716
|move|p2a: Zamazenta|Behemoth Bash|p1a: Dhelmise
|-resisted|p1a: Dhelmise
|-end|p1a: Dhelmise|Substitute
|move|p1a: Dhelmise|Poltergeist|p2a: Zamazenta
|-activate|p2a: Zamazenta|move: Poltergeist|Rusted Shield
|-damage|p2a: Zamazenta|0 fnt
|faint|p2a: Zamazenta
|
|-weather|PrimordialSea|[upkeep]
|upkeep
|
|t:|1621715723
|switch|p2a: Lando|Landorus-Therian, M|37\/100
|-ability|p2a: Lando|Intimidate|boost
|-unboost|p1a: Dhelmise|atk|1
|turn|31
|
|t:|1621715734
|-weather|none
|switch|p1a: Nidoqueen|Nidoqueen, F|100\/100
|move|p2a: Lando|Earthquake|p1a: Nidoqueen
|-supereffective|p1a: Nidoqueen
|-damage|p1a: Nidoqueen|0 fnt
|faint|p1a: Nidoqueen
|
|upkeep
|
|t:|1621715741
|switch|p1a: Slowbro|Slowbro, M|100\/100
|turn|32
|
|t:|1621715751
|switch|p2a: Raven|Corviknight, M|44\/100
|-ability|p2a: Raven|Pressure
|move|p1a: Slowbro|Teleport|p1a: Slowbro
|
|t:|1621715770
|switch|p1a: Zapdos|Zapdos|100\/100|[from]move: Teleport
|
|-heal|p2a: Raven|50\/100|[from] item: Leftovers
|upkeep
|turn|33
|
|t:|1621715787
|move|p1a: Zapdos|Hurricane|p2a: Raven|[miss]
|-miss|p1a: Zapdos|p2a: Raven
|move|p2a: Raven|U-turn|p1a: Zapdos
|-resisted|p1a: Zapdos
|-damage|p1a: Zapdos|93\/100
|
|t:|1621715800
|switch|p2a: Helios|Volcarona, M|100\/100|[from]move: U-turn
|
|upkeep
|turn|34
|
|t:|1621715808
|move|p2a: Helios|Quiver Dance|p2a: Helios
|-boost|p2a: Helios|spa|1
|-boost|p2a: Helios|spd|1
|-boost|p2a: Helios|spe|1
|move|p1a: Zapdos|Volt Switch|p2a: Helios
|-damage|p2a: Helios|84\/100
|
|t:|1621715813
|switch|p1a: Dhelmise|Dhelmise-Mega|76\/100|[from]move: Volt Switch
|-start|p1a: Dhelmise|typechange|Ghost\/Steel|[silent]
|-weather|PrimordialSea|[from] ability: Primordial Sea|[of] p1a: Dhelmise
|
|-weather|PrimordialSea|[upkeep]
|upkeep
|turn|35
|
|t:|1621715822
|switch|p2a: Raven|Corviknight, M|50\/100
|-ability|p2a: Raven|Pressure
|move|p1a: Dhelmise|Poltergeist|p2a: Raven
|-activate|p2a: Raven|move: Poltergeist|Leftovers
|-damage|p2a: Raven|0 fnt
|faint|p2a: Raven
|
|-weather|PrimordialSea|[upkeep]
|upkeep
|
|t:|1621715825
|switch|p2a: Lando|Landorus-Therian, M|37\/100
|-ability|p2a: Lando|Intimidate|boost
|-unboost|p1a: Dhelmise|atk|1
|turn|36
|
|t:|1621715836
|-weather|none
|switch|p1a: Slowbro|Slowbro, M|100\/100
|move|p2a: Lando|Earthquake|p1a: Slowbro
|-damage|p1a: Slowbro|65\/100
|
|upkeep
|turn|37
|
|t:|1621715845
|move|p2a: Lando|Swords Dance|p2a: Lando
|-boost|p2a: Lando|atk|2
|move|p1a: Slowbro|Teleport|p1a: Slowbro
|
|t:|1621715850
|switch|p1a: Hydreigon|Hydreigon, F|78\/100|[from]move: Teleport
|
|upkeep
|turn|38
|
|t:|1621715857
|move|p1a: Hydreigon|Dark Pulse|p2a: Lando
|-damage|p2a: Lando|0 fnt
|faint|p2a: Lando
|
|upkeep
|c|☆EeveeGirl1380|ah sit
|
|t:|1621715863
|switch|p2a: Helios|Volcarona, M|84\/100
|turn|39
|
|t:|1621715871
|switch|p1a: Dhelmise|Dhelmise-Mega|76\/100
|-start|p1a: Dhelmise|typechange|Ghost\/Steel|[silent]
|-weather|PrimordialSea|[from] ability: Primordial Sea|[of] p1a: Dhelmise
|move|p2a: Helios|Quiver Dance|p2a: Helios
|-boost|p2a: Helios|spa|1
|-boost|p2a: Helios|spd|1
|-boost|p2a: Helios|spe|1
|
|-weather|PrimordialSea|[upkeep]
|upkeep
|turn|40
|
|t:|1621715874
|move|p2a: Helios|Bug Buzz|p1a: Dhelmise
|-resisted|p1a: Dhelmise
|-damage|p1a: Dhelmise|62\/100
|-unboost|p1a: Dhelmise|spd|1
|move|p1a: Dhelmise|Poltergeist|p2a: Helios
|-activate|p2a: Helios|move: Poltergeist|Heavy-Duty Boots
|-damage|p2a: Helios|23\/100
|
|-weather|PrimordialSea|[upkeep]
|upkeep
|turn|41
|c|☆EeveeGirl1380|this went *well*
|
|t:|1621715885
|move|p2a: Helios|Bug Buzz|p1a: Dhelmise
|-resisted|p1a: Dhelmise
|-damage|p1a: Dhelmise|41\/100
|-unboost|p1a: Dhelmise|spd|1
|move|p1a: Dhelmise|Flip Turn|p2a: Helios
|-supereffective|p2a: Helios
|-damage|p2a: Helios|0 fnt
|faint|p2a: Helios
|
|win|Coppersmith
|c|☆EeveeGirl1380|dang'
|c|☆EeveeGirl1380|gg
|l|☆EeveeGirl1380
|c|☆Coppersmith|gg! 
|c| IsoCon|bitbitio
|c| IsoCon|you could have just won if you went dhelm instead of zapdos</script>
</div>
<div class="battle-log battle-log-inline"><div class="inner"><div class="battle-options"><div style="padding-top: 3px; padding-right: 3px; text-align: right"><button class="icon button" name="openBattleOptions" title="Options">Battle Options</button></div></div><div class="inner message-log"><div class="chat"><small>☆Coppersmith and ☆EeveeGirl1380 joined</small></div><div class=""><small>Format:</small> <br><strong>[Gen 8] M4A Suspect</strong></div><div class=""><small><em>HP Percentage Mod:</em> HP is shown in percentages</small></div><div class=""><small><em>Endless Battle Clause:</em> Forcing endless battles is banned</small></div><div class=""><small><em>OHKO Clause:</em> OHKO moves are banned</small></div><div class=""><small><em>Evasion Moves Clause:</em> Evasion moves are banned</small></div><div class=""><small><em>Species Clause:</em> Limit one of each Pokémon</small></div><div class=""><small><em>Dynamax Clause:</em> You cannot dynamax</small></div><div class=""><small><em>Sleep Clause Mod:</em> Limit one foe put to sleep</small></div><div class=""><small><em>Freeze Clause Mod:</em> Limit one foe frozen</small></div><div class="chat"><img src="https://www.smogon.com/forums/attachments/banner_2-png.302358/" height="65" width="381"></div><div class="spacer battle-history"><br></div><div class="battle-history"><small>Welcome to Megas for All!</small><br></div><div class="battle-history"><small>This is a National Dex-based format where we aim to give a new Mega Evolution to every Pokémon.</small><br></div><div class="battle-history"><small>Just like any official format, you can still only Mega Evolve one Pokémon per team!</small><br></div><div class="battle-history"><small>You can find our thread and metagame resources here:</small><br></div><div class="battle-history"><small>https://www.smogon.com/forums/threads/3671140/</small><br></div><div class="chat battle-history"><strong>Coppersmith's team:</strong> <em style="color:#445566;display:block;">Dhelmise / Hydreigon / Zapdos / Buzzwole / Slowbro / Nidoqueen</em></div><div class="chat battle-history"><strong>EeveeGirl1380's team:</strong> <em style="color:#445566;display:block;">Zamazenta-Crowned / Volcarona / Corviknight / Gastrodon-East / Landorus-Therian / Clefable</em></div><div class="chat"><small>+inkbug1 and  exploziff joined</small></div><div class="chat chatmessage-eeveegirl1380"><strong style="color:#7b6dd7"><small>☆</small><span class="username" data-name="EeveeGirl1380">EeveeGirl1380</span>:</strong> <em>so are we doing a bo3?</em></div><div class="chat chatmessage-eeveegirl1380"><strong style="color:#7b6dd7"><small>☆</small><span class="username" data-name="EeveeGirl1380">EeveeGirl1380</span>:</strong> <em>also</em></div><div class="chat chatmessage-eeveegirl1380"><strong style="color:#7b6dd7"><small>☆</small><span class="username" data-name="EeveeGirl1380">EeveeGirl1380</span>:</strong> <em>glhf</em></div><div class="chat"><small> Time to chill joined</small></div><div class="chat chatmessage-coppersmith"><strong style="color:#0aa445"><small>☆</small><span class="username" data-name="Coppersmith">Coppersmith</span>:</strong> <em>u2! bo3 yea</em></div><div class="spacer battle-history"><br></div><div class="battle-history">Battle started between Coppersmith and EeveeGirl1380!<br></div><div class="spacer battle-history"><br></div><div class="battle-history">Go! <strong>Slowbro</strong>!<br></div><div class="spacer battle-history"><br></div><div class="battle-history">EeveeGirl1380 sent out Raven (<strong>Corviknight</strong>)!<br></div><div class="battle-history">[The opposing Raven's Pressure]<br><small>The opposing Raven is exerting its pressure!</small><br></div><div class="spacer battle-history"><br></div><h2 class="battle-history">Turn 1</h2><div class="chat chatmessage-eeveegirl1380"><strong style="color:#7b6dd7"><small>☆</small><span class="username" data-name="EeveeGirl1380">EeveeGirl1380</span>:</strong> <em>oksy</em></div><div class="chat"><small> JosJet and  Ninjacid joined</small></div><div class="spacer battle-history"><br></div><div class="battle-history">The opposing Raven used <strong>U-turn</strong>!<br></div><div class="battle-history"><small>It's super effective!</small><br></div><div class="battle-history"><small>(Slowbro lost 17% of its health!)</small><br></div><div class="spacer battle-history"><br></div><div class="battle-history">The opposing Raven went back to EeveeGirl1380!<br></div><div class="battle-history">EeveeGirl1380 sent out Squoop (<strong>Gastrodon-East</strong>)!<br></div><div class="spacer battle-history"><br></div><div class="battle-history">Slowbro used <strong>Future Sight</strong>!<br></div><div class="battle-history"><small>Slowbro foresaw an attack!</small><br></div><div class="spacer battle-history"><br></div><h2 class="battle-history">Turn 2</h2><div class="spacer battle-history"><br></div><div class="battle-history">The opposing Squoop used <strong>Earthquake</strong>!<br></div><div class="battle-history"><small>(Slowbro lost 19% of its health!)</small><br></div><div class="spacer battle-history"><br></div><div class="battle-history">Slowbro used <strong>Teleport</strong>!<br></div><div class="spacer battle-history"><br></div><div class="battle-history">Slowbro, come back!<br></div><div class="battle-history">Go! <strong>Dhelmise</strong>!<br></div><div class="spacer battle-history"><br></div><h2 class="battle-history">Turn 3</h2><div class="spacer battle-history"><br></div><div class="battle-history">Dhelmise, come back!<br></div><div class="battle-history">Go! <strong>Slowbro</strong>!<br></div><div class="spacer battle-history"><br></div><div class="battle-history">EeveeGirl1380 withdrew Squoop!<br></div><div class="battle-history">EeveeGirl1380 sent out Zamazenta (<strong>Zamazenta-Crowned</strong>)!<br></div><div class="battle-history">[The opposing Zamazenta's Dauntless Shield]<br></div><div class="battle-history"><small>The opposing Zamazenta's Defense rose!</small><br></div><div class="spacer battle-history"><br></div><div class="battle-history"><small>The opposing Zamazenta took the Future Sight attack!</small><br></div><div class="battle-history"><small>(The opposing Zamazenta lost 30% of its health!)</small><br></div><div class="spacer battle-history"><br></div><h2 class="battle-history">Turn 4</h2><div class="spacer battle-history"><br></div><div class="battle-history">EeveeGirl1380 withdrew Zamazenta!<br></div><div class="battle-history">EeveeGirl1380 sent out Raven (<strong>Corviknight</strong>)!<br></div><div class="battle-history">[The opposing Raven's Pressure]<br><small>The opposing Raven is exerting its pressure!</small><br></div><div class="spacer battle-history"><br></div><div class="battle-history">Slowbro used <strong>Scald</strong>!<br></div><div class="battle-history"><small>(The opposing Raven lost 20% of its health!)</small><br></div><div class="spacer battle-history"><br></div><div class="battle-history"><small>The opposing Raven restored a little HP using its Leftovers!</small><br></div><div class="spacer battle-history"><br></div><h2 class="battle-history">Turn 5</h2><div class="chat chatmessage-coppersmith"><strong style="color:#0aa445"><small>☆</small><span class="username" data-name="Coppersmith">Coppersmith</span>:</strong> <em>i have good zama prep</em></div><div class="chat chatmessage-eeveegirl1380"><strong style="color:#7b6dd7"><small>☆</small><span class="username" data-name="EeveeGirl1380">EeveeGirl1380</span>:</strong> <em>yeah'</em></div><div class="chat chatmessage-eeveegirl1380"><strong style="color:#7b6dd7"><small>☆</small><span class="username" data-name="EeveeGirl1380">EeveeGirl1380</span>:</strong> <em>imean its a zama toun</em></div><div class="chat chatmessage-exploziff"><strong style="color:#70a52f"><small> </small><span class="username" data-name="exploziff">exploziff</span>:</strong> <em>the anti zama squad</em></div><div class="chat"><small> Sticky Paulao⌐◼_◼ joined</small></div><div class="chat chatmessage-coppersmith"><strong style="color:#0aa445"><small>☆</small><span class="username" data-name="Coppersmith">Coppersmith</span>:</strong> <em><s>aka my whole team but drei</s></em></div><div class="spacer battle-history"><br></div><div class="battle-history">The opposing Raven used <strong>U-turn</strong>!<br></div><div class="battle-history"><small>It's super effective!</small><br></div><div class="battle-history"><small>(Slowbro lost 17% of its health!)</small><br></div><div class="spacer battle-history"><br></div><div class="battle-history">The opposing Raven went back to EeveeGirl1380!<br></div><div class="battle-history">EeveeGirl1380 sent out Squoop (<strong>Gastrodon-East</strong>)!<br></div><div class="spacer battle-history"><br></div><div class="battle-history">Slowbro used <strong>Teleport</strong>!<br></div><div class="spacer battle-history"><br></div><div class="battle-history">Slowbro, come back!<br></div><div class="battle-history">Go! <strong>Hydreigon</strong>!<br></div><div class="spacer battle-history"><br></div><h2 class="battle-history">Turn 6</h2><div class="spacer battle-history"><br></div><div class="battle-history">EeveeGirl1380 withdrew Squoop!<br></div><div class="battle-history">EeveeGirl1380 sent out <strong>Clefable</strong>!<br></div><div class="spacer battle-history"><br></div><div class="battle-history">Hydreigon used <strong>Nasty Plot</strong>!<br></div><div class="battle-history"><small>Hydreigon's Sp. Atk rose sharply!</small><br></div><div class="spacer battle-history"><br></div><h2 class="battle-history">Turn 7</h2><div class="chat chatmessage-ninjacid"><strong style="color:#c62447"><small> </small><span class="username" data-name="Ninjacid">Ninjacid</span>:</strong> <em>Calcs </em></div><div class="chat chatmessage-eeveegirl1380"><strong style="color:#7b6dd7"><small>☆</small><span class="username" data-name="EeveeGirl1380">EeveeGirl1380</span>:</strong> <em>*intert jeopardy music* </em></div><div class="chat chatmessage-josjet"><strong style="color:#41b2b6"><small> </small><span class="username" data-name="JosJet">JosJet</span>:</strong> <em>lol</em></div><div class="spacer battle-history"><br></div><div class="battle-history"><small>Hydreigon surrounded itself with its Z-Power!</small><br></div><div class="spacer battle-history"><br></div><div class="battle-history"><small>Hydreigon unleashes its full-force Z-Move!</small><br>Hydreigon used <strong>Tectonic Rage</strong>!<br></div><div class="battle-history"><small>(The opposing Clefable lost 100% of its health!)</small><br></div><div class="spacer battle-history"><br></div><div class="battle-history">The opposing Clefable fainted!<br></div><div class="chat chatmessage-eeveegirl1380"><strong style="color:#7b6dd7"><small>☆</small><span class="username" data-name="EeveeGirl1380">EeveeGirl1380</span>:</strong> <em>ah</em></div><div class="chat chatmessage-eeveegirl1380"><strong style="color:#7b6dd7"><small>☆</small><span class="username" data-name="EeveeGirl1380">EeveeGirl1380</span>:</strong> <em>well</em></div><div class="spacer battle-history"><br></div><div class="battle-history">EeveeGirl1380 sent out Zamazenta (<strong>Zamazenta-Crowned</strong>)!<br></div><div class="battle-history">[The opposing Zamazenta's Dauntless Shield]<br></div><div class="battle-history"><small>The opposing Zamazenta's Defense rose!</small><br></div><div class="spacer battle-history"><br></div><h2 class="battle-history">Turn 8</h2><div class="spacer battle-history"><br></div><div class="battle-history">Hydreigon, come back!<br></div><div class="battle-history">Go! <strong>Slowbro</strong>!<br></div><div class="spacer battle-history"><br></div><div class="battle-history">The opposing Zamazenta used <strong>Close Combat</strong>!<br></div><div class="battle-history"><small>It's not very effective...</small><br></div><div class="battle-history"><small>(Slowbro lost 17% of its health!)</small><br></div><div class="battle-history"><small>The opposing Zamazenta's Defense fell!</small><br></div><div class="battle-history"><small>The opposing Zamazenta's Sp. Def fell!</small><br></div><div class="spacer battle-history"><br></div><h2 class="battle-history">Turn 9</h2><div class="chat"><small> Ninjacid left</small></div><div class="spacer battle-history"><br></div><div class="battle-history">EeveeGirl1380 withdrew Zamazenta!<br></div><div class="battle-history">EeveeGirl1380 sent out Squoop (<strong>Gastrodon-East</strong>)!<br></div><div class="spacer battle-history"><br></div><div class="battle-history">Slowbro used <strong>Teleport</strong>!<br></div><div class="chat"><small> Ninjacid joined</small></div><div class="chat chatmessage-coppersmith"><strong style="color:#0aa445"><small>☆</small><span class="username" data-name="Coppersmith">Coppersmith</span>:</strong> <em>i was pretty sure it was mega clef so i took the risk of staying in</em></div><div class="spacer battle-history"><br></div><div class="battle-history">Slowbro, come back!<br></div><div class="battle-history">Go! <strong>Hydreigon</strong>!<br></div><div class="spacer battle-history"><br></div><h2 class="battle-history">Turn 10</h2><div class="chat chatmessage-eeveegirl1380"><strong style="color:#7b6dd7"><small>☆</small><span class="username" data-name="EeveeGirl1380">EeveeGirl1380</span>:</strong> <em>this might be a very</em></div><div class="chat chatmessage-eeveegirl1380"><strong style="color:#7b6dd7"><small>☆</small><span class="username" data-name="EeveeGirl1380">EeveeGirl1380</span>:</strong> <em>very</em></div><div class="chat chatmessage-eeveegirl1380"><strong style="color:#7b6dd7"><small>☆</small><span class="username" data-name="EeveeGirl1380">EeveeGirl1380</span>:</strong> <em>long battle</em></div><div class="spacer battle-history"><br></div><div class="battle-history">Hydreigon used <strong>Nasty Plot</strong>!<br></div><div class="battle-history"><small>Hydreigon's Sp. Atk rose sharply!</small><br></div><div class="spacer battle-history"><br></div><div class="battle-history">The opposing Squoop used <strong>Scald</strong>!<br></div><div class="battle-history"><small>It's not very effective...</small><br></div><div class="battle-history"><small>(Hydreigon lost 12% of its health!)</small><br></div><div class="spacer battle-history"><br></div><h2 class="battle-history">Turn 11</h2><div class="spacer battle-history"><br></div><div class="battle-history">Hydreigon used <strong>Dark Pulse</strong>!<br></div><div class="battle-history"><small>(The opposing Squoop lost 64% of its health!)</small><br></div><div class="spacer battle-history"><br></div><div class="battle-history">The opposing Squoop used <strong>Clear Smog</strong>!<br></div><div class="battle-history"><small>(Hydreigon lost 10% of its health!)</small><br></div><div class="battle-history"><small>Hydreigon's stat changes were removed!</small><br></div><div class="spacer battle-history"><br></div><div class="battle-history"><small>The opposing Squoop restored a little HP using its Leftovers!</small><br></div><div class="spacer battle-history"><br></div><h2 class="battle-history">Turn 12</h2><div class="chat chatmessage-exploziff"><strong style="color:#70a52f"><small> </small><span class="username" data-name="exploziff">exploziff</span>:</strong> <em>mega clef could have been faster tho</em></div><div class="spacer battle-history"><br></div><div class="battle-history">EeveeGirl1380 withdrew Squoop!<br></div><div class="battle-history">EeveeGirl1380 sent out Zamazenta (<strong>Zamazenta-Crowned</strong>)!<br></div><div class="battle-history">[The opposing Zamazenta's Dauntless Shield]<br></div><div class="battle-history"><small>The opposing Zamazenta's Defense rose!</small><br></div><div class="spacer battle-history"><br></div><div class="battle-history">Hydreigon used <strong>Dark Pulse</strong>!<br></div><div class="battle-history"><small>It's not very effective...</small><br></div><div class="battle-history"><small>(The opposing Zamazenta lost 14% of its health!)</small><br></div><div class="spacer battle-history"><br></div><h2 class="battle-history">Turn 13</h2><div class="spacer battle-history"><br></div><div class="battle-history">Hydreigon, come back!<br></div><div class="battle-history">Go! <strong>Slowbro</strong>!<br></div><div class="spacer battle-history"><br></div><div class="battle-history">The opposing Zamazenta used <strong>Close Combat</strong>!<br></div><div class="battle-history"><small>It's not very effective...</small><br></div><div class="battle-history"><small>(Slowbro lost 19% of its health!)</small><br></div><div class="battle-history"><small>The opposing Zamazenta's Defense fell!</small><br></div><div class="battle-history"><small>The opposing Zamazenta's Sp. Def fell!</small><br></div><div class="spacer battle-history"><br></div><h2 class="battle-history">Turn 14</h2><div class="spacer battle-history"><br></div><div class="battle-history">EeveeGirl1380 withdrew Zamazenta!<br></div><div class="battle-history">EeveeGirl1380 sent out Raven (<strong>Corviknight</strong>)!<br></div><div class="battle-history">[The opposing Raven's Pressure]<br><small>The opposing Raven is exerting its pressure!</small><br></div><div class="spacer battle-history"><br></div><div class="battle-history">Slowbro used <strong>Teleport</strong>!<br></div><div class="spacer battle-history"><br></div><div class="battle-history">Slowbro, come back!<br></div><div class="battle-history">Go! <strong>Zapdos</strong>!<br></div><div class="spacer battle-history"><br></div><div class="battle-history"><small>The opposing Raven restored a little HP using its Leftovers!</small><br></div><div class="spacer battle-history"><br></div><h2 class="battle-history">Turn 15</h2><div class="spacer battle-history"><br></div><div class="battle-history">EeveeGirl1380 withdrew Raven!<br></div><div class="battle-history">EeveeGirl1380 sent out Lando (<strong>Landorus-Therian</strong>)!<br></div><div class="battle-history">[The opposing Lando's Intimidate]<br></div><div class="battle-history"><small>Zapdos's Attack fell!</small><br></div><div class="spacer battle-history"><br></div><div class="battle-history">Zapdos used <strong>Volt Switch</strong>!<br></div><div class="battle-history"><small>It doesn't affect the opposing Lando...</small><br></div><div class="spacer battle-history"><br></div><h2 class="battle-history">Turn 16</h2><div class="spacer battle-history"><br></div><div class="battle-history">Zapdos went back to Coppersmith!<br></div><div class="battle-history">Go! <strong>Slowbro</strong>!<br></div><div class="spacer battle-history"><br></div><div class="battle-history">The opposing Lando used <strong>Stealth Rock</strong>!<br></div><div class="battle-history"><small>Pointed stones float in the air around your team!</small><br></div><div class="spacer battle-history"><br></div><h2 class="battle-history">Turn 17</h2><div class="spacer battle-history"><br></div><div class="battle-history">EeveeGirl1380 withdrew Lando!<br></div><div class="battle-history">EeveeGirl1380 sent out Squoop (<strong>Gastrodon-East</strong>)!<br></div><div class="spacer battle-history"><br></div><div class="battle-history">Slowbro used <strong>Future Sight</strong>!<br></div><div class="battle-history"><small>Slowbro foresaw an attack!</small><br></div><div class="spacer battle-history"><br></div><div class="battle-history"><small>The opposing Squoop restored a little HP using its Leftovers!</small><br></div><div class="spacer battle-history"><br></div><h2 class="battle-history">Turn 18</h2><div class="spacer battle-history"><br></div><div class="battle-history">The opposing Squoop used <strong>Recover</strong>!<br></div><div class="battle-history"><small>The opposing Squoop had its HP restored.</small><br></div><div class="spacer battle-history"><br></div><div class="battle-history">Slowbro used <strong>Teleport</strong>!<br></div><div class="spacer battle-history"><br></div><div class="battle-history">Slowbro, come back!<br></div><div class="battle-history">Go! <strong>Zapdos</strong>!<br></div><div class="spacer battle-history"><br></div><div class="battle-history"><small>The opposing Squoop restored a little HP using its Leftovers!</small><br></div><div class="spacer battle-history"><br></div><h2 class="battle-history">Turn 19</h2><div class="spacer battle-history"><br></div><div class="battle-history">Zapdos used <strong>Defog</strong>!<br></div><div class="battle-history"><small>The opposing Squoop's evasiveness fell!</small><br></div><div class="battle-history"><small>The pointed stones disappeared from around your team!</small><br></div><div class="spacer battle-history"><br></div><div class="battle-history">The opposing Squoop used <strong>Scald</strong>!<br></div><div class="battle-history"><small>(Zapdos lost 18% of its health!)</small><br></div><div class="spacer battle-history"><br></div><div class="battle-history"><small>The opposing Squoop took the Future Sight attack!</small><br></div><div class="battle-history"><small>(The opposing Squoop lost 35% of its health!)</small><br></div><div class="battle-history"><small>The opposing Squoop restored a little HP using its Leftovers!</small><br></div><div class="spacer battle-history"><br></div><h2 class="battle-history">Turn 20</h2><div class="spacer battle-history"><br></div><div class="battle-history">Zapdos used <strong>Hurricane</strong>!<br></div><div class="battle-history"><small>(The opposing Squoop lost 44% of its health!)</small><br></div><div class="spacer battle-history"><br></div><div class="battle-history">The opposing Squoop used <strong>Scald</strong>!<br></div><div class="battle-history"><small>(Zapdos lost 19% of its health!)</small><br></div><div class="spacer battle-history"><br></div><div class="battle-history"><small>The opposing Squoop restored a little HP using its Leftovers!</small><br></div><div class="spacer battle-history"><br></div><h2 class="battle-history">Turn 21</h2><div class="spacer battle-history"><br></div><div class="battle-history">EeveeGirl1380 withdrew Squoop!<br></div><div class="battle-history">EeveeGirl1380 sent out Raven (<strong>Corviknight</strong>)!<br></div><div class="battle-history">[The opposing Raven's Pressure]<br><small>The opposing Raven is exerting its pressure!</small><br></div><div class="spacer battle-history"><br></div><div class="battle-history">Zapdos used <strong>Roost</strong>!<br></div><div class="battle-history"><small>Zapdos had its HP restored.</small><br></div><div class="battle-history"><small>(Zapdos loses Flying type this turn.)</small><br></div><div class="spacer battle-history"><br></div><div class="battle-history"><small>The opposing Raven restored a little HP using its Leftovers!</small><br></div><div class="spacer battle-history"><br></div><h2 class="battle-history">Turn 22</h2><div class="spacer battle-history"><br></div><div class="battle-history">EeveeGirl1380 withdrew Raven!<br></div><div class="battle-history">EeveeGirl1380 sent out Lando (<strong>Landorus-Therian</strong>)!<br></div><div class="battle-history">[The opposing Lando's Intimidate]<br></div><div class="battle-history"><small>Zapdos's Attack fell!</small><br></div><div class="spacer battle-history"><br></div><div class="battle-history">Zapdos used <strong>Hurricane</strong>!<br></div><div class="battle-history"><small>(The opposing Lando lost 63% of its health!)</small><br></div><div class="spacer battle-history"><br></div><h2 class="battle-history">Turn 23</h2><div class="chat chatmessage-exploziff"><strong style="color:#70a52f"><small> </small><span class="username" data-name="exploziff">exploziff</span>:</strong> <em>is it bo3 or bo1 btw ?</em></div><div class="chat"><small> IsoCon joined</small></div><div class="chat chatmessage-eeveegirl1380"><strong style="color:#7b6dd7"><small>☆</small><span class="username" data-name="EeveeGirl1380">EeveeGirl1380</span>:</strong> <em>bo3</em></div><div class="chat chatmessage-coppersmith"><strong style="color:#0aa445"><small>☆</small><span class="username" data-name="Coppersmith">Coppersmith</span>:</strong> <em>bo3</em></div><div class="chat chatmessage-eeveegirl1380"><strong style="color:#7b6dd7"><small>☆</small><span class="username" data-name="EeveeGirl1380">EeveeGirl1380</span>:</strong> <em>so</em></div><div class="chat chatmessage-eeveegirl1380"><strong style="color:#7b6dd7"><small>☆</small><span class="username" data-name="EeveeGirl1380">EeveeGirl1380</span>:</strong> <em>very</em></div><div class="chat chatmessage-eeveegirl1380"><strong style="color:#7b6dd7"><small>☆</small><span class="username" data-name="EeveeGirl1380">EeveeGirl1380</span>:</strong> <em>very</em></div><div class="chat chatmessage-eeveegirl1380"><strong style="color:#7b6dd7"><small>☆</small><span class="username" data-name="EeveeGirl1380">EeveeGirl1380</span>:</strong> <em>long</em></div><div class="chat chatmessage-exploziff"><strong style="color:#70a52f"><small> </small><span class="username" data-name="exploziff">exploziff</span>:</strong> <em>first game ?</em></div><div class="chat chatmessage-eeveegirl1380"><strong style="color:#7b6dd7"><small>☆</small><span class="username" data-name="EeveeGirl1380">EeveeGirl1380</span>:</strong> <em>yeah</em></div><div class="chat chatmessage-exploziff"><strong style="color:#70a52f"><small> </small><span class="username" data-name="exploziff">exploziff</span>:</strong> <em>i'll go grab a bite then</em></div><div class="spacer battle-history"><br></div><div class="battle-history">EeveeGirl1380 withdrew Lando!<br></div><div class="battle-history">EeveeGirl1380 sent out Raven (<strong>Corviknight</strong>)!<br></div><div class="battle-history">[The opposing Raven's Pressure]<br><small>The opposing Raven is exerting its pressure!</small><br></div><div class="spacer battle-history"><br></div><div class="battle-history">Zapdos used <strong>Hurricane</strong>!<br></div><div class="battle-history"><small>It's not very effective...</small><br></div><div class="battle-history"><small>(The opposing Raven lost 16% of its health!)</small><br></div><div class="battle-history"><small>The opposing Raven became confused!</small><br></div><div class="spacer battle-history"><br></div><div class="battle-history"><small>The opposing Raven restored a little HP using its Leftovers!</small><br></div><div class="spacer battle-history"><br></div><h2 class="battle-history">Turn 24</h2><div class="chat chatmessage-coppersmith"><strong style="color:#0aa445"><small>☆</small><span class="username" data-name="Coppersmith">Coppersmith</span>:</strong> <em>yeah maybe playing a bo3 was the wrong call bc im sorta known for long games now &gt;-&lt;</em></div><div class="chat chatmessage-eeveegirl1380"><strong style="color:#7b6dd7"><small>☆</small><span class="username" data-name="EeveeGirl1380">EeveeGirl1380</span>:</strong> <em>uh</em></div><div class="chat chatmessage-eeveegirl1380"><strong style="color:#7b6dd7"><small>☆</small><span class="username" data-name="EeveeGirl1380">EeveeGirl1380</span>:</strong> <em>yeah</em></div><div class="chat chatmessage-eeveegirl1380"><strong style="color:#7b6dd7"><small>☆</small><span class="username" data-name="EeveeGirl1380">EeveeGirl1380</span>:</strong> <em>this might have been bad</em></div><div class="spacer battle-history"><br></div><div class="battle-history">Zapdos used <strong>Hurricane</strong>!<br></div><div class="battle-history"><small>The opposing Raven avoided the attack!</small><br></div><div class="spacer battle-history"><br></div><div class="battle-history"><small>The opposing Raven is confused!</small><br></div><div class="battle-history">It hurt itself in its confusion!<br></div><div class="spacer battle-history"><br></div><div class="battle-history"><small>The opposing Raven restored a little HP using its Leftovers!</small><br></div><div class="spacer battle-history"><br></div><h2 class="battle-history">Turn 25</h2><div class="chat chatmessage-eeveegirl1380"><strong style="color:#7b6dd7"><small>☆</small><span class="username" data-name="EeveeGirl1380">EeveeGirl1380</span>:</strong> <em>well</em></div><div class="spacer battle-history"><br></div><div class="battle-history">Zapdos used <strong>Volt Switch</strong>!<br></div><div class="battle-history"><small>It's super effective!</small><br></div><div class="battle-history"><small>(The opposing Raven lost 44% of its health!)</small><br></div><div class="spacer battle-history"><br></div><div class="battle-history">Zapdos went back to Coppersmith!<br></div><div class="battle-history">Go! <strong>Slowbro</strong>!<br></div><div class="spacer battle-history"><br></div><div class="battle-history"><small>The opposing Raven is confused!</small><br></div><div class="battle-history">The opposing Raven used <strong>U-turn</strong>!<br></div><div class="battle-history"><small>It's super effective!</small><br></div><div class="battle-history"><small>(Slowbro lost 17% of its health!)</small><br></div><div class="spacer battle-history"><br></div><div class="battle-history">The opposing Raven went back to EeveeGirl1380!<br></div><div class="battle-history">EeveeGirl1380 sent out Helios (<strong>Volcarona</strong>)!<br></div><div class="spacer battle-history"><br></div><h2 class="battle-history">Turn 26</h2><div class="spacer battle-history"><br></div><div class="battle-history">The opposing Helios used <strong>Quiver Dance</strong>!<br></div><div class="battle-history"><small>The opposing Helios's Sp. Atk rose!</small><br></div><div class="battle-history"><small>The opposing Helios's Sp. Def rose!</small><br></div><div class="battle-history"><small>The opposing Helios's Speed rose!</small><br></div><div class="spacer battle-history"><br></div><div class="battle-history">Slowbro used <strong>Teleport</strong>!<br></div><div class="spacer battle-history"><br></div><div class="battle-history">Slowbro, come back!<br></div><div class="battle-history">Go! <strong>Dhelmise</strong>!<br></div><div class="spacer battle-history"><br></div><h2 class="battle-history">Turn 27</h2><div class="spacer battle-history"><br></div><div class="battle-history"><small>Dhelmise's Dhelmite is reacting to the Key Stone!</small><br>Dhelmise has Mega Evolved into Mega Dhelmise!<br></div><div class="battle-history">[Dhelmise's Primordial Sea]<br><small>A heavy rain began to fall!</small><br></div><div class="chat"><ul class="utilichart"><li class="result"><span class="col pokemonnamecol" style="white-space: nowrap">Dhelmise-Mega</span> <span class="col typecol"><img src="https://play.pokemonshowdown.com/sprites/types/Ghost.png" alt="Ghost" height="14" width="32"><img src="https://play.pokemonshowdown.com/sprites/types/Steel.png" alt="Steel" height="14" width="32"></span> <span style="float: left ; min-height: 26px"><span class="col abilitycol">Primordial Sea</span><span class="col abilitycol"></span></span><span style="float: left ; min-height: 26px"><span class="col statcol"><em>HP</em><br>70</span> <span class="col statcol"><em>Atk</em><br>151</span> <span class="col statcol"><em>Def</em><br>115</span> <span class="col statcol"><em>SpA</em><br>116</span> <span class="col statcol"><em>SpD</em><br>115</span> <span class="col statcol"><em>Spe</em><br>50</span> </span></li><li style="clear: both"></li></ul></div><div class="spacer battle-history"><br></div><div class="battle-history">The opposing Helios used <strong>Fire Blast</strong>!<br></div><div class="battle-history"><small>The Fire-type attack fizzled out in the heavy rain!</small><br></div><div class="spacer battle-history"><br></div><div class="battle-history">Dhelmise used <strong>Substitute</strong>!<br></div><div class="battle-history"><small>Dhelmise put in a substitute!</small><br></div><div class="battle-history"><small>(Dhelmise lost 24% of its health!)</small><br></div><div class="spacer battle-history"><br></div><h2 class="battle-history">Turn 28</h2><div class="chat chatmessage-eeveegirl1380"><strong style="color:#7b6dd7"><small>☆</small><span class="username" data-name="EeveeGirl1380">EeveeGirl1380</span>:</strong> <em>soooooooo</em></div><div class="chat chatmessage-eeveegirl1380"><strong style="color:#7b6dd7"><small>☆</small><span class="username" data-name="EeveeGirl1380">EeveeGirl1380</span>:</strong> <em>this is going welll</em></div><div class="spacer battle-history"><br></div><div class="battle-history">EeveeGirl1380 withdrew Helios!<br></div><div class="battle-history">EeveeGirl1380 sent out Squoop (<strong>Gastrodon-East</strong>)!<br></div><div class="spacer battle-history"><br></div><div class="battle-history">Dhelmise used <strong>Swords Dance</strong>!<br></div><div class="battle-history"><small>Dhelmise's Attack rose sharply!</small><br></div><div class="spacer battle-history"><br></div><div class="battle-history"><small>The opposing Squoop restored a little HP using its Leftovers!</small><br></div><div class="spacer battle-history"><br></div><h2 class="battle-history">Turn 29</h2><div class="spacer battle-history"><br></div><div class="battle-history">Dhelmise used <strong>Poltergeist</strong>!<br></div><div class="battle-history"><small>The opposing Squoop is about to be attacked by its Leftovers!</small><br></div><div class="battle-history"><small>(The opposing Squoop lost 40% of its health!)</small><br></div><div class="spacer battle-history"><br></div><div class="battle-history">The opposing Squoop fainted!<br></div><div class="spacer battle-history"><br></div><div class="battle-history">EeveeGirl1380 sent out Zamazenta (<strong>Zamazenta-Crowned</strong>)!<br></div><div class="battle-history">[The opposing Zamazenta's Dauntless Shield]<br></div><div class="battle-history"><small>The opposing Zamazenta's Defense rose!</small><br></div><div class="spacer battle-history"><br></div><h2 class="battle-history">Turn 30</h2><div class="spacer battle-history"><br></div><div class="battle-history">The opposing Zamazenta used <strong>Behemoth Bash</strong>!<br></div><div class="battle-history"><small>It's not very effective...</small><br></div><div class="battle-history"><small>Dhelmise's substitute faded!</small><br></div><div class="spacer battle-history"><br></div><div class="battle-history">Dhelmise used <strong>Poltergeist</strong>!<br></div><div class="battle-history"><small>The opposing Zamazenta is about to be attacked by its Rusted Shield!</small><br></div><div class="battle-history"><small>(The opposing Zamazenta lost 56% of its health!)</small><br></div><div class="spacer battle-history"><br></div><div class="battle-history">The opposing Zamazenta fainted!<br></div><div class="spacer battle-history"><br></div><div class="battle-history">EeveeGirl1380 sent out Lando (<strong>Landorus-Therian</strong>)!<br></div><div class="battle-history">[The opposing Lando's Intimidate]<br></div><div class="battle-history"><small>Dhelmise's Attack fell!</small><br></div><div class="spacer battle-history"><br></div><h2 class="battle-history">Turn 31</h2><div class="spacer battle-history"><br></div><div class="battle-history"><small>The heavy rain has lifted!</small><br></div><div class="spacer battle-history"><br></div><div class="battle-history">Dhelmise, come back!<br></div><div class="battle-history">Go! <strong>Nidoqueen</strong>!<br></div><div class="spacer battle-history"><br></div><div class="battle-history">The opposing Lando used <strong>Earthquake</strong>!<br></div><div class="battle-history"><small>It's super effective!</small><br></div><div class="battle-history"><small>(Nidoqueen lost 100% of its health!)</small><br></div><div class="spacer battle-history"><br></div><div class="battle-history">Nidoqueen fainted!<br></div><div class="spacer battle-history"><br></div><div class="battle-history">Go! <strong>Slowbro</strong>!<br></div><div class="spacer battle-history"><br></div><h2 class="battle-history">Turn 32</h2><div class="spacer battle-history"><br></div><div class="battle-history">EeveeGirl1380 withdrew Lando!<br></div><div class="battle-history">EeveeGirl1380 sent out Raven (<strong>Corviknight</strong>)!<br></div><div class="battle-history">[The opposing Raven's Pressure]<br><small>The opposing Raven is exerting its pressure!</small><br></div><div class="spacer battle-history"><br></div><div class="battle-history">Slowbro used <strong>Teleport</strong>!<br></div><div class="spacer battle-history"><br></div><div class="battle-history">Slowbro, come back!<br></div><div class="battle-history">Go! <strong>Zapdos</strong>!<br></div><div class="spacer battle-history"><br></div><div class="battle-history"><small>The opposing Raven restored a little HP using its Leftovers!</small><br></div><div class="spacer battle-history"><br></div><h2 class="battle-history">Turn 33</h2><div class="spacer battle-history"><br></div><div class="battle-history">Zapdos used <strong>Hurricane</strong>!<br></div><div class="battle-history"><small>The opposing Raven avoided the attack!</small><br></div><div class="spacer battle-history"><br></div><div class="battle-history">The opposing Raven used <strong>U-turn</strong>!<br></div><div class="battle-history"><small>It's not very effective...</small><br></div><div class="battle-history"><small>(Zapdos lost 7% of its health!)</small><br></div><div class="spacer battle-history"><br></div><div class="battle-history">The opposing Raven went back to EeveeGirl1380!<br></div><div class="battle-history">EeveeGirl1380 sent out Helios (<strong>Volcarona</strong>)!<br></div><div class="spacer battle-history"><br></div><h2 class="battle-history">Turn 34</h2><div class="spacer battle-history"><br></div><div class="battle-history">The opposing Helios used <strong>Quiver Dance</strong>!<br></div><div class="battle-history"><small>The opposing Helios's Sp. Atk rose!</small><br></div><div class="battle-history"><small>The opposing Helios's Sp. Def rose!</small><br></div><div class="battle-history"><small>The opposing Helios's Speed rose!</small><br></div><div class="spacer battle-history"><br></div><div class="battle-history">Zapdos used <strong>Volt Switch</strong>!<br></div><div class="battle-history"><small>(The opposing Helios lost 16% of its health!)</small><br></div><div class="spacer battle-history"><br></div><div class="battle-history">Zapdos went back to Coppersmith!<br></div><div class="battle-history">Go! Dhelmise (<strong>Dhelmise-Mega</strong>)!<br></div><div class="battle-history">[Dhelmise's Primordial Sea]<br><small>A heavy rain began to fall!</small><br></div><div class="spacer battle-history"><br></div><h2 class="battle-history">Turn 35</h2><div class="spacer battle-history"><br></div><div class="battle-history">EeveeGirl1380 withdrew Helios!<br></div><div class="battle-history">EeveeGirl1380 sent out Raven (<strong>Corviknight</strong>)!<br></div><div class="battle-history">[The opposing Raven's Pressure]<br><small>The opposing Raven is exerting its pressure!</small><br></div><div class="spacer battle-history"><br></div><div class="battle-history">Dhelmise used <strong>Poltergeist</strong>!<br></div><div class="battle-history"><small>The opposing Raven is about to be attacked by its Leftovers!</small><br></div><div class="battle-history"><small>(The opposing Raven lost 50% of its health!)</small><br></div><div class="spacer battle-history"><br></div><div class="battle-history">The opposing Raven fainted!<br></div><div class="spacer battle-history"><br></div><div class="battle-history">EeveeGirl1380 sent out Lando (<strong>Landorus-Therian</strong>)!<br></div><div class="battle-history">[The opposing Lando's Intimidate]<br></div><div class="battle-history"><small>Dhelmise's Attack fell!</small><br></div><div class="spacer battle-history"><br></div><h2 class="battle-history">Turn 36</h2><div class="spacer battle-history"><br></div><div class="battle-history"><small>The heavy rain has lifted!</small><br></div><div class="spacer battle-history"><br></div><div class="battle-history">Dhelmise, come back!<br></div><div class="battle-history">Go! <strong>Slowbro</strong>!<br></div><div class="spacer battle-history"><br></div><div class="battle-history">The opposing Lando used <strong>Earthquake</strong>!<br></div><div class="battle-history"><small>(Slowbro lost 35% of its health!)</small><br></div><div class="spacer battle-history"><br></div><h2 class="battle-history">Turn 37</h2><div class="spacer battle-history"><br></div><div class="battle-history">The opposing Lando used <strong>Swords Dance</strong>!<br></div><div class="battle-history"><small>The opposing Lando's Attack rose sharply!</small><br></div><div class="spacer battle-history"><br></div><div class="battle-history">Slowbro used <strong>Teleport</strong>!<br></div><div class="spacer battle-history"><br></div><div class="battle-history">Slowbro, come back!<br></div><div class="battle-history">Go! <strong>Hydreigon</strong>!<br></div><div class="spacer battle-history"><br></div><h2 class="battle-history">Turn 38</h2><div class="spacer battle-history"><br></div><div class="battle-history">Hydreigon used <strong>Dark Pulse</strong>!<br></div><div class="battle-history"><small>(The opposing Lando lost 37% of its health!)</small><br></div><div class="spacer battle-history"><br></div><div class="battle-history">The opposing Lando fainted!<br></div><div class="chat chatmessage-eeveegirl1380"><strong style="color:#7b6dd7"><small>☆</small><span class="username" data-name="EeveeGirl1380">EeveeGirl1380</span>:</strong> <em>ah sit</em></div><div class="spacer battle-history"><br></div><div class="battle-history">EeveeGirl1380 sent out Helios (<strong>Volcarona</strong>)!<br></div><div class="spacer battle-history"><br></div><h2 class="battle-history">Turn 39</h2><div class="spacer battle-history"><br></div><div class="battle-history">Hydreigon, come back!<br></div><div class="battle-history">Go! Dhelmise (<strong>Dhelmise-Mega</strong>)!<br></div><div class="battle-history">[Dhelmise's Primordial Sea]<br><small>A heavy rain began to fall!</small><br></div><div class="spacer battle-history"><br></div><div class="battle-history">The opposing Helios used <strong>Quiver Dance</strong>!<br></div><div class="battle-history"><small>The opposing Helios's Sp. Atk rose!</small><br></div><div class="battle-history"><small>The opposing Helios's Sp. Def rose!</small><br></div><div class="battle-history"><small>The opposing Helios's Speed rose!</small><br></div><div class="spacer battle-history"><br></div><h2 class="battle-history">Turn 40</h2><div class="spacer battle-history"><br></div><div class="battle-history">The opposing Helios used <strong>Bug Buzz</strong>!<br></div><div class="battle-history"><small>It's not very effective...</small><br></div><div class="battle-history"><small>(Dhelmise lost 14% of its health!)</small><br></div><div class="battle-history"><small>Dhelmise's Sp. Def fell!</small><br></div><div class="spacer battle-history"><br></div><div class="battle-history">Dhelmise used <strong>Poltergeist</strong>!<br></div><div class="battle-history"><small>The opposing Helios is about to be attacked by its Heavy-Duty Boots!</small><br></div><div class="battle-history"><small>(The opposing Helios lost 61% of its health!)</small><br></div><div class="spacer battle-history"><br></div><h2 class="battle-history">Turn 41</h2><div class="chat chatmessage-eeveegirl1380"><strong style="color:#7b6dd7"><small>☆</small><span class="username" data-name="EeveeGirl1380">EeveeGirl1380</span>:</strong> <em>this went *well*</em></div><div class="spacer battle-history"><br></div><div class="battle-history">The opposing Helios used <strong>Bug Buzz</strong>!<br></div><div class="battle-history"><small>It's not very effective...</small><br></div><div class="battle-history"><small>(Dhelmise lost 21% of its health!)</small><br></div><div class="battle-history"><small>Dhelmise's Sp. Def fell!</small><br></div><div class="spacer battle-history"><br></div><div class="battle-history">Dhelmise used <strong>Flip Turn</strong>!<br></div><div class="battle-history"><small>It's super effective!</small><br></div><div class="battle-history"><small>(The opposing Helios lost 23% of its health!)</small><br></div><div class="spacer battle-history"><br></div><div class="battle-history">The opposing Helios fainted!<br></div><div class="spacer battle-history"><br></div><div class="battle-history"><strong>Coppersmith</strong> won the battle!<br></div><div class="chat chatmessage-eeveegirl1380"><strong style="color:#7b6dd7"><small>☆</small><span class="username" data-name="EeveeGirl1380">EeveeGirl1380</span>:</strong> <em>dang'</em></div><div class="chat chatmessage-eeveegirl1380"><strong style="color:#7b6dd7"><small>☆</small><span class="username" data-name="EeveeGirl1380">EeveeGirl1380</span>:</strong> <em>gg</em></div><div class="chat"><small>☆EeveeGirl1380 left</small></div><div class="chat chatmessage-coppersmith"><strong style="color:#0aa445"><small>☆</small><span class="username" data-name="Coppersmith">Coppersmith</span>:</strong> <em>gg! </em></div><div class="chat chatmessage-isocon"><strong style="color:#616adf"><small> </small><span class="username" data-name="IsoCon">IsoCon</span>:</strong> <em>bitbitio</em></div><div class="chat chatmessage-isocon"><strong style="color:#616adf"><small> </small><span class="username" data-name="IsoCon">IsoCon</span>:</strong> <em>you could have just won if you went dhelm instead of zapdos</em></div></div><div class="inner-preempt message-log"></div></div></div>
</div>
<script>
let daily = Math.floor(Date.now()/1000/60/60/24);document.write('<script src="https://dragonheaven.herokuapp.com/js/replay-embed.js?version'+daily+'"></'+'script>');
</script>
