<!DOCTYPE html>
<meta charset="utf-8" />
<!-- version 1 -->
<title>[Gen 8] Megas for All replay: zxgzxg vs. TheUltraFinder</title>
<style>
html,body {font-family:Verdana, sans-serif;font-size:10pt;margin:0;padding:0;}body{padding:12px 0;} .battle-log {font-family:Verdana, sans-serif;font-size:10pt;} .battle-log-inline {border:1px solid #AAAAAA;background:#EEF2F5;color:black;max-width:640px;margin:0 auto 80px;padding-bottom:5px;} .battle-log .inner {padding:4px 8px 0px 8px;} .battle-log .inner-preempt {padding:0 8px 4px 8px;} .battle-log .inner-after {margin-top:0.5em;} .battle-log h2 {margin:0.5em -8px;padding:4px 8px;border:1px solid #AAAAAA;background:#E0E7EA;border-left:0;border-right:0;font-family:Verdana, sans-serif;font-size:13pt;} .battle-log .chat {vertical-align:middle;padding:3px 0 3px 0;font-size:8pt;} .battle-log .chat strong {color:#40576A;} .battle-log .chat em {padding:1px 4px 1px 3px;color:#000000;font-style:normal;} .chat.mine {background:rgba(0,0,0,0.05);margin-left:-8px;margin-right:-8px;padding-left:8px;padding-right:8px;} .spoiler {color:#BBBBBB;background:#BBBBBB;padding:0px 3px;} .spoiler:hover, .spoiler:active, .spoiler-shown {color:#000000;background:#E2E2E2;padding:0px 3px;} .spoiler a {color:#BBBBBB;} .spoiler:hover a, .spoiler:active a, .spoiler-shown a {color:#2288CC;} .chat code, .chat .spoiler:hover code, .chat .spoiler:active code, .chat .spoiler-shown code {border:1px solid #C0C0C0;background:#EEEEEE;color:black;padding:0 2px;} .chat .spoiler code {border:1px solid #CCCCCC;background:#CCCCCC;color:#CCCCCC;} .battle-log .rated {padding:3px 4px;} .battle-log .rated strong {color:white;background:#89A;padding:1px 4px;border-radius:4px;} .spacer {margin-top:0.5em;} .message-announce {background:#6688AA;color:white;padding:1px 4px 2px;} .message-announce a, .broadcast-green a, .broadcast-blue a, .broadcast-red a {color:#DDEEFF;} .broadcast-green {background-color:#559955;color:white;padding:2px 4px;} .broadcast-blue {background-color:#6688AA;color:white;padding:2px 4px;} .infobox {border:1px solid #6688AA;padding:2px 4px;} .infobox-limited {max-height:200px;overflow:auto;overflow-x:hidden;} .broadcast-red {background-color:#AA5544;color:white;padding:2px 4px;} .message-learn-canlearn {font-weight:bold;color:#228822;text-decoration:underline;} .message-learn-cannotlearn {font-weight:bold;color:#CC2222;text-decoration:underline;} .message-effect-weak {font-weight:bold;color:#CC2222;} .message-effect-resist {font-weight:bold;color:#6688AA;} .message-effect-immune {font-weight:bold;color:#666666;} .message-learn-list {margin-top:0;margin-bottom:0;} .message-throttle-notice, .message-error {color:#992222;} .message-overflow, .chat small.message-overflow {font-size:0pt;} .message-overflow::before {font-size:9pt;content:'...';} .subtle {color:#3A4A66;}
</style>
<div class="wrapper replay-wrapper" style="max-width:1180px;margin:0 auto">
<input type="hidden" name="replayid" value="dragonheaven-gen8megasforall-313" />
<div class="battle"></div><div class="battle-log"></div><div class="replay-controls"></div><div class="replay-controls-2"></div>
<h1 style="font-weight:normal;text-align:center"><strong>[Gen 8] Megas for All</strong><br /><a href="http://pokemonshowdown.com/users/zxgzxg" class="subtle" target="_blank">zxgzxg</a> vs. <a href="http://pokemonshowdown.com/users/theultrafinder" class="subtle" target="_blank">TheUltraFinder</a></h1>
<script type="text/plain" class="battle-log-data">|j|☆zxgzxg
|j|☆TheUltraFinder
|t:|1609885908
|player|p1|zxgzxg|170|
|player|p2|TheUltraFinder|170|
|teamsize|p1|6
|teamsize|p2|6
|gametype|singles
|gen|8
|tier|[Gen 8] Megas for All
|clearpoke
|poke|p1|Lurantis, M|
|poke|p1|Slowbro, F|
|poke|p1|Zapdos|
|poke|p1|Tyranitar, M|
|poke|p1|Spectrier|
|poke|p1|Landorus-Therian, M|
|poke|p2|Nidoking, M|
|poke|p2|Magnezone|
|poke|p2|Corviknight, M|
|poke|p2|Blissey, F|
|poke|p2|Scizor, F|
|poke|p2|Inteleon, M|
|rule|HP Percentage Mod: HP is shown in percentages
|rule|Endless Battle Clause: Forcing endless battles is banned
|rule|OHKO Clause: OHKO moves are banned
|rule|Evasion Moves Clause: Evasion moves are banned
|rule|Species Clause: Limit one of each Pokémon
|rule|Dynamax Clause: You cannot dynamax
|rule|Sleep Clause Mod: Limit one foe put to sleep
|rule|Freeze Clause Mod: Limit one foe frozen
|teampreview
|
|t:|1609885921
|start
|switch|p1a: Landorus|Landorus-Therian, M|100\/100
|switch|p2a: Magnezone|Magnezone|100\/100
|-ability|p1a: Landorus|Intimidate|boost
|-unboost|p2a: Magnezone|atk|1
|turn|1
|j| inkbug1

|
|t:|1609885954
|move|p1a: Landorus|Earthquake|p2a: Magnezone
|-supereffective|p2a: Magnezone
|-damage|p2a: Magnezone|0 fnt
|faint|p2a: Magnezone
|
|upkeep
|
|t:|1609885960
|switch|p2a: Nidoking|Nidoking, M|100\/100
|turn|2
|
|t:|1609885963
|move|p2a: Nidoking|Stealth Rock|p1a: Landorus
|-sidestart|p1: zxgzxg|move: Stealth Rock
|move|p1a: Landorus|Earthquake|p2a: Nidoking
|-supereffective|p2a: Nidoking
|-enditem|p2a: Nidoking|Focus Sash
|-damage|p2a: Nidoking|1\/100
|
|upkeep
|turn|3
|
|t:|1609885970
|move|p2a: Nidoking|Super Fang|p1a: Landorus
|-damage|p1a: Landorus|50\/100
|move|p1a: Landorus|U-turn|p2a: Nidoking
|-resisted|p2a: Nidoking
|-damage|p2a: Nidoking|0 fnt
|faint|p2a: Nidoking
|
|t:|1609885974
|switch|p1a: Zapdos|Zapdos|100\/100|[from]move: U-turn
|
|upkeep
|
|t:|1609885979
|switch|p2a: Inteleon|Inteleon, M|100\/100
|turn|4
|
|t:|1609885993
|detailschange|p2a: Inteleon|Inteleon-Mega, M
|-mega|p2a: Inteleon|Inteleon|Inteleonite
|-start|p2a: Inteleon|typechange|Water\/Bug|[silent]
|raw|<ul class="utilichart"><li class="result"><span class="col pokemonnamecol" style="white-space: nowrap">Inteleon-Mega<\/span> <span class="col typecol"><img src="https:\/\/play.pokemonshowdown.com\/sprites\/types\/Water.png" alt="Water" height="14" width="32"><img src="https:\/\/play.pokemonshowdown.com\/sprites\/types\/Bug.png" alt="Bug" height="14" width="32"><\/span> <span style="float: left ; min-height: 26px"><span class="col abilitycol">Illusion<\/span><span class="col abilitycol"><\/span><\/span><span style="float: left ; min-height: 26px"><span class="col statcol"><em>HP<\/em><br>70<\/span> <span class="col statcol"><em>Atk<\/em><br>145<\/span> <span class="col statcol"><em>Def<\/em><br>102<\/span> <span class="col statcol"><em>SpA<\/em><br>85<\/span> <span class="col statcol"><em>SpD<\/em><br>102<\/span> <span class="col statcol"><em>Spe<\/em><br>126<\/span> <\/span><\/li><li style="clear: both"><\/li><\/ul>
|move|p2a: Inteleon|First Impression|p1a: Zapdos
|-resisted|p1a: Zapdos
|-damage|p1a: Zapdos|78\/100
|-status|p2a: Inteleon|par|[from] ability: Static|[of] p1a: Zapdos
|move|p1a: Zapdos|Discharge|p2a: Inteleon
|-supereffective|p2a: Inteleon
|-crit|p2a: Inteleon
|-damage|p2a: Inteleon|0 fnt
|-start|p2a: Inteleon|typechange|Water\/Bug|[silent]
|faint|p2a: Inteleon
|
|upkeep
|
|t:|1609886003
|switch|p2a: Scizor|Scizor, F|100\/100
|turn|5
|
|t:|1609886007
|move|p2a: Scizor|Bullet Punch|p1a: Zapdos
|-resisted|p1a: Zapdos
|-damage|p1a: Zapdos|58\/100
|-status|p2a: Scizor|par|[from] ability: Static|[of] p1a: Zapdos
|move|p1a: Zapdos|Defog|p2a: Scizor
|-unboost|p2a: Scizor|evasion|1
|-sideend|p1: zxgzxg|Stealth Rock|[from] move: Defog|[of] p1a: Zapdos
|
|upkeep
|turn|6
|j| ViZarPKMN
|
|t:|1609886022
|move|p2a: Scizor|Bullet Punch|p1a: Zapdos
|-resisted|p1a: Zapdos
|-damage|p1a: Zapdos|37\/100
|move|p1a: Zapdos|Discharge|p2a: Scizor
|-damage|p2a: Scizor|60\/100 par
|
|upkeep
|turn|7
|
|t:|1609886029
|cant|p2a: Scizor|par
|move|p1a: Zapdos|Roost|p1a: Zapdos
|-heal|p1a: Zapdos|87\/100
|-singleturn|p1a: Zapdos|move: Roost
|
|upkeep
|turn|8
|
|t:|1609886035
|move|p2a: Scizor|Bullet Punch|p1a: Zapdos
|-resisted|p1a: Zapdos
|-damage|p1a: Zapdos|68\/100
|move|p1a: Zapdos|Discharge|p2a: Scizor
|-damage|p2a: Scizor|18\/100 par
|
|upkeep
|turn|9
|
|t:|1609886041
|move|p2a: Scizor|Bullet Punch|p1a: Zapdos
|-resisted|p1a: Zapdos
|-damage|p1a: Zapdos|46\/100
|move|p1a: Zapdos|Discharge|p2a: Scizor
|-damage|p2a: Scizor|0 fnt
|faint|p2a: Scizor
|
|upkeep
|
|t:|1609886048
|switch|p2a: Corviknight|Corviknight, M|100\/100
|turn|10
|
|t:|1609886051
|move|p1a: Zapdos|Discharge|p2a: Corviknight
|-supereffective|p2a: Corviknight
|-damage|p2a: Corviknight|31\/100
|-status|p2a: Corviknight|par
|cant|p2a: Corviknight|par
|
|-heal|p2a: Corviknight|38\/100 par|[from] item: Leftovers
|upkeep
|turn|11
|
|t:|1609886059
|move|p1a: Zapdos|Discharge|p2a: Corviknight
|-supereffective|p2a: Corviknight
|-damage|p2a: Corviknight|0 fnt
|faint|p2a: Corviknight
|
|upkeep
|
|t:|1609886064
|switch|p2a: Blissey|Blissey, F|100\/100
|turn|12
|c|☆TheUltraFinder|gg
|c|☆zxgzxg|gg
|
|t:|1609886071
|switch|p1a: Tyranitar|Tyranitar, M|100\/100
|-weather|Sandstorm|[from] ability: Sand Stream|[of] p1a: Tyranitar
|move|p2a: Blissey|Seismic Toss|p1a: Tyranitar
|-damage|p1a: Tyranitar|71\/100
|
|-weather|Sandstorm|[upkeep]
|-damage|p2a: Blissey|94\/100|[from] Sandstorm
|upkeep
|turn|13
|
|t:|1609886081
|move|p1a: Tyranitar|Crunch|p2a: Blissey
|-damage|p2a: Blissey|0 fnt
|faint|p2a: Blissey
|
|win|zxgzxg
|l|☆TheUltraFinder
|l| ViZarPKMN
|l|☆zxgzxg</script>
</div>
<div class="battle-log battle-log-inline"><div class="inner"><div class="battle-options"><div style="padding-top: 3px; padding-right: 3px; text-align: right"><button class="icon button" name="openBattleOptions" title="Options">Battle Options</button></div></div><div class="inner message-log"><div class="chat"><small>☆zxgzxg and ☆TheUltraFinder joined</small></div><div class=""><small>Format:</small> <br><strong>[Gen 8] Megas for All</strong></div><div class=""><small><em>HP Percentage Mod:</em> HP is shown in percentages</small></div><div class=""><small><em>Endless Battle Clause:</em> Forcing endless battles is banned</small></div><div class=""><small><em>OHKO Clause:</em> OHKO moves are banned</small></div><div class=""><small><em>Evasion Moves Clause:</em> Evasion moves are banned</small></div><div class=""><small><em>Species Clause:</em> Limit one of each Pokémon</small></div><div class=""><small><em>Dynamax Clause:</em> You cannot dynamax</small></div><div class=""><small><em>Sleep Clause Mod:</em> Limit one foe put to sleep</small></div><div class=""><small><em>Freeze Clause Mod:</em> Limit one foe frozen</small></div><div class="chat battle-history"><strong>zxgzxg's team:</strong> <em style="color:#445566;display:block;">Lurantis / Slowbro / Zapdos / Tyranitar / Spectrier / Landorus-Therian</em></div><div class="chat battle-history"><strong>TheUltraFinder's team:</strong> <em style="color:#445566;display:block;">Nidoking / Magnezone / Corviknight / Blissey / Scizor / Inteleon</em></div><div class="spacer battle-history"><br></div><div class="battle-history">Battle started between zxgzxg and TheUltraFinder!<br></div><div class="spacer battle-history"><br></div><div class="battle-history">Go! Landorus (<strong>Landorus-Therian</strong>)!<br></div><div class="spacer battle-history"><br></div><div class="battle-history">TheUltraFinder sent out <strong>Magnezone</strong>!<br></div><div class="battle-history">[Landorus's Intimidate]<br></div><div class="battle-history"><small>The opposing Magnezone's Attack fell!</small><br></div><div class="spacer battle-history"><br></div><h2 class="battle-history">Turn 1</h2><div class="chat"><small> inkbug1 joined</small></div><div class="spacer battle-history"><br></div><div class="battle-history">Landorus used <strong>Earthquake</strong>!<br></div><div class="battle-history"><small>It's super effective!</small><br></div><div class="battle-history"><small>(The opposing Magnezone lost 100% of its health!)</small><br></div><div class="spacer battle-history"><br></div><div class="battle-history">The opposing Magnezone fainted!<br></div><div class="spacer battle-history"><br></div><div class="battle-history">TheUltraFinder sent out <strong>Nidoking</strong>!<br></div><div class="spacer battle-history"><br></div><h2 class="battle-history">Turn 2</h2><div class="spacer battle-history"><br></div><div class="battle-history">The opposing Nidoking used <strong>Stealth Rock</strong>!<br></div><div class="battle-history"><small>Pointed stones float in the air around your team!</small><br></div><div class="spacer battle-history"><br></div><div class="battle-history">Landorus used <strong>Earthquake</strong>!<br></div><div class="battle-history"><small>It's super effective!</small><br></div><div class="battle-history"><small>The opposing Nidoking hung on using its Focus Sash!</small><br></div><div class="battle-history"><small>(The opposing Nidoking lost 99% of its health!)</small><br></div><div class="spacer battle-history"><br></div><h2 class="battle-history">Turn 3</h2><div class="spacer battle-history"><br></div><div class="battle-history">The opposing Nidoking used <strong>Super Fang</strong>!<br></div><div class="battle-history"><small>(Landorus lost 50% of its health!)</small><br></div><div class="spacer battle-history"><br></div><div class="battle-history">Landorus used <strong>U-turn</strong>!<br></div><div class="battle-history"><small>It's not very effective...</small><br></div><div class="battle-history"><small>(The opposing Nidoking lost 1% of its health!)</small><br></div><div class="spacer battle-history"><br></div><div class="battle-history">The opposing Nidoking fainted!<br></div><div class="spacer battle-history"><br></div><div class="battle-history">Landorus went back to zxgzxg!<br></div><div class="battle-history">Go! <strong>Zapdos</strong>!<br></div><div class="spacer battle-history"><br></div><div class="battle-history">TheUltraFinder sent out <strong>Inteleon</strong>!<br></div><div class="spacer battle-history"><br></div><h2 class="battle-history">Turn 4</h2><div class="spacer battle-history"><br></div><div class="battle-history"><small>The opposing Inteleon's Inteleonite is reacting to the Key Stone!</small><br>The opposing Inteleon has Mega Evolved into Mega Inteleon!<br></div><div class="chat"><ul class="utilichart"><li class="result"><span class="col pokemonnamecol" style="white-space: nowrap">Inteleon-Mega</span> <span class="col typecol"><img src="https://play.pokemonshowdown.com/sprites/types/Water.png" alt="Water" height="14" width="32"><img src="https://play.pokemonshowdown.com/sprites/types/Bug.png" alt="Bug" height="14" width="32"></span> <span style="float: left ; min-height: 26px"><span class="col abilitycol">Illusion</span><span class="col abilitycol"></span></span><span style="float: left ; min-height: 26px"><span class="col statcol"><em>HP</em><br>70</span> <span class="col statcol"><em>Atk</em><br>145</span> <span class="col statcol"><em>Def</em><br>102</span> <span class="col statcol"><em>SpA</em><br>85</span> <span class="col statcol"><em>SpD</em><br>102</span> <span class="col statcol"><em>Spe</em><br>126</span> </span></li><li style="clear: both"></li></ul></div><div class="spacer battle-history"><br></div><div class="battle-history">The opposing Inteleon used <strong>First Impression</strong>!<br></div><div class="battle-history"><small>It's not very effective...</small><br></div><div class="battle-history"><small>(Zapdos lost 22% of its health!)</small><br></div><div class="battle-history">[Zapdos's Static]<br><small>The opposing Inteleon is paralyzed! It may be unable to move!</small><br></div><div class="spacer battle-history"><br></div><div class="battle-history">Zapdos used <strong>Discharge</strong>!<br></div><div class="battle-history"><small>It's super effective!</small><br></div><div class="battle-history"><small>A critical hit!</small><br></div><div class="battle-history"><small>(The opposing Inteleon lost 100% of its health!)</small><br></div><div class="spacer battle-history"><br></div><div class="battle-history">The opposing Inteleon fainted!<br></div><div class="spacer battle-history"><br></div><div class="battle-history">TheUltraFinder sent out <strong>Scizor</strong>!<br></div><div class="spacer battle-history"><br></div><h2 class="battle-history">Turn 5</h2><div class="spacer battle-history"><br></div><div class="battle-history">The opposing Scizor used <strong>Bullet Punch</strong>!<br></div><div class="battle-history"><small>It's not very effective...</small><br></div><div class="battle-history"><small>(Zapdos lost 20% of its health!)</small><br></div><div class="battle-history">[Zapdos's Static]<br><small>The opposing Scizor is paralyzed! It may be unable to move!</small><br></div><div class="spacer battle-history"><br></div><div class="battle-history">Zapdos used <strong>Defog</strong>!<br></div><div class="battle-history"><small>The opposing Scizor's evasiveness fell!</small><br></div><div class="battle-history"><small>The pointed stones disappeared from around your team!</small><br></div><div class="spacer battle-history"><br></div><h2 class="battle-history">Turn 6</h2><div class="chat"><small> ViZarPKMN joined</small></div><div class="spacer battle-history"><br></div><div class="battle-history">The opposing Scizor used <strong>Bullet Punch</strong>!<br></div><div class="battle-history"><small>It's not very effective...</small><br></div><div class="battle-history"><small>(Zapdos lost 21% of its health!)</small><br></div><div class="spacer battle-history"><br></div><div class="battle-history">Zapdos used <strong>Discharge</strong>!<br></div><div class="battle-history"><small>(The opposing Scizor lost 40% of its health!)</small><br></div><div class="spacer battle-history"><br></div><h2 class="battle-history">Turn 7</h2><div class="spacer battle-history"><br></div><div class="battle-history">The opposing Scizor is paralyzed! It can't move!<br></div><div class="spacer battle-history"><br></div><div class="battle-history">Zapdos used <strong>Roost</strong>!<br></div><div class="battle-history"><small>Zapdos had its HP restored.</small><br></div><div class="battle-history"><small>(Zapdos loses Flying type this turn.)</small><br></div><div class="spacer battle-history"><br></div><h2 class="battle-history">Turn 8</h2><div class="spacer battle-history"><br></div><div class="battle-history">The opposing Scizor used <strong>Bullet Punch</strong>!<br></div><div class="battle-history"><small>It's not very effective...</small><br></div><div class="battle-history"><small>(Zapdos lost 19% of its health!)</small><br></div><div class="spacer battle-history"><br></div><div class="battle-history">Zapdos used <strong>Discharge</strong>!<br></div><div class="battle-history"><small>(The opposing Scizor lost 42% of its health!)</small><br></div><div class="spacer battle-history"><br></div><h2 class="battle-history">Turn 9</h2><div class="spacer battle-history"><br></div><div class="battle-history">The opposing Scizor used <strong>Bullet Punch</strong>!<br></div><div class="battle-history"><small>It's not very effective...</small><br></div><div class="battle-history"><small>(Zapdos lost 22% of its health!)</small><br></div><div class="spacer battle-history"><br></div><div class="battle-history">Zapdos used <strong>Discharge</strong>!<br></div><div class="battle-history"><small>(The opposing Scizor lost 18% of its health!)</small><br></div><div class="spacer battle-history"><br></div><div class="battle-history">The opposing Scizor fainted!<br></div><div class="spacer battle-history"><br></div><div class="battle-history">TheUltraFinder sent out <strong>Corviknight</strong>!<br></div><div class="spacer battle-history"><br></div><h2 class="battle-history">Turn 10</h2><div class="spacer battle-history"><br></div><div class="battle-history">Zapdos used <strong>Discharge</strong>!<br></div><div class="battle-history"><small>It's super effective!</small><br></div><div class="battle-history"><small>(The opposing Corviknight lost 69% of its health!)</small><br></div><div class="battle-history"><small>The opposing Corviknight is paralyzed! It may be unable to move!</small><br></div><div class="spacer battle-history"><br></div><div class="battle-history">The opposing Corviknight is paralyzed! It can't move!<br></div><div class="spacer battle-history"><br></div><div class="battle-history"><small>The opposing Corviknight restored a little HP using its Leftovers!</small><br></div><div class="spacer battle-history"><br></div><h2 class="battle-history">Turn 11</h2><div class="spacer battle-history"><br></div><div class="battle-history">Zapdos used <strong>Discharge</strong>!<br></div><div class="battle-history"><small>It's super effective!</small><br></div><div class="battle-history"><small>(The opposing Corviknight lost 38% of its health!)</small><br></div><div class="spacer battle-history"><br></div><div class="battle-history">The opposing Corviknight fainted!<br></div><div class="spacer battle-history"><br></div><div class="battle-history">TheUltraFinder sent out <strong>Blissey</strong>!<br></div><div class="spacer battle-history"><br></div><h2 class="battle-history">Turn 12</h2><div class="chat chatmessage-theultrafinder"><strong style="color:#946524"><small>☆</small><span class="username" data-name="TheUltraFinder">TheUltraFinder</span>:</strong> <em>gg</em></div><div class="chat chatmessage-zxgzxg"><strong style="color:#8f19ef"><small>☆</small><span class="username" data-name="zxgzxg">zxgzxg</span>:</strong> <em>gg</em></div><div class="spacer battle-history"><br></div><div class="battle-history">Zapdos, come back!<br></div><div class="battle-history">Go! <strong>Tyranitar</strong>!<br></div><div class="battle-history">[Tyranitar's Sand Stream]<br><small>A sandstorm kicked up!</small><br></div><div class="spacer battle-history"><br></div><div class="battle-history">The opposing Blissey used <strong>Seismic Toss</strong>!<br></div><div class="battle-history"><small>(Tyranitar lost 29% of its health!)</small><br></div><div class="spacer battle-history"><br></div><div class="battle-history"><small>(The sandstorm is raging.)</small><br></div><div class="battle-history"><small>The opposing Blissey is buffeted by the sandstorm!</small><br></div><div class="spacer battle-history"><br></div><h2 class="battle-history">Turn 13</h2><div class="spacer battle-history"><br></div><div class="battle-history">Tyranitar used <strong>Crunch</strong>!<br></div><div class="battle-history"><small>(The opposing Blissey lost 94% of its health!)</small><br></div><div class="spacer battle-history"><br></div><div class="battle-history">The opposing Blissey fainted!<br></div><div class="spacer battle-history"><br></div><div class="battle-history"><strong>zxgzxg</strong> won the battle!<br></div><div class="chat"><small>☆TheUltraFinder,  ViZarPKMN, and ☆zxgzxg left</small></div></div><div class="inner-preempt message-log"></div></div></div>
</div>
<script>
let daily = Math.floor(Date.now()/1000/60/60/24);document.write('<script src="https://dragonheaven.herokuapp.com/js/replay-embed.js?version'+daily+'"></'+'script>');
</script>
