<!DOCTYPE html>
<meta charset="utf-8" />
<!-- version 1 -->
<title>[Gen 8] Megas for All replay: BotwNerd745 vs. inkbug1</title>
<style>
html,body {font-family:Verdana, sans-serif;font-size:10pt;margin:0;padding:0;}body{padding:12px 0;} .battle-log {font-family:Verdana, sans-serif;font-size:10pt;} .battle-log-inline {border:1px solid #AAAAAA;background:#EEF2F5;color:black;max-width:640px;margin:0 auto 80px;padding-bottom:5px;} .battle-log .inner {padding:4px 8px 0px 8px;} .battle-log .inner-preempt {padding:0 8px 4px 8px;} .battle-log .inner-after {margin-top:0.5em;} .battle-log h2 {margin:0.5em -8px;padding:4px 8px;border:1px solid #AAAAAA;background:#E0E7EA;border-left:0;border-right:0;font-family:Verdana, sans-serif;font-size:13pt;} .battle-log .chat {vertical-align:middle;padding:3px 0 3px 0;font-size:8pt;} .battle-log .chat strong {color:#40576A;} .battle-log .chat em {padding:1px 4px 1px 3px;color:#000000;font-style:normal;} .chat.mine {background:rgba(0,0,0,0.05);margin-left:-8px;margin-right:-8px;padding-left:8px;padding-right:8px;} .spoiler {color:#BBBBBB;background:#BBBBBB;padding:0px 3px;} .spoiler:hover, .spoiler:active, .spoiler-shown {color:#000000;background:#E2E2E2;padding:0px 3px;} .spoiler a {color:#BBBBBB;} .spoiler:hover a, .spoiler:active a, .spoiler-shown a {color:#2288CC;} .chat code, .chat .spoiler:hover code, .chat .spoiler:active code, .chat .spoiler-shown code {border:1px solid #C0C0C0;background:#EEEEEE;color:black;padding:0 2px;} .chat .spoiler code {border:1px solid #CCCCCC;background:#CCCCCC;color:#CCCCCC;} .battle-log .rated {padding:3px 4px;} .battle-log .rated strong {color:white;background:#89A;padding:1px 4px;border-radius:4px;} .spacer {margin-top:0.5em;} .message-announce {background:#6688AA;color:white;padding:1px 4px 2px;} .message-announce a, .broadcast-green a, .broadcast-blue a, .broadcast-red a {color:#DDEEFF;} .broadcast-green {background-color:#559955;color:white;padding:2px 4px;} .broadcast-blue {background-color:#6688AA;color:white;padding:2px 4px;} .infobox {border:1px solid #6688AA;padding:2px 4px;} .infobox-limited {max-height:200px;overflow:auto;overflow-x:hidden;} .broadcast-red {background-color:#AA5544;color:white;padding:2px 4px;} .message-learn-canlearn {font-weight:bold;color:#228822;text-decoration:underline;} .message-learn-cannotlearn {font-weight:bold;color:#CC2222;text-decoration:underline;} .message-effect-weak {font-weight:bold;color:#CC2222;} .message-effect-resist {font-weight:bold;color:#6688AA;} .message-effect-immune {font-weight:bold;color:#666666;} .message-learn-list {margin-top:0;margin-bottom:0;} .message-throttle-notice, .message-error {color:#992222;} .message-overflow, .chat small.message-overflow {font-size:0pt;} .message-overflow::before {font-size:9pt;content:'...';} .subtle {color:#3A4A66;}
</style>
<div class="wrapper replay-wrapper" style="max-width:1180px;margin:0 auto">
<input type="hidden" name="replayid" value="dragonheaven-gen8megasforall-5118" />
<div class="battle"></div><div class="battle-log"></div><div class="replay-controls"></div><div class="replay-controls-2"></div>
<h1 style="font-weight:normal;text-align:center"><strong>[Gen 8] Megas for All</strong><br /><a href="http://pokemonshowdown.com/users/botwnerd745" class="subtle" target="_blank">BotwNerd745</a> vs. <a href="http://pokemonshowdown.com/users/inkbug1" class="subtle" target="_blank">inkbug1</a></h1>
<script type="text/plain" class="battle-log-data">|j|☆BotwNerd745
|j|☆inkbug1


|player|p1|BotwNerd745|hilda-dueldisk|


|player|p2|inkbug1|burgh|
|teamsize|p1|6
|teamsize|p2|6
|gametype|singles
|gen|8
|tier|[Gen 8] Megas for All
|clearpoke
|poke|p1|Chandelure, M|
|poke|p1|Celesteela|
|poke|p1|Eelektross, F|
|poke|p1|Shiftry, M|
|poke|p1|Garbodor, F|
|poke|p1|Incineroar, F|
|poke|p2|Archeops, F|
|poke|p2|Vaporeon, M|
|poke|p2|Durant, F|
|poke|p2|Scrafty, F|
|poke|p2|Eelektross, M|
|poke|p2|Appletun, M|
|rule|HP Percentage Mod: HP is shown in percentages
|rule|Endless Battle Clause: Forcing endless battles is banned
|rule|OHKO Clause: OHKO moves are banned
|rule|Evasion Moves Clause: Evasion moves are banned
|rule|Species Clause: Limit one of each Pokémon
|rule|Dynamax Clause: You cannot dynamax
|rule|Sleep Clause Mod: Limit one foe put to sleep
|teampreview


|
|start
|switch|p1a: Garbodor|Garbodor, F|100\/100
|switch|p2a: Roxie|Archeops, F|291\/291
|turn|1


|
|move|p2a: Roxie|Stealth Rock|p1a: Garbodor
|-sidestart|p1: BotwNerd745|move: Stealth Rock
|move|p1a: Garbodor|Stealth Rock|p2a: Roxie
|-sidestart|p2: inkbug1|move: Stealth Rock
|
|upkeep
|turn|2


|
|move|p2a: Roxie|Head Smash|p1a: Garbodor
|-damage|p1a: Garbodor|11\/100
|-damage|p2a: Roxie|145\/291|[from] Recoil
|move|p1a: Garbodor|Drain Punch|p2a: Roxie
|-crit|p2a: Roxie
|-damage|p2a: Roxie|18\/291
|-heal|p1a: Garbodor|31\/100|[from] drain|[of] p2a: Roxie
|
|upkeep
|turn|3


|
|detailschange|p2a: Roxie|Archeops-Mega, F
|-mega|p2a: Roxie|Archeops|Archeonite
|move|p2a: Roxie|Brave Bird|p1a: Garbodor
|-damage|p1a: Garbodor|0 fnt
|-damage|p2a: Roxie|0 fnt|[from] ability: Aftermath|[of] p1a: Garbodor
|faint|p1a: Garbodor
|faint|p2a: Roxie
|
|upkeep


|
|switch|p2a: Dara|Scrafty, F|334\/334
|switch|p1a: Grimm|Chandelure, M, shiny|100\/100
|-damage|p1a: Grimm|76\/100|[from] Stealth Rock
|-damage|p2a: Dara|314\/334|[from] Stealth Rock
|-ability|p2a: Dara|Intimidate|boost
|-unboost|p1a: Grimm|atk|1
|turn|4


|
|detailschange|p1a: Grimm|Chandelure-Mega, M, shiny
|-mega|p1a: Grimm|Chandelure|Chandelite
|move|p1a: Grimm|Mind Blown|p2a: Dara
|-damage|p2a: Dara|37\/334
|-damage|p1a: Grimm|26\/100|[from] mindblown
|move|p2a: Dara|Knock Off|p1a: Grimm
|-supereffective|p1a: Grimm
|-damage|p1a: Grimm|0 fnt
|faint|p1a: Grimm
|-start|p2a: Dara|Curse|[of] p2a: Dara
|-ability|p2a: Dara|Nightmare Heart|[from] Ability: Nightmare Heart
|
|-damage|p2a: Dara|0 fnt|[from] Curse
|faint|p2a: Dara
|upkeep


|
|switch|p1a: Mittens|Incineroar, F|100\/100
|switch|p2a: Celia|Durant, F|257\/257
|-damage|p2a: Celia|225\/257|[from] Stealth Rock
|turn|5


|
|switch|p2a: Torte|Appletun, M|423\/423
|-damage|p2a: Torte|371\/423|[from] Stealth Rock
|move|p1a: Mittens|Blaze Kick|p2a: Torte
|-damage|p2a: Torte|242\/423
|-enditem|p2a: Torte|Kee Berry|[eat]
|-boost|p2a: Torte|def|2|[from] item: Kee Berry
|
|upkeep
|turn|6


|
|move|p1a: Mittens|Darkest Lariat|p2a: Torte
|-damage|p2a: Torte|100\/423
|move|p2a: Torte|Body Press|p1a: Mittens
|-supereffective|p1a: Mittens
|-damage|p1a: Mittens|44\/100
|
|upkeep
|turn|7


|
|switch|p2a: Celia|Durant, F|225\/257
|-damage|p2a: Celia|193\/257|[from] Stealth Rock
|move|p1a: Mittens|Darkest Lariat|p2a: Celia
|-damage|p2a: Celia|81\/257
|
|upkeep
|turn|8


|
|move|p2a: Celia|First Impression|p1a: Mittens|[miss]
|-miss|p2a: Celia|p1a: Mittens
|move|p1a: Mittens|Parting Shot|p2a: Celia
|-unboost|p2a: Celia|atk|1
|-unboost|p2a: Celia|spa|1


|c|☆inkbug1|fr


|
|switch|p1a: Noodle|Eelektross, F|100\/100|[from]move: Parting Shot
|-damage|p1a: Noodle|88\/100|[from] Stealth Rock
|
|upkeep
|turn|9


|c|☆inkbug1|sorry i think i might be too mad to play pokemon today 


|
|-zpower|p2a: Celia
|move|p2a: Celia|Savage Spin-Out|p1a: Noodle|[zeffect]
|-damage|p1a: Noodle|0 fnt
|faint|p1a: Noodle
|
|upkeep


|
|switch|p1a: Mittens|Incineroar, F|44\/100
|turn|10


|c|☆BotwNerd745|Fair I need to be done anyway 


|
|switch|p2a: Finnigan|Vaporeon, M|464\/464
|-damage|p2a: Finnigan|406\/464|[from] Stealth Rock
|move|p1a: Mittens|Blaze Kick|p2a: Finnigan
|-resisted|p2a: Finnigan
|-damage|p2a: Finnigan|345\/464
|-status|p2a: Finnigan|brn
|
|-damage|p2a: Finnigan|316\/464 brn|[from] brn
|upkeep
|turn|11


|
|move|p1a: Mittens|Parting Shot|p2a: Finnigan
|-unboost|p2a: Finnigan|atk|1
|-unboost|p2a: Finnigan|spa|1


|
|switch|p1a: Hazel|Shiftry, M|100\/100|[from]move: Parting Shot
|-damage|p1a: Hazel|88\/100|[from] Stealth Rock
|move|p2a: Finnigan|Wish|p2a: Finnigan
|
|-heal|p1a: Hazel|94\/100|[from] item: Leftovers
|-damage|p2a: Finnigan|287\/464 brn|[from] brn
|upkeep
|turn|12


|
|move|p1a: Hazel|Leaf Blade|p2a: Finnigan
|-supereffective|p2a: Finnigan
|-damage|p2a: Finnigan|0 fnt
|faint|p2a: Finnigan
|
|-heal|p1a: Hazel|100\/100|[from] item: Leftovers
|upkeep


|
|switch|p2a: Torte|Appletun, M|100\/423
|-damage|p2a: Torte|48\/423|[from] Stealth Rock
|turn|13


|
|move|p1a: Hazel|Sucker Punch|p2a: Torte
|-damage|p2a: Torte|0 fnt
|faint|p2a: Torte
|
|upkeep


|
|switch|p2a: Celia|Durant, F|81\/257
|-damage|p2a: Celia|49\/257|[from] Stealth Rock
|turn|14


|
|switch|p1a: Palm|Celesteela|100\/100
|-damage|p1a: Palm|88\/100|[from] Stealth Rock
|move|p2a: Celia|First Impression|p1a: Palm|[miss]
|-miss|p2a: Celia|p1a: Palm
|
|-heal|p1a: Palm|94\/100|[from] item: Leftovers
|upkeep
|turn|15


|c|☆BotwNerd745|Celia come on


|
|move|p2a: Celia|Crunch|p1a: Palm
|-damage|p1a: Palm|62\/100
|move|p1a: Palm|Air Slash|p2a: Celia
|-damage|p2a: Celia|0 fnt
|faint|p2a: Celia
|-ability|p1a: Palm|Beast Boost|boost
|-boost|p1a: Palm|spa|1
|
|-heal|p1a: Palm|69\/100|[from] item: Leftovers
|upkeep


|
|switch|p2a: Butterknife|Eelektross, M|374\/374
|-damage|p2a: Butterknife|328\/374|[from] Stealth Rock
|turn|16


|
|move|p1a: Palm|Flash Cannon|p2a: Butterknife
|-resisted|p2a: Butterknife
|-damage|p2a: Butterknife|224\/374
|move|p2a: Butterknife|Coil|p2a: Butterknife
|-boost|p2a: Butterknife|atk|1
|-boost|p2a: Butterknife|def|1
|-boost|p2a: Butterknife|accuracy|1
|
|-heal|p1a: Palm|75\/100|[from] item: Leftovers
|upkeep
|turn|17


|
|move|p1a: Palm|Flash Cannon|p2a: Butterknife
|-resisted|p2a: Butterknife
|-damage|p2a: Butterknife|118\/374
|-unboost|p2a: Butterknife|spd|1
|move|p2a: Butterknife|Zap Cannon|p1a: Palm
|-supereffective|p1a: Palm
|-damage|p1a: Palm|0 fnt
|faint|p1a: Palm
|
|upkeep


|
|switch|p1a: Hazel|Shiftry, M|100\/100
|-damage|p1a: Hazel|88\/100|[from] Stealth Rock
|turn|18


|
|move|p1a: Hazel|Knock Off|p2a: Butterknife
|-damage|p2a: Butterknife|0 fnt
|-enditem|p2a: Butterknife|Blunder Policy|[from] move: Knock Off|[of] p1a: Hazel
|faint|p2a: Butterknife
|
|win|BotwNerd745


|c|☆inkbug1|hhhhhhhhhhh


|c|☆BotwNerd745|gg


|c|☆inkbug1|gg
</script>
</div>
<div class="battle-log battle-log-inline"><div class="inner"><div class="battle-options"><div style="padding-top: 3px; padding-right: 3px; text-align: right"><button class="icon button" name="openBattleOptions" title="Options">Battle Options</button></div></div><div class="inner message-log"><div class="chat"><small>☆BotwNerd745 and ☆inkbug1 joined</small></div><div class=""><small>Format:</small> <br><strong>[Gen 8] Megas for All</strong></div><div class=""><small><em>HP Percentage Mod:</em> HP is shown in percentages</small></div><div class=""><small><em>Endless Battle Clause:</em> Forcing endless battles is banned</small></div><div class=""><small><em>OHKO Clause:</em> OHKO moves are banned</small></div><div class=""><small><em>Evasion Moves Clause:</em> Evasion moves are banned</small></div><div class=""><small><em>Species Clause:</em> Limit one of each Pokémon</small></div><div class=""><small><em>Dynamax Clause:</em> You cannot dynamax</small></div><div class=""><small><em>Sleep Clause Mod:</em> Limit one foe put to sleep</small></div><div class="chat battle-history"><strong>inkbug1's team:</strong> <em style="color:#445566;display:block;">Archeops / Vaporeon / Durant / Scrafty / Eelektross / Appletun</em></div><div class="chat battle-history"><strong>BotwNerd745's team:</strong> <em style="color:#445566;display:block;">Chandelure / Celesteela / Eelektross / Shiftry / Garbodor / Incineroar</em></div><div class="spacer battle-history"><br></div><div class="battle-history">Battle started between BotwNerd745 and inkbug1!<br></div><div class="spacer battle-history"><br></div><div class="battle-history">BotwNerd745 sent out <strong>Garbodor</strong>!<br></div><div class="spacer battle-history"><br></div><div class="battle-history">Go! Roxie (<strong>Archeops</strong>)!<br></div><div class="spacer battle-history"><br></div><h2 class="battle-history">Turn 1</h2><div class="spacer battle-history"><br></div><div class="battle-history">Roxie used <strong>Stealth Rock</strong>!<br></div><div class="battle-history"><small>Pointed stones float in the air around the opposing team!</small><br></div><div class="spacer battle-history"><br></div><div class="battle-history">The opposing Garbodor used <strong>Stealth Rock</strong>!<br></div><div class="battle-history"><small>Pointed stones float in the air around your team!</small><br></div><div class="spacer battle-history"><br></div><h2 class="battle-history">Turn 2</h2><div class="spacer battle-history"><br></div><div class="battle-history">Roxie used <strong>Head Smash</strong>!<br></div><div class="battle-history"><small>(The opposing Garbodor lost 89% of its health!)</small><br></div><div class="battle-history"><small>Roxie was damaged by the recoil!</small><br></div><div class="spacer battle-history"><br></div><div class="battle-history">The opposing Garbodor used <strong>Drain Punch</strong>!<br></div><div class="battle-history"><small>A critical hit!</small><br></div><div class="battle-history"><small>(Roxie lost <abbr title="−127/291">43.6%</abbr> of its health!)</small><br></div><div class="battle-history"><small>Roxie had its energy drained!</small><br></div><div class="spacer battle-history"><br></div><h2 class="battle-history">Turn 3</h2><div class="spacer battle-history"><br></div><div class="battle-history"><small>Roxie's Archeonite is reacting to the Key Stone!</small><br>Roxie has Mega Evolved into Mega Archeops!<br></div><div class="spacer battle-history"><br></div><div class="battle-history">Roxie used <strong>Brave Bird</strong>!<br></div><div class="battle-history"><small>(The opposing Garbodor lost 31% of its health!)</small><br></div><div class="battle-history">[The opposing Garbodor's Aftermath]<br><small>Roxie was hurt!</small><br></div><div class="spacer battle-history"><br></div><div class="battle-history">The opposing Garbodor fainted!<br></div><div class="battle-history">Roxie fainted!<br></div><div class="spacer battle-history"><br></div><div class="battle-history">Go! Dara (<strong>Scrafty</strong>)!<br></div><div class="spacer battle-history"><br></div><div class="battle-history">BotwNerd745 sent out Grimm (<strong>Chandelure</strong>)!<br></div><div class="battle-history"><small>Pointed stones dug into the opposing Grimm!</small><br></div><div class="battle-history"><small>Pointed stones dug into Dara!</small><br></div><div class="battle-history">[Dara's Intimidate]<br></div><div class="battle-history"><small>The opposing Grimm's Attack fell!</small><br></div><div class="spacer battle-history"><br></div><h2 class="battle-history">Turn 4</h2><div class="spacer battle-history"><br></div><div class="battle-history"><small>The opposing Grimm's Chandelite is reacting to the Key Stone!</small><br>The opposing Grimm has Mega Evolved into Mega Chandelure!<br></div><div class="spacer battle-history"><br></div><div class="battle-history">The opposing Grimm used <strong>Mind Blown</strong>!<br></div><div class="battle-history"><small>(Dara lost <abbr title="−277/334">82.9%</abbr> of its health!)</small><br></div><div class="battle-history"><small>(The opposing Grimm cut its own HP to power up its move!)</small><br></div><div class="spacer battle-history"><br></div><div class="battle-history">Dara used <strong>Knock Off</strong>!<br></div><div class="battle-history"><small>It's super effective!</small><br></div><div class="battle-history"><small>(The opposing Grimm lost 26% of its health!)</small><br></div><div class="spacer battle-history"><br></div><div class="battle-history">The opposing Grimm fainted!<br></div><div class="battle-history"><small>Dara cut its own HP and put a curse on Dara!</small><br></div><div class="battle-history">[Dara's Nightmare Heart]<br><small>Dara acquired Nightmare Heart!</small><br></div><div class="spacer battle-history"><br></div><div class="battle-history"><small>Dara is afflicted by the curse!</small><br></div><div class="spacer battle-history"><br></div><div class="battle-history">Dara fainted!<br></div><div class="spacer battle-history"><br></div><div class="battle-history">BotwNerd745 sent out Mittens (<strong>Incineroar</strong>)!<br></div><div class="spacer battle-history"><br></div><div class="battle-history">Go! Celia (<strong>Durant</strong>)!<br></div><div class="battle-history"><small>Pointed stones dug into Celia!</small><br></div><div class="spacer battle-history"><br></div><h2 class="battle-history">Turn 5</h2><div class="spacer battle-history"><br></div><div class="battle-history">Celia, come back!<br></div><div class="battle-history">Go! Torte (<strong>Appletun</strong>)!<br></div><div class="battle-history"><small>Pointed stones dug into Torte!</small><br></div><div class="spacer battle-history"><br></div><div class="battle-history">The opposing Mittens used <strong>Blaze Kick</strong>!<br></div><div class="battle-history"><small>(Torte lost <abbr title="−129/423">30.5%</abbr> of its health!)</small><br></div><div class="battle-history"><small>(Torte ate its Kee Berry!)</small><br></div><div class="battle-history"><small>The Kee Berry sharply raised Torte's Defense!</small><br></div><div class="spacer battle-history"><br></div><h2 class="battle-history">Turn 6</h2><div class="spacer battle-history"><br></div><div class="battle-history">The opposing Mittens used <strong>Darkest Lariat</strong>!<br></div><div class="battle-history"><small>(Torte lost <abbr title="−142/423">33.6%</abbr> of its health!)</small><br></div><div class="spacer battle-history"><br></div><div class="battle-history">Torte used <strong>Body Press</strong>!<br></div><div class="battle-history"><small>It's super effective!</small><br></div><div class="battle-history"><small>(The opposing Mittens lost 56% of its health!)</small><br></div><div class="spacer battle-history"><br></div><h2 class="battle-history">Turn 7</h2><div class="spacer battle-history"><br></div><div class="battle-history">Torte, come back!<br></div><div class="battle-history">Go! Celia (<strong>Durant</strong>)!<br></div><div class="battle-history"><small>Pointed stones dug into Celia!</small><br></div><div class="spacer battle-history"><br></div><div class="battle-history">The opposing Mittens used <strong>Darkest Lariat</strong>!<br></div><div class="battle-history"><small>(Celia lost <abbr title="−112/257">43.6%</abbr> of its health!)</small><br></div><div class="spacer battle-history"><br></div><h2 class="battle-history">Turn 8</h2><div class="spacer battle-history"><br></div><div class="battle-history">Celia used <strong>First Impression</strong>!<br></div><div class="battle-history"><small>The opposing Mittens avoided the attack!</small><br></div><div class="spacer battle-history"><br></div><div class="battle-history">The opposing Mittens used <strong>Parting Shot</strong>!<br></div><div class="battle-history"><small>Celia's Attack fell!</small><br></div><div class="battle-history"><small>Celia's Sp. Atk fell!</small><br></div><div class="chat chatmessage-inkbug1 mine"><strong style="color:#e46e0f"><small>☆</small><span class="username" data-name="inkbug1">inkbug1</span>:</strong> <em>fr</em></div><div class="spacer battle-history"><br></div><div class="battle-history">BotwNerd745 withdrew Mittens!<br></div><div class="battle-history">BotwNerd745 sent out Noodle (<strong>Eelektross</strong>)!<br></div><div class="battle-history"><small>Pointed stones dug into the opposing Noodle!</small><br></div><div class="spacer battle-history"><br></div><h2 class="battle-history">Turn 9</h2><div class="chat chatmessage-inkbug1 mine"><strong style="color:#e46e0f"><small>☆</small><span class="username" data-name="inkbug1">inkbug1</span>:</strong> <em>sorry i think i might be too mad to play pokemon today </em></div><div class="spacer battle-history"><br></div><div class="battle-history"><small>Celia surrounded itself with its Z-Power!</small><br></div><div class="spacer battle-history"><br></div><div class="battle-history"><small>Celia unleashes its full-force Z-Move!</small><br>Celia used <strong>Savage Spin-Out</strong>!<br></div><div class="battle-history"><small>(The opposing Noodle lost 88% of its health!)</small><br></div><div class="spacer battle-history"><br></div><div class="battle-history">The opposing Noodle fainted!<br></div><div class="spacer battle-history"><br></div><div class="battle-history">BotwNerd745 sent out Mittens (<strong>Incineroar</strong>)!<br></div><div class="spacer battle-history"><br></div><h2 class="battle-history">Turn 10</h2><div class="chat chatmessage-botwnerd745"><strong style="color:#9835de"><small>☆</small><span class="username" data-name="BotwNerd745">BotwNerd745</span>:</strong> <em>Fair I need to be done anyway </em></div><div class="spacer battle-history"><br></div><div class="battle-history">Celia, come back!<br></div><div class="battle-history">Go! Finnigan (<strong>Vaporeon</strong>)!<br></div><div class="battle-history"><small>Pointed stones dug into Finnigan!</small><br></div><div class="spacer battle-history"><br></div><div class="battle-history">The opposing Mittens used <strong>Blaze Kick</strong>!<br></div><div class="battle-history"><small>It's not very effective...</small><br></div><div class="battle-history"><small>(Finnigan lost <abbr title="−61/464">13.1%</abbr> of its health!)</small><br></div><div class="battle-history"><small>Finnigan was burned!</small><br></div><div class="spacer battle-history"><br></div><div class="battle-history"><small>Finnigan was hurt by its burn!</small><br></div><div class="spacer battle-history"><br></div><h2 class="battle-history">Turn 11</h2><div class="spacer battle-history"><br></div><div class="battle-history">The opposing Mittens used <strong>Parting Shot</strong>!<br></div><div class="battle-history"><small>Finnigan's Attack fell!</small><br></div><div class="battle-history"><small>Finnigan's Sp. Atk fell!</small><br></div><div class="spacer battle-history"><br></div><div class="battle-history">BotwNerd745 withdrew Mittens!<br></div><div class="battle-history">BotwNerd745 sent out Hazel (<strong>Shiftry</strong>)!<br></div><div class="battle-history"><small>Pointed stones dug into the opposing Hazel!</small><br></div><div class="spacer battle-history"><br></div><div class="battle-history">Finnigan used <strong>Wish</strong>!<br></div><div class="spacer battle-history"><br></div><div class="battle-history"><small>The opposing Hazel restored a little HP using its Leftovers!</small><br></div><div class="battle-history"><small>Finnigan was hurt by its burn!</small><br></div><div class="spacer battle-history"><br></div><h2 class="battle-history">Turn 12</h2><div class="spacer battle-history"><br></div><div class="battle-history">The opposing Hazel used <strong>Leaf Blade</strong>!<br></div><div class="battle-history"><small>It's super effective!</small><br></div><div class="battle-history"><small>(Finnigan lost <abbr title="−287/464">61.9%</abbr> of its health!)</small><br></div><div class="spacer battle-history"><br></div><div class="battle-history">Finnigan fainted!<br></div><div class="spacer battle-history"><br></div><div class="battle-history"><small>The opposing Hazel restored a little HP using its Leftovers!</small><br></div><div class="spacer battle-history"><br></div><div class="battle-history">Go! Torte (<strong>Appletun</strong>)!<br></div><div class="battle-history"><small>Pointed stones dug into Torte!</small><br></div><div class="spacer battle-history"><br></div><h2 class="battle-history">Turn 13</h2><div class="spacer battle-history"><br></div><div class="battle-history">The opposing Hazel used <strong>Sucker Punch</strong>!<br></div><div class="battle-history"><small>(Torte lost <abbr title="−48/423">11.3%</abbr> of its health!)</small><br></div><div class="spacer battle-history"><br></div><div class="battle-history">Torte fainted!<br></div><div class="spacer battle-history"><br></div><div class="battle-history">Go! Celia (<strong>Durant</strong>)!<br></div><div class="battle-history"><small>Pointed stones dug into Celia!</small><br></div><div class="spacer battle-history"><br></div><h2 class="battle-history">Turn 14</h2><div class="spacer battle-history"><br></div><div class="battle-history">BotwNerd745 withdrew Hazel!<br></div><div class="battle-history">BotwNerd745 sent out Palm (<strong>Celesteela</strong>)!<br></div><div class="battle-history"><small>Pointed stones dug into the opposing Palm!</small><br></div><div class="spacer battle-history"><br></div><div class="battle-history">Celia used <strong>First Impression</strong>!<br></div><div class="battle-history"><small>The opposing Palm avoided the attack!</small><br></div><div class="spacer battle-history"><br></div><div class="battle-history"><small>The opposing Palm restored a little HP using its Leftovers!</small><br></div><div class="spacer battle-history"><br></div><h2 class="battle-history">Turn 15</h2><div class="chat chatmessage-botwnerd745"><strong style="color:#9835de"><small>☆</small><span class="username" data-name="BotwNerd745">BotwNerd745</span>:</strong> <em>Celia come on</em></div><div class="spacer battle-history"><br></div><div class="battle-history">Celia used <strong>Crunch</strong>!<br></div><div class="battle-history"><small>(The opposing Palm lost 32% of its health!)</small><br></div><div class="spacer battle-history"><br></div><div class="battle-history">The opposing Palm used <strong>Air Slash</strong>!<br></div><div class="battle-history"><small>(Celia lost <abbr title="−49/257">19.1%</abbr> of its health!)</small><br></div><div class="spacer battle-history"><br></div><div class="battle-history">Celia fainted!<br></div><div class="battle-history">[The opposing Palm's Beast Boost]<br></div><div class="battle-history"><small>The opposing Palm's Sp. Atk rose!</small><br></div><div class="spacer battle-history"><br></div><div class="battle-history"><small>The opposing Palm restored a little HP using its Leftovers!</small><br></div><div class="spacer battle-history"><br></div><div class="battle-history">Go! Butterknife (<strong>Eelektross</strong>)!<br></div><div class="battle-history"><small>Pointed stones dug into Butterknife!</small><br></div><div class="spacer battle-history"><br></div><h2 class="battle-history">Turn 16</h2><div class="spacer battle-history"><br></div><div class="battle-history">The opposing Palm used <strong>Flash Cannon</strong>!<br></div><div class="battle-history"><small>It's not very effective...</small><br></div><div class="battle-history"><small>(Butterknife lost <abbr title="−104/374">27.8%</abbr> of its health!)</small><br></div><div class="spacer battle-history"><br></div><div class="battle-history">Butterknife used <strong>Coil</strong>!<br></div><div class="battle-history"><small>Butterknife's Attack rose!</small><br></div><div class="battle-history"><small>Butterknife's Defense rose!</small><br></div><div class="battle-history"><small>Butterknife's accuracy rose!</small><br></div><div class="spacer battle-history"><br></div><div class="battle-history"><small>The opposing Palm restored a little HP using its Leftovers!</small><br></div><div class="spacer battle-history"><br></div><h2 class="battle-history">Turn 17</h2><div class="spacer battle-history"><br></div><div class="battle-history">The opposing Palm used <strong>Flash Cannon</strong>!<br></div><div class="battle-history"><small>It's not very effective...</small><br></div><div class="battle-history"><small>(Butterknife lost <abbr title="−106/374">28.3%</abbr> of its health!)</small><br></div><div class="battle-history"><small>Butterknife's Sp. Def fell!</small><br></div><div class="spacer battle-history"><br></div><div class="battle-history">Butterknife used <strong>Zap Cannon</strong>!<br></div><div class="battle-history"><small>It's super effective!</small><br></div><div class="battle-history"><small>(The opposing Palm lost 75% of its health!)</small><br></div><div class="spacer battle-history"><br></div><div class="battle-history">The opposing Palm fainted!<br></div><div class="spacer battle-history"><br></div><div class="battle-history">BotwNerd745 sent out Hazel (<strong>Shiftry</strong>)!<br></div><div class="battle-history"><small>Pointed stones dug into the opposing Hazel!</small><br></div><div class="spacer battle-history"><br></div><h2 class="battle-history">Turn 18</h2><div class="spacer battle-history"><br></div><div class="battle-history">The opposing Hazel used <strong>Knock Off</strong>!<br></div><div class="battle-history"><small>(Butterknife lost <abbr title="−118/374">31.6%</abbr> of its health!)</small><br></div><div class="battle-history"><small>The opposing Hazel knocked off Butterknife's Blunder Policy!</small><br></div><div class="spacer battle-history"><br></div><div class="battle-history">Butterknife fainted!<br></div><div class="spacer battle-history"><br></div><div class="battle-history"><strong>BotwNerd745</strong> won the battle!<br></div><div class="chat chatmessage-inkbug1 mine"><strong style="color:#e46e0f"><small>☆</small><span class="username" data-name="inkbug1">inkbug1</span>:</strong> <em>hhhhhhhhhhh</em></div><div class="chat chatmessage-botwnerd745"><strong style="color:#9835de"><small>☆</small><span class="username" data-name="BotwNerd745">BotwNerd745</span>:</strong> <em>gg</em></div><div class="chat chatmessage-inkbug1 mine"><strong style="color:#e46e0f"><small>☆</small><span class="username" data-name="inkbug1">inkbug1</span>:</strong> <em>gg</em></div></div><div class="inner-preempt message-log"></div></div></div>
</div>
<script>
let daily = Math.floor(Date.now()/1000/60/60/24);document.write('<script src="https://play.pokemonshowdown.com/js/replay-embed.js?version'+daily+'"></'+'script>');
</script>
