<!DOCTYPE html>
<meta charset="utf-8" />
<!-- version 1 -->
<title>[Gen 8] Megas for All replay: FierceHawk192 vs. Testes do bos.</title>
<style>
html,body {font-family:Verdana, sans-serif;font-size:10pt;margin:0;padding:0;}body{padding:12px 0;} .battle-log {font-family:Verdana, sans-serif;font-size:10pt;} .battle-log-inline {border:1px solid #AAAAAA;background:#EEF2F5;color:black;max-width:640px;margin:0 auto 80px;padding-bottom:5px;} .battle-log .inner {padding:4px 8px 0px 8px;} .battle-log .inner-preempt {padding:0 8px 4px 8px;} .battle-log .inner-after {margin-top:0.5em;} .battle-log h2 {margin:0.5em -8px;padding:4px 8px;border:1px solid #AAAAAA;background:#E0E7EA;border-left:0;border-right:0;font-family:Verdana, sans-serif;font-size:13pt;} .battle-log .chat {vertical-align:middle;padding:3px 0 3px 0;font-size:8pt;} .battle-log .chat strong {color:#40576A;} .battle-log .chat em {padding:1px 4px 1px 3px;color:#000000;font-style:normal;} .chat.mine {background:rgba(0,0,0,0.05);margin-left:-8px;margin-right:-8px;padding-left:8px;padding-right:8px;} .spoiler {color:#BBBBBB;background:#BBBBBB;padding:0px 3px;} .spoiler:hover, .spoiler:active, .spoiler-shown {color:#000000;background:#E2E2E2;padding:0px 3px;} .spoiler a {color:#BBBBBB;} .spoiler:hover a, .spoiler:active a, .spoiler-shown a {color:#2288CC;} .chat code, .chat .spoiler:hover code, .chat .spoiler:active code, .chat .spoiler-shown code {border:1px solid #C0C0C0;background:#EEEEEE;color:black;padding:0 2px;} .chat .spoiler code {border:1px solid #CCCCCC;background:#CCCCCC;color:#CCCCCC;} .battle-log .rated {padding:3px 4px;} .battle-log .rated strong {color:white;background:#89A;padding:1px 4px;border-radius:4px;} .spacer {margin-top:0.5em;} .message-announce {background:#6688AA;color:white;padding:1px 4px 2px;} .message-announce a, .broadcast-green a, .broadcast-blue a, .broadcast-red a {color:#DDEEFF;} .broadcast-green {background-color:#559955;color:white;padding:2px 4px;} .broadcast-blue {background-color:#6688AA;color:white;padding:2px 4px;} .infobox {border:1px solid #6688AA;padding:2px 4px;} .infobox-limited {max-height:200px;overflow:auto;overflow-x:hidden;} .broadcast-red {background-color:#AA5544;color:white;padding:2px 4px;} .message-learn-canlearn {font-weight:bold;color:#228822;text-decoration:underline;} .message-learn-cannotlearn {font-weight:bold;color:#CC2222;text-decoration:underline;} .message-effect-weak {font-weight:bold;color:#CC2222;} .message-effect-resist {font-weight:bold;color:#6688AA;} .message-effect-immune {font-weight:bold;color:#666666;} .message-learn-list {margin-top:0;margin-bottom:0;} .message-throttle-notice, .message-error {color:#992222;} .message-overflow, .chat small.message-overflow {font-size:0pt;} .message-overflow::before {font-size:9pt;content:'...';} .subtle {color:#3A4A66;}
</style>
<div class="wrapper replay-wrapper" style="max-width:1180px;margin:0 auto">
<input type="hidden" name="replayid" value="gen8megasforall-1318305310" />
<div class="battle"></div><div class="battle-log"></div><div class="replay-controls"></div><div class="replay-controls-2"></div>
<h1 style="font-weight:normal;text-align:center"><strong>[Gen 8] Megas for All</strong><br /><a href="http://pokemonshowdown.com/users/fiercehawk192" class="subtle" target="_blank">FierceHawk192</a> vs. <a href="http://pokemonshowdown.com/users/testesdobos" class="subtle" target="_blank">Testes do bos.</a></h1>
<script type="text/plain" class="battle-log-data">|j|☆FierceHawk192
|j|☆Testes do bos.
|t:|1617985515
|gametype|singles
|player|p1|FierceHawk192|acetrainer|
|player|p2|Testes do bos.|bugcatcher|
|teamsize|p1|6
|teamsize|p2|6
|gen|8
|tier|[Gen 8] Megas for All
|clearpoke
|poke|p1|Lycanroc-Dusk, M|
|poke|p1|Rotom-Heat|
|poke|p1|Metagross|
|poke|p1|Drifblim, M|
|poke|p1|Piloswine, M|
|poke|p1|Skuntank, F|
|poke|p2|Gourgeist-*, M|
|poke|p2|Hoopa-Unbound|
|poke|p2|Bronzong|
|poke|p2|Avalugg, F|
|poke|p2|Umbreon, F|
|poke|p2|Tauros, M|
|rule|HP Percentage Mod: HP is shown in percentages
|rule|Endless Battle Clause: Forcing endless battles is banned
|rule|OHKO Clause: OHKO moves are banned
|rule|Evasion Moves Clause: Evasion moves are banned
|rule|Species Clause: Limit one of each Pokémon
|rule|Dynamax Clause: You cannot dynamax
|rule|Sleep Clause Mod: Limit one foe put to sleep
|rule|Freeze Clause Mod: Limit one foe frozen
|raw|<img src="https:\/\/www.smogon.com\/forums\/attachments\/banner_2-png.302358\/" height="65" width="381">
|-message|Welcome to Megas for All!
|-message|This is a National Dex-based format where we aim to give a new Mega Evolution to every Pokémon.
|-message|Just like any official format, you can still only Mega Evolve one Pokémon per team!
|-message|You can find our thread and metagame resources here:
|-message|https:\/\/www.smogon.com\/forums\/threads\/3671140\/
|teampreview
|inactive|Battle timer is ON: inactive players will automatically lose when time's up. (requested by Testes do bos.)
|
|t:|1617985545
|start
|switch|p1a: Rotom|Rotom-Heat|100\/100
|switch|p2a: Gourgeist|Gourgeist-Large, M|100\/100
|turn|1
|
|t:|1617985561
|detailschange|p2a: Gourgeist|Gourgeist-Large-Mega, M
|-mega|p2a: Gourgeist|Gourgeist|Gourgeite
|-start|p2a: Gourgeist|typechange|Ghost\/Grass|[silent]
|raw|<ul class="utilichart"><li class="result"><span class="col pokemonnamecol" style="white-space: nowrap">Gourgeist-Large-Mega<\/span> <span class="col typecol"><img src="https:\/\/play.pokemonshowdown.com\/sprites\/types\/Ghost.png" alt="Ghost" height="14" width="32"><img src="https:\/\/play.pokemonshowdown.com\/sprites\/types\/Grass.png" alt="Grass" height="14" width="32"><\/span> <span style="float: left ; min-height: 26px"><span class="col abilitycol">Flash Fire<\/span><span class="col abilitycol"><\/span><\/span><span style="float: left ; min-height: 26px"><span class="col statcol"><em>HP<\/em><br>75<\/span> <span class="col statcol"><em>Atk<\/em><br>100<\/span> <span class="col statcol"><em>Def<\/em><br>125<\/span> <span class="col statcol"><em>SpA<\/em><br>100<\/span> <span class="col statcol"><em>SpD<\/em><br>125<\/span> <span class="col statcol"><em>Spe<\/em><br>69<\/span> <\/span><\/li><li style="clear: both"><\/li><\/ul>
|move|p1a: Rotom|Volt Switch|p2a: Gourgeist
|-resisted|p2a: Gourgeist
|-crit|p2a: Gourgeist
|-damage|p2a: Gourgeist|82\/100
|
|t:|1617985568
|switch|p1a: Skuntank|Skuntank, F|100\/100|[from]move: Volt Switch
|move|p2a: Gourgeist|Leech Seed|p1a: Skuntank
|-start|p1a: Skuntank|move: Leech Seed
|
|-damage|p1a: Skuntank|88\/100|[from] Leech Seed|[of] p2a: Gourgeist
|-heal|p2a: Gourgeist|96\/100|[silent]
|upkeep
|turn|2
|
|t:|1617985586
|switch|p2a: Umbreon|Umbreon, F|100\/100
|move|p1a: Skuntank|Toxic|p2a: Umbreon
|-status|p2a: Umbreon|tox
|-activate|p2a: Umbreon|ability: Synchronize
|-immune|p1a: Skuntank
|
|-heal|p1a: Skuntank|94\/100|[from] item: Leftovers
|-damage|p1a: Skuntank|82\/100|[from] Leech Seed|[of] p2a: Umbreon
|-damage|p2a: Umbreon|94\/100 tox|[from] psn
|upkeep
|turn|3
|
|t:|1617985601
|switch|p1a: Lycanroc|Lycanroc-Dusk, M|100\/100
|move|p2a: Umbreon|Heal Bell|p2a: Umbreon
|-activate|p2a: Umbreon|move: Heal Bell
|-curestatus|p2a: Umbreon|tox|[msg]
|
|-heal|p2a: Umbreon|100\/100|[from] item: Leftovers
|upkeep
|turn|4
|
|t:|1617985616
|switch|p2a: Gourgeist|Gourgeist-Large-Mega, M|96\/100
|-start|p2a: Gourgeist|typechange|Ghost\/Grass|[silent]
|detailschange|p1a: Lycanroc|Lycanroc-Dusk-Mega, M
|-mega|p1a: Lycanroc|Lycanroc|Lycanite
|-ability|p1a: Lycanroc|Mold Breaker
|-start|p1a: Lycanroc|typechange|Rock\/Fighting|[silent]
|raw|<ul class="utilichart"><li class="result"><span class="col pokemonnamecol" style="white-space: nowrap">Lycanroc-Dusk-Mega<\/span> <span class="col typecol"><img src="https:\/\/play.pokemonshowdown.com\/sprites\/types\/Rock.png" alt="Rock" height="14" width="32"><img src="https:\/\/play.pokemonshowdown.com\/sprites\/types\/Fighting.png" alt="Fighting" height="14" width="32"><\/span> <span style="float: left ; min-height: 26px"><span class="col abilitycol">Mold Breaker<\/span><span class="col abilitycol"><\/span><\/span><span style="float: left ; min-height: 26px"><span class="col statcol"><em>HP<\/em><br>75<\/span> <span class="col statcol"><em>Atk<\/em><br>150<\/span> <span class="col statcol"><em>Def<\/em><br>80<\/span> <span class="col statcol"><em>SpA<\/em><br>65<\/span> <span class="col statcol"><em>SpD<\/em><br>75<\/span> <span class="col statcol"><em>Spe<\/em><br>142<\/span> <\/span><\/li><li style="clear: both"><\/li><\/ul>
|move|p1a: Lycanroc|Taunt|p2a: Gourgeist
|-start|p2a: Gourgeist|move: Taunt
|
|upkeep
|turn|5
|
|t:|1617985635
|move|p1a: Lycanroc|Crunch|p2a: Gourgeist
|-supereffective|p2a: Gourgeist
|-damage|p2a: Gourgeist|56\/100
|move|p2a: Gourgeist|Shadow Ball|p1a: Lycanroc
|-damage|p1a: Lycanroc|62\/100
|
|upkeep
|turn|6
|
|t:|1617985646
|switch|p1a: Rotom|Rotom-Heat|100\/100
|move|p2a: Gourgeist|Giga Drain|p1a: Rotom
|-resisted|p1a: Rotom
|-damage|p1a: Rotom|82\/100
|-heal|p2a: Gourgeist|62\/100|[from] drain|[of] p1a: Rotom
|
|-end|p2a: Gourgeist|move: Taunt
|upkeep
|turn|7
|
|t:|1617985662
|move|p1a: Rotom|Overheat|p2a: Gourgeist
|-start|p2a: Gourgeist|ability: Flash Fire
|move|p2a: Gourgeist|Strength Sap|p1a: Rotom
|-unboost|p1a: Rotom|atk|1
|-heal|p2a: Gourgeist|96\/100
|
|upkeep
|turn|8
|
|t:|1617985674
|switch|p1a: Drifblim|Drifblim, M|100\/100
|move|p2a: Gourgeist|Leech Seed|p1a: Drifblim
|-start|p1a: Drifblim|move: Leech Seed
|
|-damage|p1a: Drifblim|88\/100|[from] Leech Seed|[of] p2a: Gourgeist
|-heal|p2a: Gourgeist|100\/100|[silent]
|-status|p1a: Drifblim|brn|[from] item: Flame Orb
|upkeep
|turn|9
|
|t:|1617985690
|-end|p2a: Gourgeist|ability: Flash Fire|[silent]
|switch|p2a: Umbreon|Umbreon, F|100\/100
|move|p1a: Drifblim|Shadow Ball|p2a: Umbreon
|-resisted|p2a: Umbreon
|-damage|p2a: Umbreon|85\/100
|
|-heal|p2a: Umbreon|91\/100|[from] item: Leftovers
|-damage|p1a: Drifblim|76\/100 brn|[from] Leech Seed|[of] p2a: Umbreon
|-heal|p2a: Umbreon|100\/100|[silent]
|-damage|p1a: Drifblim|69\/100 brn|[from] brn
|upkeep
|turn|10
|inactive|Testes do bos. has 270 seconds left.
|
|t:|1617985707
|switch|p1a: Skuntank|Skuntank, F|82\/100
|move|p2a: Umbreon|Foul Play|p1a: Skuntank
|-resisted|p1a: Skuntank
|-damage|p1a: Skuntank|63\/100
|
|-heal|p1a: Skuntank|69\/100|[from] item: Leftovers
|upkeep
|turn|11
|inactive|Testes do bos. has 270 seconds left.
|
|t:|1617985738
|switch|p1a: Lycanroc|Lycanroc-Dusk-Mega, M|62\/100
|-start|p1a: Lycanroc|typechange|Rock\/Fighting|[silent]
|-ability|p1a: Lycanroc|Mold Breaker
|move|p2a: Umbreon|Foul Play|p1a: Lycanroc
|-resisted|p1a: Lycanroc
|-damage|p1a: Lycanroc|19\/100
|
|upkeep
|turn|12
|
|t:|1617985749
|switch|p2a: Gourgeist|Gourgeist-Large-Mega, M|100\/100
|-start|p2a: Gourgeist|typechange|Ghost\/Grass|[silent]
|move|p1a: Lycanroc|Close Combat|p2a: Gourgeist
|-immune|p2a: Gourgeist
|
|upkeep
|turn|13
|
|t:|1617985759
|switch|p1a: Rotom|Rotom-Heat|82\/100
|move|p2a: Gourgeist|Leech Seed|p1a: Rotom|[miss]
|-miss|p2a: Gourgeist|p1a: Rotom
|
|upkeep
|turn|14
|
|t:|1617985765
|move|p1a: Rotom|Volt Switch|p2a: Gourgeist
|-resisted|p2a: Gourgeist
|-damage|p2a: Gourgeist|88\/100
|
|t:|1617985772
|switch|p1a: Piloswine|Piloswine, M|100\/100|[from]move: Volt Switch
|move|p2a: Gourgeist|Leech Seed|p1a: Piloswine
|-start|p1a: Piloswine|move: Leech Seed
|
|-damage|p1a: Piloswine|88\/100|[from] Leech Seed|[of] p2a: Gourgeist
|-heal|p2a: Gourgeist|99\/100|[silent]
|upkeep
|turn|15
|inactive|Testes do bos. has 270 seconds left.
|
|t:|1617985807
|move|p2a: Gourgeist|Strength Sap|p1a: Piloswine
|-unboost|p1a: Piloswine|atk|1
|-heal|p2a: Gourgeist|100\/100
|move|p1a: Piloswine|Toxic|p2a: Gourgeist
|-status|p2a: Gourgeist|tox
|
|-damage|p1a: Piloswine|76\/100|[from] Leech Seed|[of] p2a: Gourgeist
|-damage|p2a: Gourgeist|94\/100 tox|[from] psn
|upkeep
|turn|16
|
|t:|1617985821
|switch|p2a: Umbreon|Umbreon, F|100\/100
|switch|p1a: Drifblim|Drifblim, M|69\/100 brn
|
|-damage|p1a: Drifblim|63\/100 brn|[from] brn
|upkeep
|turn|17
|
|t:|1617985833
|switch|p1a: Skuntank|Skuntank, F|69\/100
|move|p2a: Umbreon|Heal Bell|p2a: Umbreon
|-activate|p2a: Umbreon|move: Heal Bell
|-curestatus|p2: Gourgeist|tox|[msg]
|
|-heal|p1a: Skuntank|75\/100|[from] item: Leftovers
|upkeep
|turn|18
|inactive|Testes do bos. has 240 seconds left.
|
|t:|1617985849
|move|p1a: Skuntank|Toxic|p2a: Umbreon
|-status|p2a: Umbreon|tox
|-activate|p2a: Umbreon|ability: Synchronize
|-immune|p1a: Skuntank
|move|p2a: Umbreon|Foul Play|p1a: Skuntank
|-resisted|p1a: Skuntank
|-damage|p1a: Skuntank|56\/100
|
|-heal|p1a: Skuntank|62\/100|[from] item: Leftovers
|-damage|p2a: Umbreon|94\/100 tox|[from] psn
|upkeep
|turn|19
|inactive|Testes do bos. has 240 seconds left.
|
|t:|1617985862
|switch|p1a: Lycanroc|Lycanroc-Dusk-Mega, M|19\/100
|-start|p1a: Lycanroc|typechange|Rock\/Fighting|[silent]
|-ability|p1a: Lycanroc|Mold Breaker
|move|p2a: Umbreon|Foul Play|p1a: Lycanroc
|-resisted|p1a: Lycanroc
|-damage|p1a: Lycanroc|0 fnt
|faint|p1a: Lycanroc
|
|-heal|p2a: Umbreon|100\/100 tox|[from] item: Leftovers
|-damage|p2a: Umbreon|88\/100 tox|[from] psn
|upkeep
|inactive|FierceHawk192 has 270 seconds left.
|
|t:|1617985895
|switch|p1a: Rotom|Rotom-Heat|82\/100
|turn|20
|
|t:|1617985907
|switch|p2a: Gourgeist|Gourgeist-Large-Mega, M|94\/100
|-start|p2a: Gourgeist|typechange|Ghost\/Grass|[silent]
|move|p1a: Rotom|Volt Switch|p2a: Gourgeist
|-resisted|p2a: Gourgeist
|-damage|p2a: Gourgeist|82\/100
|
|t:|1617985913
|switch|p1a: Skuntank|Skuntank, F|62\/100|[from]move: Volt Switch
|
|-heal|p1a: Skuntank|68\/100|[from] item: Leftovers
|upkeep
|turn|21
|
|t:|1617985933
|-activate|p2a: Gourgeist|move: Pursuit
|move|p1a: Skuntank|Pursuit|p2a: Gourgeist|[from]Pursuit
|-supereffective|p2a: Gourgeist
|-damage|p2a: Gourgeist|51\/100
|switch|p2a: Umbreon|Umbreon, F|88\/100 tox
|
|-heal|p1a: Skuntank|74\/100|[from] item: Leftovers
|-heal|p2a: Umbreon|94\/100 tox|[from] item: Leftovers
|-damage|p2a: Umbreon|88\/100 tox|[from] psn
|upkeep
|turn|22
|
|t:|1617985950
|switch|p1a: Rotom|Rotom-Heat|82\/100
|move|p2a: Umbreon|Heal Bell|p2a: Umbreon
|-activate|p2a: Umbreon|move: Heal Bell
|-curestatus|p2a: Umbreon|tox|[msg]
|
|-heal|p2a: Umbreon|94\/100|[from] item: Leftovers
|upkeep
|turn|23
|
|t:|1617985959
|move|p2a: Umbreon|Protect|p2a: Umbreon
|-singleturn|p2a: Umbreon|Protect
|move|p1a: Rotom|Overheat|p2a: Umbreon
|-activate|p2a: Umbreon|move: Protect
|
|-heal|p2a: Umbreon|100\/100|[from] item: Leftovers
|upkeep
|turn|24
|
|t:|1617985969
|switch|p1a: Piloswine|Piloswine, M|76\/100
|move|p2a: Umbreon|Wish|p2a: Umbreon
|
|upkeep
|turn|25
|
|t:|1617985977
|move|p2a: Umbreon|Foul Play|p1a: Piloswine
|-damage|p1a: Piloswine|40\/100
|move|p1a: Piloswine|Curse|p1a: Piloswine
|-unboost|p1a: Piloswine|spe|1
|-boost|p1a: Piloswine|atk|1
|-boost|p1a: Piloswine|def|1
|
|upkeep
|turn|26
|inactive|Testes do bos. has 270 seconds left.
|
|t:|1617985988
|switch|p2a: Avalugg|Avalugg, F|100\/100
|move|p1a: Piloswine|Avalanche|p2a: Avalugg
|-resisted|p2a: Avalugg
|-damage|p2a: Avalugg|91\/100
|
|upkeep
|turn|27
|inactive|Testes do bos. has 270 seconds left.
|
|t:|1617985995
|move|p2a: Avalugg|Toxic|p1a: Piloswine
|-status|p1a: Piloswine|tox
|move|p1a: Piloswine|Toxic|p2a: Avalugg
|-status|p2a: Avalugg|tox
|
|-damage|p2a: Avalugg|85\/100 tox|[from] psn
|-damage|p1a: Piloswine|34\/100 tox|[from] psn
|upkeep
|turn|28
|inactive|Testes do bos. has 270 seconds left.
|
|t:|1617986018
|switch|p2a: Bronzong|Bronzong|100\/100
|switch|p1a: Metagross|Metagross|100\/100
|
|upkeep
|turn|29
|
|t:|1617986029
|-activate|p2a: Bronzong|move: Pursuit
|move|p1a: Metagross|Pursuit|p2a: Bronzong|[from]Pursuit
|-supereffective|p2a: Bronzong
|-damage|p2a: Bronzong|40\/100
|switch|p2a: Umbreon|Umbreon, F|100\/100
|
|upkeep
|turn|30
|
|t:|1617986038
|switch|p1a: Skuntank|Skuntank, F|74\/100
|move|p2a: Umbreon|Heal Bell|p2a: Umbreon
|-activate|p2a: Umbreon|move: Heal Bell
|-curestatus|p2: Avalugg|tox|[msg]
|
|-heal|p1a: Skuntank|80\/100|[from] item: Leftovers
|upkeep
|turn|31
|inactive|Testes do bos. has 270 seconds left.
|
|t:|1617986060
|move|p1a: Skuntank|Toxic|p2a: Umbreon
|-status|p2a: Umbreon|tox
|-activate|p2a: Umbreon|ability: Synchronize
|-immune|p1a: Skuntank
|move|p2a: Umbreon|Wish|p2a: Umbreon
|
|-heal|p1a: Skuntank|86\/100|[from] item: Leftovers
|-damage|p2a: Umbreon|94\/100 tox|[from] psn
|upkeep
|turn|32
|
|t:|1617986072
|switch|p1a: Rotom|Rotom-Heat|82\/100
|move|p2a: Umbreon|Foul Play|p1a: Rotom
|-damage|p1a: Rotom|59\/100
|
|-heal|p2a: Umbreon|100\/100 tox|[from] move: Wish|[wisher] Umbreon
|-damage|p2a: Umbreon|88\/100 tox|[from] psn
|upkeep
|turn|33
|
|t:|1617986085
|move|p1a: Rotom|Volt Switch|p2a: Umbreon
|-damage|p2a: Umbreon|66\/100 tox
|
|t:|1617986088
|switch|p1a: Skuntank|Skuntank, F|86\/100|[from]move: Volt Switch
|move|p2a: Umbreon|Wish|p2a: Umbreon
|
|-heal|p1a: Skuntank|92\/100|[from] item: Leftovers
|-heal|p2a: Umbreon|72\/100 tox|[from] item: Leftovers
|-damage|p2a: Umbreon|54\/100 tox|[from] psn
|upkeep
|turn|34
|
|t:|1617986099
|switch|p1a: Piloswine|Piloswine, M|34\/100 tox
|move|p2a: Umbreon|Heal Bell|p2a: Umbreon
|-activate|p2a: Umbreon|move: Heal Bell
|-curestatus|p2a: Umbreon|tox|[msg]
|
|-heal|p2a: Umbreon|100\/100|[from] move: Wish|[wisher] Umbreon
|-damage|p1a: Piloswine|28\/100 tox|[from] psn
|upkeep
|turn|35
|
|t:|1617986119
|switch|p2a: Bronzong|Bronzong|40\/100
|move|p1a: Piloswine|Avalanche|p2a: Bronzong
|-resisted|p2a: Bronzong
|-crit|p2a: Bronzong
|-damage|p2a: Bronzong|20\/100
|
|-heal|p2a: Bronzong|26\/100|[from] item: Leftovers
|-damage|p1a: Piloswine|15\/100 tox|[from] psn
|upkeep
|turn|36
|
|t:|1617986131
|switch|p1a: Skuntank|Skuntank, F|92\/100
|move|p2a: Bronzong|Stealth Rock|p1a: Skuntank
|-sidestart|p1: FierceHawk192|move: Stealth Rock
|
|-heal|p1a: Skuntank|99\/100|[from] item: Leftovers
|-heal|p2a: Bronzong|32\/100|[from] item: Leftovers
|upkeep
|turn|37
|
|t:|1617986141
|move|p2a: Bronzong|Protect|p2a: Bronzong
|-singleturn|p2a: Bronzong|Protect
|move|p1a: Skuntank|Pursuit|p2a: Bronzong
|-activate|p2a: Bronzong|move: Protect
|
|-heal|p1a: Skuntank|100\/100|[from] item: Leftovers
|-heal|p2a: Bronzong|39\/100|[from] item: Leftovers
|upkeep
|turn|38
|
|t:|1617986151
|move|p1a: Skuntank|Defog|p2a: Bronzong
|-unboost|p2a: Bronzong|evasion|1
|-sideend|p1: FierceHawk192|Stealth Rock|[from] move: Defog|[of] p1a: Skuntank
|move|p2a: Bronzong|Heavy Slam|p1a: Skuntank
|-damage|p1a: Skuntank|63\/100
|
|-heal|p1a: Skuntank|69\/100|[from] item: Leftovers
|-heal|p2a: Bronzong|45\/100|[from] item: Leftovers
|upkeep
|turn|39
|inactive|Testes do bos. has 270 seconds left.
|
|t:|1617986161
|move|p2a: Bronzong|Protect|p2a: Bronzong
|-singleturn|p2a: Bronzong|Protect
|move|p1a: Skuntank|Pursuit|p2a: Bronzong
|-activate|p2a: Bronzong|move: Protect
|
|-heal|p1a: Skuntank|75\/100|[from] item: Leftovers
|-heal|p2a: Bronzong|51\/100|[from] item: Leftovers
|upkeep
|turn|40
|inactive|Testes do bos. has 270 seconds left.
|
|t:|1617986172
|move|p1a: Skuntank|Lash Out|p2a: Bronzong
|-supereffective|p2a: Bronzong
|-damage|p2a: Bronzong|8\/100
|move|p2a: Bronzong|Heavy Slam|p1a: Skuntank
|-damage|p1a: Skuntank|36\/100
|
|-heal|p1a: Skuntank|42\/100|[from] item: Leftovers
|-heal|p2a: Bronzong|15\/100|[from] item: Leftovers
|upkeep
|turn|41
|inactive|Testes do bos. has 270 seconds left.
|
|t:|1617986183
|move|p1a: Skuntank|Pursuit|p2a: Bronzong
|-supereffective|p2a: Bronzong
|-damage|p2a: Bronzong|0 fnt
|faint|p2a: Bronzong
|
|-heal|p1a: Skuntank|48\/100|[from] item: Leftovers
|upkeep
|
|t:|1617986195
|switch|p2a: Tauros|Tauros, M|100\/100
|turn|42
|
|t:|1617986209
|move|p2a: Tauros|Body Slam|p1a: Skuntank
|-damage|p1a: Skuntank|0 fnt
|-damage|p2a: Tauros|76\/100|[from] ability: Aftermath|[of] p1a: Skuntank
|faint|p1a: Skuntank
|
|upkeep
|
|t:|1617986212
|switch|p1a: Metagross|Metagross|100\/100
|turn|43
|
|t:|1617986220
|switch|p2a: Umbreon|Umbreon, F|100\/100
|move|p1a: Metagross|Meteor Mash|p2a: Umbreon
|-damage|p2a: Umbreon|71\/100
|
|-heal|p2a: Umbreon|77\/100|[from] item: Leftovers
|upkeep
|turn|44
|
|t:|1617986229
|switch|p1a: Piloswine|Piloswine, M|15\/100 tox
|move|p2a: Umbreon|Foul Play|p1a: Piloswine
|-damage|p1a: Piloswine|0 fnt
|faint|p1a: Piloswine
|
|-heal|p2a: Umbreon|83\/100|[from] item: Leftovers
|upkeep
|
|t:|1617986233
|switch|p1a: Drifblim|Drifblim, M|63\/100 brn
|turn|45
|
|t:|1617986241
|move|p1a: Drifblim|Trick|p2a: Umbreon
|-activate|p1a: Drifblim|move: Trick|[of] p2a: Umbreon
|-item|p2a: Umbreon|Flame Orb|[from] move: Trick
|-item|p1a: Drifblim|Leftovers|[from] move: Trick
|move|p2a: Umbreon|Foul Play|p1a: Drifblim
|-supereffective|p1a: Drifblim
|-damage|p1a: Drifblim|7\/100 brn
|
|-heal|p1a: Drifblim|13\/100 brn|[from] item: Leftovers
|-damage|p1a: Drifblim|7\/100 brn|[from] brn
|-status|p2a: Umbreon|brn|[from] item: Flame Orb
|upkeep
|turn|46
|
|t:|1617986252
|move|p1a: Drifblim|Hidden Power|p2a: Umbreon
|-damage|p2a: Umbreon|65\/100 brn
|move|p2a: Umbreon|Foul Play|p1a: Drifblim
|-supereffective|p1a: Drifblim
|-damage|p1a: Drifblim|0 fnt
|faint|p1a: Drifblim
|
|-damage|p2a: Umbreon|59\/100 brn|[from] brn
|upkeep
|
|t:|1617986258
|switch|p1a: Rotom|Rotom-Heat|59\/100
|turn|47
|
|t:|1617986266
|move|p1a: Rotom|Signal Beam|p2a: Umbreon
|-supereffective|p2a: Umbreon
|-damage|p2a: Umbreon|26\/100 brn
|move|p2a: Umbreon|Wish|p2a: Umbreon
|
|-damage|p2a: Umbreon|20\/100 brn|[from] brn
|upkeep
|turn|48
|
|t:|1617986281
|switch|p1a: Metagross|Metagross|100\/100
|switch|p2a: Gourgeist|Gourgeist-Large-Mega, M|51\/100
|-start|p2a: Gourgeist|typechange|Ghost\/Grass|[silent]
|
|-heal|p2a: Gourgeist|100\/100|[from] move: Wish|[wisher] Umbreon
|upkeep
|turn|49
|
|t:|1617986290
|move|p1a: Metagross|Ice Punch|p2a: Gourgeist
|-supereffective|p2a: Gourgeist
|-damage|p2a: Gourgeist|62\/100
|move|p2a: Gourgeist|Strength Sap|p1a: Metagross
|-fail|p1a: Metagross|unboost|[from] ability: Clear Body|[of] p1a: Metagross
|-heal|p2a: Gourgeist|100\/100
|
|upkeep
|turn|50
|
|t:|1617986308
|move|p1a: Metagross|Meteor Mash|p2a: Gourgeist
|-damage|p2a: Gourgeist|67\/100
|move|p2a: Gourgeist|Shadow Ball|p1a: Metagross
|-supereffective|p1a: Metagross
|-damage|p1a: Metagross|40\/100
|
|-heal|p1a: Metagross|46\/100|[from] item: Leftovers
|upkeep
|turn|51
|
|t:|1617986318
|move|p1a: Metagross|Ice Punch|p2a: Gourgeist
|-supereffective|p2a: Gourgeist
|-damage|p2a: Gourgeist|32\/100
|move|p2a: Gourgeist|Shadow Ball|p1a: Metagross
|-supereffective|p1a: Metagross
|-damage|p1a: Metagross|0 fnt
|faint|p1a: Metagross
|
|upkeep
|
|t:|1617986321
|switch|p1a: Rotom|Rotom-Heat|59\/100
|turn|52
|
|t:|1617986330
|move|p1a: Rotom|Signal Beam|p2a: Gourgeist
|-damage|p2a: Gourgeist|13\/100
|move|p2a: Gourgeist|Strength Sap|p1a: Rotom
|-unboost|p1a: Rotom|atk|1
|-heal|p2a: Gourgeist|47\/100
|
|upkeep
|turn|53
|
|t:|1617986355
|switch|p2a: Umbreon|Umbreon, F|20\/100 brn
|move|p1a: Rotom|Signal Beam|p2a: Umbreon
|-supereffective|p2a: Umbreon
|-damage|p2a: Umbreon|0 fnt
|faint|p2a: Umbreon
|
|upkeep
|
|t:|1617986365
|switch|p2a: Tauros|Tauros, M|76\/100
|turn|54
|
|t:|1617986369
|move|p1a: Rotom|Signal Beam|p2a: Tauros
|-damage|p2a: Tauros|40\/100
|move|p2a: Tauros|Body Slam|p1a: Rotom
|-damage|p1a: Rotom|0 fnt
|faint|p1a: Rotom
|
|win|Testes do bos.
|c|☆FierceHawk192|gg
|c|☆Testes do bos.|GG
|c|☆FierceHawk192|do you want to share the replay or should I?
</script>
</div>
<div class="battle-log battle-log-inline"><div class="inner"><div class="battle-options"></div><div class="inner message-log"><div class="chat"><small>☆FierceHawk192 and ☆Testes do bos. joined</small></div><div class=""><small>Format:</small> <br><strong>[Gen 8] Megas for All</strong></div><div class=""><small><em>HP Percentage Mod:</em> HP is shown in percentages</small></div><div class=""><small><em>Endless Battle Clause:</em> Forcing endless battles is banned</small></div><div class=""><small><em>OHKO Clause:</em> OHKO moves are banned</small></div><div class=""><small><em>Evasion Moves Clause:</em> Evasion moves are banned</small></div><div class=""><small><em>Species Clause:</em> Limit one of each Pokémon</small></div><div class=""><small><em>Dynamax Clause:</em> You cannot dynamax</small></div><div class=""><small><em>Sleep Clause Mod:</em> Limit one foe put to sleep</small></div><div class=""><small><em>Freeze Clause Mod:</em> Limit one foe frozen</small></div><div class="chat"><img src="https://www.smogon.com/forums/attachments/banner_2-png.302358/" height="65" width="381"></div><div class="spacer battle-history"><br></div><div class="battle-history"><small>Welcome to Megas for All!</small><br></div><div class="battle-history"><small>This is a National Dex-based format where we aim to give a new Mega Evolution to every Pokémon.</small><br></div><div class="battle-history"><small>Just like any official format, you can still only Mega Evolve one Pokémon per team!</small><br></div><div class="battle-history"><small>You can find our thread and metagame resources here:</small><br></div><div class="battle-history"><small>https://www.smogon.com/forums/threads/3671140/</small><br></div><div class="chat battle-history"><strong>FierceHawk192's team:</strong> <em style="color:#445566;display:block;">Lycanroc-Dusk / Rotom-Heat / Metagross / Drifblim / Piloswine / Skuntank</em></div><div class="chat battle-history"><strong>Testes do bos.'s team:</strong> <em style="color:#445566;display:block;">Gourgeist-* / Hoopa-Unbound / Bronzong / Avalugg / Umbreon / Tauros</em></div><div class="chat message-error">Battle timer is ON: inactive players will automatically lose when time's up. (requested by Testes do bos.)</div><div class="spacer battle-history"><br></div><div class="battle-history">Battle started between FierceHawk192 and Testes do bos.!<br></div><div class="spacer battle-history"><br></div><div class="battle-history">Go! Rotom (<strong>Rotom-Heat</strong>)!<br></div><div class="spacer battle-history"><br></div><div class="battle-history">Testes do bos. sent out Gourgeist (<strong>Gourgeist-Large</strong>)!<br></div><div class="spacer battle-history"><br></div><h2 class="battle-history">Turn 1</h2><div class="spacer battle-history"><br></div><div class="battle-history"><small>The opposing Gourgeist's Gourgeite is reacting to the Key Stone!</small><br>The opposing Gourgeist has Mega Evolved into Mega Gourgeist!<br></div><div class="chat"><ul class="utilichart"><li class="result"><span class="col pokemonnamecol">Gourgeist-Large-Mega</span> <span class="col typecol"><img src="https://play.pokemonshowdown.com/sprites/types/Ghost.png" alt="Ghost" height="14" width="32"><img src="https://play.pokemonshowdown.com/sprites/types/Grass.png" alt="Grass" height="14" width="32"></span> <span><span class="col abilitycol">Flash Fire</span><span class="col abilitycol"></span></span><span><span class="col statcol"><em>HP</em><br>75</span> <span class="col statcol"><em>Atk</em><br>100</span> <span class="col statcol"><em>Def</em><br>125</span> <span class="col statcol"><em>SpA</em><br>100</span> <span class="col statcol"><em>SpD</em><br>125</span> <span class="col statcol"><em>Spe</em><br>69</span> </span></li><li></li></ul></div><div class="spacer battle-history"><br></div><div class="battle-history">Rotom used <strong>Volt Switch</strong>!<br></div><div class="battle-history"><small>It's not very effective...</small><br></div><div class="battle-history"><small>A critical hit!</small><br></div><div class="battle-history"><small>(The opposing Gourgeist lost 18% of its health!)</small><br></div><div class="spacer battle-history"><br></div><div class="battle-history">Rotom went back to FierceHawk192!<br></div><div class="battle-history">Go! <strong>Skuntank</strong>!<br></div><div class="spacer battle-history"><br></div><div class="battle-history">The opposing Gourgeist used <strong>Leech Seed</strong>!<br></div><div class="battle-history"><small>Skuntank was seeded!</small><br></div><div class="spacer battle-history"><br></div><div class="battle-history"><small>Skuntank's health is sapped by Leech Seed!</small><br></div><div class="spacer battle-history"><br></div><h2 class="battle-history">Turn 2</h2><div class="spacer battle-history"><br></div><div class="battle-history">Testes do bos. withdrew Gourgeist!<br></div><div class="battle-history">Testes do bos. sent out <strong>Umbreon</strong>!<br></div><div class="spacer battle-history"><br></div><div class="battle-history">Skuntank used <strong>Toxic</strong>!<br></div><div class="battle-history"><small>The opposing Umbreon was badly poisoned!</small><br></div><div class="battle-history">[The opposing Umbreon's Synchronize]<br></div><div class="battle-history"><small>It doesn't affect Skuntank...</small><br></div><div class="spacer battle-history"><br></div><div class="battle-history"><small>Skuntank restored a little HP using its Leftovers!</small><br></div><div class="battle-history"><small>Skuntank's health is sapped by Leech Seed!</small><br></div><div class="battle-history"><small>The opposing Umbreon was hurt by poison!</small><br></div><div class="spacer battle-history"><br></div><h2 class="battle-history">Turn 3</h2><div class="spacer battle-history"><br></div><div class="battle-history">Skuntank, come back!<br></div><div class="battle-history">Go! Lycanroc (<strong>Lycanroc-Dusk</strong>)!<br></div><div class="spacer battle-history"><br></div><div class="battle-history">The opposing Umbreon used <strong>Heal Bell</strong>!<br></div><div class="battle-history"><small>A bell chimed!</small><br></div><div class="battle-history"><small>The opposing Umbreon was cured of its poisoning!</small><br></div><div class="spacer battle-history"><br></div><div class="battle-history"><small>The opposing Umbreon restored a little HP using its Leftovers!</small><br></div><div class="spacer battle-history"><br></div><h2 class="battle-history">Turn 4</h2><div class="spacer battle-history"><br></div><div class="battle-history">Testes do bos. withdrew Umbreon!<br></div><div class="battle-history">Testes do bos. sent out Gourgeist (<strong>Gourgeist-Large-Mega</strong>)!<br></div><div class="spacer battle-history"><br></div><div class="battle-history"><small>Lycanroc's Lycanite is reacting to the Key Stone!</small><br>Lycanroc has Mega Evolved into Mega Lycanroc!<br></div><div class="battle-history">[Lycanroc's Mold Breaker]<br><small>Lycanroc breaks the mold!</small><br></div><div class="chat"><ul class="utilichart"><li class="result"><span class="col pokemonnamecol">Lycanroc-Dusk-Mega</span> <span class="col typecol"><img src="https://play.pokemonshowdown.com/sprites/types/Rock.png" alt="Rock" height="14" width="32"><img src="https://play.pokemonshowdown.com/sprites/types/Fighting.png" alt="Fighting" height="14" width="32"></span> <span><span class="col abilitycol">Mold Breaker</span><span class="col abilitycol"></span></span><span><span class="col statcol"><em>HP</em><br>75</span> <span class="col statcol"><em>Atk</em><br>150</span> <span class="col statcol"><em>Def</em><br>80</span> <span class="col statcol"><em>SpA</em><br>65</span> <span class="col statcol"><em>SpD</em><br>75</span> <span class="col statcol"><em>Spe</em><br>142</span> </span></li><li></li></ul></div><div class="spacer battle-history"><br></div><div class="battle-history">Lycanroc used <strong>Taunt</strong>!<br></div><div class="battle-history"><small>The opposing Gourgeist fell for the taunt!</small><br></div><div class="spacer battle-history"><br></div><h2 class="battle-history">Turn 5</h2><div class="spacer battle-history"><br></div><div class="battle-history">Lycanroc used <strong>Crunch</strong>!<br></div><div class="battle-history"><small>It's super effective!</small><br></div><div class="battle-history"><small>(The opposing Gourgeist lost 40% of its health!)</small><br></div><div class="spacer battle-history"><br></div><div class="battle-history">The opposing Gourgeist used <strong>Shadow Ball</strong>!<br></div><div class="battle-history"><small>(Lycanroc lost 38% of its health!)</small><br></div><div class="spacer battle-history"><br></div><h2 class="battle-history">Turn 6</h2><div class="spacer battle-history"><br></div><div class="battle-history">Lycanroc, come back!<br></div><div class="battle-history">Go! Rotom (<strong>Rotom-Heat</strong>)!<br></div><div class="spacer battle-history"><br></div><div class="battle-history">The opposing Gourgeist used <strong>Giga Drain</strong>!<br></div><div class="battle-history"><small>It's not very effective...</small><br></div><div class="battle-history"><small>(Rotom lost 18% of its health!)</small><br></div><div class="battle-history"><small>Rotom had its energy drained!</small><br></div><div class="spacer battle-history"><br></div><div class="battle-history"><small>The opposing Gourgeist shook off the taunt!</small><br></div><div class="spacer battle-history"><br></div><h2 class="battle-history">Turn 7</h2><div class="spacer battle-history"><br></div><div class="battle-history">Rotom used <strong>Overheat</strong>!<br></div><div class="battle-history">[The opposing Gourgeist's Flash Fire]<br><small>The power of the opposing Gourgeist's Fire-type moves rose!</small><br></div><div class="spacer battle-history"><br></div><div class="battle-history">The opposing Gourgeist used <strong>Strength Sap</strong>!<br></div><div class="battle-history"><small>Rotom's Attack fell!</small><br></div><div class="battle-history"><small>The opposing Gourgeist had its HP restored.</small><br></div><div class="spacer battle-history"><br></div><h2 class="battle-history">Turn 8</h2><div class="spacer battle-history"><br></div><div class="battle-history">Rotom, come back!<br></div><div class="battle-history">Go! <strong>Drifblim</strong>!<br></div><div class="spacer battle-history"><br></div><div class="battle-history">The opposing Gourgeist used <strong>Leech Seed</strong>!<br></div><div class="battle-history"><small>Drifblim was seeded!</small><br></div><div class="spacer battle-history"><br></div><div class="battle-history"><small>Drifblim's health is sapped by Leech Seed!</small><br></div><div class="battle-history"><small>Drifblim was burned!</small><br></div><div class="spacer battle-history"><br></div><h2 class="battle-history">Turn 9</h2><div class="spacer battle-history"><br></div><div class="battle-history">Testes do bos. withdrew Gourgeist!<br></div><div class="battle-history">Testes do bos. sent out <strong>Umbreon</strong>!<br></div><div class="spacer battle-history"><br></div><div class="battle-history">Drifblim used <strong>Shadow Ball</strong>!<br></div><div class="battle-history"><small>It's not very effective...</small><br></div><div class="battle-history"><small>(The opposing Umbreon lost 15% of its health!)</small><br></div><div class="spacer battle-history"><br></div><div class="battle-history"><small>The opposing Umbreon restored a little HP using its Leftovers!</small><br></div><div class="battle-history"><small>Drifblim's health is sapped by Leech Seed!</small><br></div><div class="battle-history"><small>Drifblim was hurt by its burn!</small><br></div><div class="spacer battle-history"><br></div><h2 class="battle-history">Turn 10</h2><div class="chat message-error">Testes do bos. has 270 seconds left.</div><div class="spacer battle-history"><br></div><div class="battle-history">Drifblim, come back!<br></div><div class="battle-history">Go! <strong>Skuntank</strong>!<br></div><div class="spacer battle-history"><br></div><div class="battle-history">The opposing Umbreon used <strong>Foul Play</strong>!<br></div><div class="battle-history"><small>It's not very effective...</small><br></div><div class="battle-history"><small>(Skuntank lost 19% of its health!)</small><br></div><div class="spacer battle-history"><br></div><div class="battle-history"><small>Skuntank restored a little HP using its Leftovers!</small><br></div><div class="spacer battle-history"><br></div><h2 class="battle-history">Turn 11</h2><div class="chat message-error">Testes do bos. has 270 seconds left.</div><div class="spacer battle-history"><br></div><div class="battle-history">Skuntank, come back!<br></div><div class="battle-history">Go! Lycanroc (<strong>Lycanroc-Dusk-Mega</strong>)!<br></div><div class="battle-history">[Lycanroc's Mold Breaker]<br><small>Lycanroc breaks the mold!</small><br></div><div class="spacer battle-history"><br></div><div class="battle-history">The opposing Umbreon used <strong>Foul Play</strong>!<br></div><div class="battle-history"><small>It's not very effective...</small><br></div><div class="battle-history"><small>(Lycanroc lost 43% of its health!)</small><br></div><div class="spacer battle-history"><br></div><h2 class="battle-history">Turn 12</h2><div class="spacer battle-history"><br></div><div class="battle-history">Testes do bos. withdrew Umbreon!<br></div><div class="battle-history">Testes do bos. sent out Gourgeist (<strong>Gourgeist-Large-Mega</strong>)!<br></div><div class="spacer battle-history"><br></div><div class="battle-history">Lycanroc used <strong>Close Combat</strong>!<br></div><div class="battle-history"><small>It doesn't affect the opposing Gourgeist...</small><br></div><div class="spacer battle-history"><br></div><h2 class="battle-history">Turn 13</h2><div class="spacer battle-history"><br></div><div class="battle-history">Lycanroc, come back!<br></div><div class="battle-history">Go! Rotom (<strong>Rotom-Heat</strong>)!<br></div><div class="spacer battle-history"><br></div><div class="battle-history">The opposing Gourgeist used <strong>Leech Seed</strong>!<br></div><div class="battle-history"><small>Rotom avoided the attack!</small><br></div><div class="spacer battle-history"><br></div><h2 class="battle-history">Turn 14</h2><div class="spacer battle-history"><br></div><div class="battle-history">Rotom used <strong>Volt Switch</strong>!<br></div><div class="battle-history"><small>It's not very effective...</small><br></div><div class="battle-history"><small>(The opposing Gourgeist lost 12% of its health!)</small><br></div><div class="spacer battle-history"><br></div><div class="battle-history">Rotom went back to FierceHawk192!<br></div><div class="battle-history">Go! <strong>Piloswine</strong>!<br></div><div class="spacer battle-history"><br></div><div class="battle-history">The opposing Gourgeist used <strong>Leech Seed</strong>!<br></div><div class="battle-history"><small>Piloswine was seeded!</small><br></div><div class="spacer battle-history"><br></div><div class="battle-history"><small>Piloswine's health is sapped by Leech Seed!</small><br></div><div class="spacer battle-history"><br></div><h2 class="battle-history">Turn 15</h2><div class="chat message-error">Testes do bos. has 270 seconds left.</div><div class="spacer battle-history"><br></div><div class="battle-history">The opposing Gourgeist used <strong>Strength Sap</strong>!<br></div><div class="battle-history"><small>Piloswine's Attack fell!</small><br></div><div class="battle-history"><small>The opposing Gourgeist had its HP restored.</small><br></div><div class="spacer battle-history"><br></div><div class="battle-history">Piloswine used <strong>Toxic</strong>!<br></div><div class="battle-history"><small>The opposing Gourgeist was badly poisoned!</small><br></div><div class="spacer battle-history"><br></div><div class="battle-history"><small>Piloswine's health is sapped by Leech Seed!</small><br></div><div class="battle-history"><small>The opposing Gourgeist was hurt by poison!</small><br></div><div class="spacer battle-history"><br></div><h2 class="battle-history">Turn 16</h2><div class="spacer battle-history"><br></div><div class="battle-history">Testes do bos. withdrew Gourgeist!<br></div><div class="battle-history">Testes do bos. sent out <strong>Umbreon</strong>!<br></div><div class="spacer battle-history"><br></div><div class="battle-history">Piloswine, come back!<br></div><div class="battle-history">Go! <strong>Drifblim</strong>!<br></div><div class="spacer battle-history"><br></div><div class="battle-history"><small>Drifblim was hurt by its burn!</small><br></div><div class="spacer battle-history"><br></div><h2 class="battle-history">Turn 17</h2><div class="spacer battle-history"><br></div><div class="battle-history">Drifblim, come back!<br></div><div class="battle-history">Go! <strong>Skuntank</strong>!<br></div><div class="spacer battle-history"><br></div><div class="battle-history">The opposing Umbreon used <strong>Heal Bell</strong>!<br></div><div class="battle-history"><small>A bell chimed!</small><br></div><div class="battle-history"><small>The opposing Gourgeist was cured of its poisoning!</small><br></div><div class="spacer battle-history"><br></div><div class="battle-history"><small>Skuntank restored a little HP using its Leftovers!</small><br></div><div class="spacer battle-history"><br></div><h2 class="battle-history">Turn 18</h2><div class="chat message-error">Testes do bos. has 240 seconds left.</div><div class="spacer battle-history"><br></div><div class="battle-history">Skuntank used <strong>Toxic</strong>!<br></div><div class="battle-history"><small>The opposing Umbreon was badly poisoned!</small><br></div><div class="battle-history">[The opposing Umbreon's Synchronize]<br></div><div class="battle-history"><small>It doesn't affect Skuntank...</small><br></div><div class="spacer battle-history"><br></div><div class="battle-history">The opposing Umbreon used <strong>Foul Play</strong>!<br></div><div class="battle-history"><small>It's not very effective...</small><br></div><div class="battle-history"><small>(Skuntank lost 19% of its health!)</small><br></div><div class="spacer battle-history"><br></div><div class="battle-history"><small>Skuntank restored a little HP using its Leftovers!</small><br></div><div class="battle-history"><small>The opposing Umbreon was hurt by poison!</small><br></div><div class="spacer battle-history"><br></div><h2 class="battle-history">Turn 19</h2><div class="chat message-error">Testes do bos. has 240 seconds left.</div><div class="spacer battle-history"><br></div><div class="battle-history">Skuntank, come back!<br></div><div class="battle-history">Go! Lycanroc (<strong>Lycanroc-Dusk-Mega</strong>)!<br></div><div class="battle-history">[Lycanroc's Mold Breaker]<br><small>Lycanroc breaks the mold!</small><br></div><div class="spacer battle-history"><br></div><div class="battle-history">The opposing Umbreon used <strong>Foul Play</strong>!<br></div><div class="battle-history"><small>It's not very effective...</small><br></div><div class="battle-history"><small>(Lycanroc lost 19% of its health!)</small><br></div><div class="spacer battle-history"><br></div><div class="battle-history">Lycanroc fainted!<br></div><div class="spacer battle-history"><br></div><div class="battle-history"><small>The opposing Umbreon restored a little HP using its Leftovers!</small><br></div><div class="battle-history"><small>The opposing Umbreon was hurt by poison!</small><br></div><div class="chat message-error">FierceHawk192 has 270 seconds left.</div><div class="spacer battle-history"><br></div><div class="battle-history">Go! Rotom (<strong>Rotom-Heat</strong>)!<br></div><div class="spacer battle-history"><br></div><h2 class="battle-history">Turn 20</h2><div class="spacer battle-history"><br></div><div class="battle-history">Testes do bos. withdrew Umbreon!<br></div><div class="battle-history">Testes do bos. sent out Gourgeist (<strong>Gourgeist-Large-Mega</strong>)!<br></div><div class="spacer battle-history"><br></div><div class="battle-history">Rotom used <strong>Volt Switch</strong>!<br></div><div class="battle-history"><small>It's not very effective...</small><br></div><div class="battle-history"><small>(The opposing Gourgeist lost 12% of its health!)</small><br></div><div class="spacer battle-history"><br></div><div class="battle-history">Rotom went back to FierceHawk192!<br></div><div class="battle-history">Go! <strong>Skuntank</strong>!<br></div><div class="spacer battle-history"><br></div><div class="battle-history"><small>Skuntank restored a little HP using its Leftovers!</small><br></div><div class="spacer battle-history"><br></div><h2 class="battle-history">Turn 21</h2><div class="spacer battle-history"><br></div><div class="battle-history"><small>(The opposing Gourgeist is being withdrawn...)</small><br></div><div class="spacer battle-history"><br></div><div class="battle-history">Skuntank used <strong>Pursuit</strong>!<br></div><div class="battle-history"><small>It's super effective!</small><br></div><div class="battle-history"><small>(The opposing Gourgeist lost 31% of its health!)</small><br></div><div class="spacer battle-history"><br></div><div class="battle-history">Testes do bos. withdrew Gourgeist!<br></div><div class="battle-history">Testes do bos. sent out <strong>Umbreon</strong>!<br></div><div class="spacer battle-history"><br></div><div class="battle-history"><small>Skuntank restored a little HP using its Leftovers!</small><br></div><div class="battle-history"><small>The opposing Umbreon restored a little HP using its Leftovers!</small><br></div><div class="battle-history"><small>The opposing Umbreon was hurt by poison!</small><br></div><div class="spacer battle-history"><br></div><h2 class="battle-history">Turn 22</h2><div class="spacer battle-history"><br></div><div class="battle-history">Skuntank, come back!<br></div><div class="battle-history">Go! Rotom (<strong>Rotom-Heat</strong>)!<br></div><div class="spacer battle-history"><br></div><div class="battle-history">The opposing Umbreon used <strong>Heal Bell</strong>!<br></div><div class="battle-history"><small>A bell chimed!</small><br></div><div class="battle-history"><small>The opposing Umbreon was cured of its poisoning!</small><br></div><div class="spacer battle-history"><br></div><div class="battle-history"><small>The opposing Umbreon restored a little HP using its Leftovers!</small><br></div><div class="spacer battle-history"><br></div><h2 class="battle-history">Turn 23</h2><div class="spacer battle-history"><br></div><div class="battle-history">The opposing Umbreon used <strong>Protect</strong>!<br></div><div class="battle-history"><small>The opposing Umbreon protected itself!</small><br></div><div class="spacer battle-history"><br></div><div class="battle-history">Rotom used <strong>Overheat</strong>!<br></div><div class="battle-history"><small>The opposing Umbreon protected itself!</small><br></div><div class="spacer battle-history"><br></div><div class="battle-history"><small>The opposing Umbreon restored a little HP using its Leftovers!</small><br></div><div class="spacer battle-history"><br></div><h2 class="battle-history">Turn 24</h2><div class="spacer battle-history"><br></div><div class="battle-history">Rotom, come back!<br></div><div class="battle-history">Go! <strong>Piloswine</strong>!<br></div><div class="spacer battle-history"><br></div><div class="battle-history">The opposing Umbreon used <strong>Wish</strong>!<br></div><div class="spacer battle-history"><br></div><h2 class="battle-history">Turn 25</h2><div class="spacer battle-history"><br></div><div class="battle-history">The opposing Umbreon used <strong>Foul Play</strong>!<br></div><div class="battle-history"><small>(Piloswine lost 36% of its health!)</small><br></div><div class="spacer battle-history"><br></div><div class="battle-history">Piloswine used <strong>Curse</strong>!<br></div><div class="battle-history"><small>Piloswine's Speed fell!</small><br></div><div class="battle-history"><small>Piloswine's Attack rose!</small><br></div><div class="battle-history"><small>Piloswine's Defense rose!</small><br></div><div class="spacer battle-history"><br></div><h2 class="battle-history">Turn 26</h2><div class="chat message-error">Testes do bos. has 270 seconds left.</div><div class="spacer battle-history"><br></div><div class="battle-history">Testes do bos. withdrew Umbreon!<br></div><div class="battle-history">Testes do bos. sent out <strong>Avalugg</strong>!<br></div><div class="spacer battle-history"><br></div><div class="battle-history">Piloswine used <strong>Avalanche</strong>!<br></div><div class="battle-history"><small>It's not very effective...</small><br></div><div class="battle-history"><small>(The opposing Avalugg lost 9% of its health!)</small><br></div><div class="spacer battle-history"><br></div><h2 class="battle-history">Turn 27</h2><div class="chat message-error">Testes do bos. has 270 seconds left.</div><div class="spacer battle-history"><br></div><div class="battle-history">The opposing Avalugg used <strong>Toxic</strong>!<br></div><div class="battle-history"><small>Piloswine was badly poisoned!</small><br></div><div class="spacer battle-history"><br></div><div class="battle-history">Piloswine used <strong>Toxic</strong>!<br></div><div class="battle-history"><small>The opposing Avalugg was badly poisoned!</small><br></div><div class="spacer battle-history"><br></div><div class="battle-history"><small>The opposing Avalugg was hurt by poison!</small><br></div><div class="battle-history"><small>Piloswine was hurt by poison!</small><br></div><div class="spacer battle-history"><br></div><h2 class="battle-history">Turn 28</h2><div class="chat message-error">Testes do bos. has 270 seconds left.</div><div class="spacer battle-history"><br></div><div class="battle-history">Testes do bos. withdrew Avalugg!<br></div><div class="battle-history">Testes do bos. sent out <strong>Bronzong</strong>!<br></div><div class="spacer battle-history"><br></div><div class="battle-history">Piloswine, come back!<br></div><div class="battle-history">Go! <strong>Metagross</strong>!<br></div><div class="spacer battle-history"><br></div><h2 class="battle-history">Turn 29</h2><div class="spacer battle-history"><br></div><div class="battle-history"><small>(The opposing Bronzong is being withdrawn...)</small><br></div><div class="spacer battle-history"><br></div><div class="battle-history">Metagross used <strong>Pursuit</strong>!<br></div><div class="battle-history"><small>It's super effective!</small><br></div><div class="battle-history"><small>(The opposing Bronzong lost 60% of its health!)</small><br></div><div class="spacer battle-history"><br></div><div class="battle-history">Testes do bos. withdrew Bronzong!<br></div><div class="battle-history">Testes do bos. sent out <strong>Umbreon</strong>!<br></div><div class="spacer battle-history"><br></div><h2 class="battle-history">Turn 30</h2><div class="spacer battle-history"><br></div><div class="battle-history">Metagross, come back!<br></div><div class="battle-history">Go! <strong>Skuntank</strong>!<br></div><div class="spacer battle-history"><br></div><div class="battle-history">The opposing Umbreon used <strong>Heal Bell</strong>!<br></div><div class="battle-history"><small>A bell chimed!</small><br></div><div class="battle-history"><small>The opposing Avalugg was cured of its poisoning!</small><br></div><div class="spacer battle-history"><br></div><div class="battle-history"><small>Skuntank restored a little HP using its Leftovers!</small><br></div><div class="spacer battle-history"><br></div><h2 class="battle-history">Turn 31</h2><div class="chat message-error">Testes do bos. has 270 seconds left.</div><div class="spacer battle-history"><br></div><div class="battle-history">Skuntank used <strong>Toxic</strong>!<br></div><div class="battle-history"><small>The opposing Umbreon was badly poisoned!</small><br></div><div class="battle-history">[The opposing Umbreon's Synchronize]<br></div><div class="battle-history"><small>It doesn't affect Skuntank...</small><br></div><div class="spacer battle-history"><br></div><div class="battle-history">The opposing Umbreon used <strong>Wish</strong>!<br></div><div class="spacer battle-history"><br></div><div class="battle-history"><small>Skuntank restored a little HP using its Leftovers!</small><br></div><div class="battle-history"><small>The opposing Umbreon was hurt by poison!</small><br></div><div class="spacer battle-history"><br></div><h2 class="battle-history">Turn 32</h2><div class="spacer battle-history"><br></div><div class="battle-history">Skuntank, come back!<br></div><div class="battle-history">Go! Rotom (<strong>Rotom-Heat</strong>)!<br></div><div class="spacer battle-history"><br></div><div class="battle-history">The opposing Umbreon used <strong>Foul Play</strong>!<br></div><div class="battle-history"><small>(Rotom lost 23% of its health!)</small><br></div><div class="spacer battle-history"><br></div><div class="battle-history"><small>Umbreon's wish came true!</small><br></div><div class="battle-history"><small>The opposing Umbreon was hurt by poison!</small><br></div><div class="spacer battle-history"><br></div><h2 class="battle-history">Turn 33</h2><div class="spacer battle-history"><br></div><div class="battle-history">Rotom used <strong>Volt Switch</strong>!<br></div><div class="battle-history"><small>(The opposing Umbreon lost 22% of its health!)</small><br></div><div class="spacer battle-history"><br></div><div class="battle-history">Rotom went back to FierceHawk192!<br></div><div class="battle-history">Go! <strong>Skuntank</strong>!<br></div><div class="spacer battle-history"><br></div><div class="battle-history">The opposing Umbreon used <strong>Wish</strong>!<br></div><div class="spacer battle-history"><br></div><div class="battle-history"><small>Skuntank restored a little HP using its Leftovers!</small><br></div><div class="battle-history"><small>The opposing Umbreon restored a little HP using its Leftovers!</small><br></div><div class="battle-history"><small>The opposing Umbreon was hurt by poison!</small><br></div><div class="spacer battle-history"><br></div><h2 class="battle-history">Turn 34</h2><div class="spacer battle-history"><br></div><div class="battle-history">Skuntank, come back!<br></div><div class="battle-history">Go! <strong>Piloswine</strong>!<br></div><div class="spacer battle-history"><br></div><div class="battle-history">The opposing Umbreon used <strong>Heal Bell</strong>!<br></div><div class="battle-history"><small>A bell chimed!</small><br></div><div class="battle-history"><small>The opposing Umbreon was cured of its poisoning!</small><br></div><div class="spacer battle-history"><br></div><div class="battle-history"><small>Umbreon's wish came true!</small><br></div><div class="battle-history"><small>Piloswine was hurt by poison!</small><br></div><div class="spacer battle-history"><br></div><h2 class="battle-history">Turn 35</h2><div class="spacer battle-history"><br></div><div class="battle-history">Testes do bos. withdrew Umbreon!<br></div><div class="battle-history">Testes do bos. sent out <strong>Bronzong</strong>!<br></div><div class="spacer battle-history"><br></div><div class="battle-history">Piloswine used <strong>Avalanche</strong>!<br></div><div class="battle-history"><small>It's not very effective...</small><br></div><div class="battle-history"><small>A critical hit!</small><br></div><div class="battle-history"><small>(The opposing Bronzong lost 20% of its health!)</small><br></div><div class="spacer battle-history"><br></div><div class="battle-history"><small>The opposing Bronzong restored a little HP using its Leftovers!</small><br></div><div class="battle-history"><small>Piloswine was hurt by poison!</small><br></div><div class="spacer battle-history"><br></div><h2 class="battle-history">Turn 36</h2><div class="spacer battle-history"><br></div><div class="battle-history">Piloswine, come back!<br></div><div class="battle-history">Go! <strong>Skuntank</strong>!<br></div><div class="spacer battle-history"><br></div><div class="battle-history">The opposing Bronzong used <strong>Stealth Rock</strong>!<br></div><div class="battle-history"><small>Pointed stones float in the air around your team!</small><br></div><div class="spacer battle-history"><br></div><div class="battle-history"><small>Skuntank restored a little HP using its Leftovers!</small><br></div><div class="battle-history"><small>The opposing Bronzong restored a little HP using its Leftovers!</small><br></div><div class="spacer battle-history"><br></div><h2 class="battle-history">Turn 37</h2><div class="spacer battle-history"><br></div><div class="battle-history">The opposing Bronzong used <strong>Protect</strong>!<br></div><div class="battle-history"><small>The opposing Bronzong protected itself!</small><br></div><div class="spacer battle-history"><br></div><div class="battle-history">Skuntank used <strong>Pursuit</strong>!<br></div><div class="battle-history"><small>The opposing Bronzong protected itself!</small><br></div><div class="spacer battle-history"><br></div><div class="battle-history"><small>Skuntank restored a little HP using its Leftovers!</small><br></div><div class="battle-history"><small>The opposing Bronzong restored a little HP using its Leftovers!</small><br></div><div class="spacer battle-history"><br></div><h2 class="battle-history">Turn 38</h2><div class="spacer battle-history"><br></div><div class="battle-history">Skuntank used <strong>Defog</strong>!<br></div><div class="battle-history"><small>The opposing Bronzong's evasiveness fell!</small><br></div><div class="battle-history"><small>The pointed stones disappeared from around your team!</small><br></div><div class="spacer battle-history"><br></div><div class="battle-history">The opposing Bronzong used <strong>Heavy Slam</strong>!<br></div><div class="battle-history"><small>(Skuntank lost 37% of its health!)</small><br></div><div class="spacer battle-history"><br></div><div class="battle-history"><small>Skuntank restored a little HP using its Leftovers!</small><br></div><div class="battle-history"><small>The opposing Bronzong restored a little HP using its Leftovers!</small><br></div><div class="spacer battle-history"><br></div><h2 class="battle-history">Turn 39</h2><div class="chat message-error">Testes do bos. has 270 seconds left.</div><div class="spacer battle-history"><br></div><div class="battle-history">The opposing Bronzong used <strong>Protect</strong>!<br></div><div class="battle-history"><small>The opposing Bronzong protected itself!</small><br></div><div class="spacer battle-history"><br></div><div class="battle-history">Skuntank used <strong>Pursuit</strong>!<br></div><div class="battle-history"><small>The opposing Bronzong protected itself!</small><br></div><div class="spacer battle-history"><br></div><div class="battle-history"><small>Skuntank restored a little HP using its Leftovers!</small><br></div><div class="battle-history"><small>The opposing Bronzong restored a little HP using its Leftovers!</small><br></div><div class="spacer battle-history"><br></div><h2 class="battle-history">Turn 40</h2><div class="chat message-error">Testes do bos. has 270 seconds left.</div><div class="spacer battle-history"><br></div><div class="battle-history">Skuntank used <strong>Lash Out</strong>!<br></div><div class="battle-history"><small>It's super effective!</small><br></div><div class="battle-history"><small>(The opposing Bronzong lost 43% of its health!)</small><br></div><div class="spacer battle-history"><br></div><div class="battle-history">The opposing Bronzong used <strong>Heavy Slam</strong>!<br></div><div class="battle-history"><small>(Skuntank lost 39% of its health!)</small><br></div><div class="spacer battle-history"><br></div><div class="battle-history"><small>Skuntank restored a little HP using its Leftovers!</small><br></div><div class="battle-history"><small>The opposing Bronzong restored a little HP using its Leftovers!</small><br></div><div class="spacer battle-history"><br></div><h2 class="battle-history">Turn 41</h2><div class="chat message-error">Testes do bos. has 270 seconds left.</div><div class="spacer battle-history"><br></div><div class="battle-history">Skuntank used <strong>Pursuit</strong>!<br></div><div class="battle-history"><small>It's super effective!</small><br></div><div class="battle-history"><small>(The opposing Bronzong lost 15% of its health!)</small><br></div><div class="spacer battle-history"><br></div><div class="battle-history">The opposing Bronzong fainted!<br></div><div class="spacer battle-history"><br></div><div class="battle-history"><small>Skuntank restored a little HP using its Leftovers!</small><br></div><div class="spacer battle-history"><br></div><div class="battle-history">Testes do bos. sent out <strong>Tauros</strong>!<br></div><div class="spacer battle-history"><br></div><h2 class="battle-history">Turn 42</h2><div class="spacer battle-history"><br></div><div class="battle-history">The opposing Tauros used <strong>Body Slam</strong>!<br></div><div class="battle-history"><small>(Skuntank lost 48% of its health!)</small><br></div><div class="battle-history">[Skuntank's Aftermath]<br><small>The opposing Tauros was hurt!</small><br></div><div class="spacer battle-history"><br></div><div class="battle-history">Skuntank fainted!<br></div><div class="spacer battle-history"><br></div><div class="battle-history">Go! <strong>Metagross</strong>!<br></div><div class="spacer battle-history"><br></div><h2 class="battle-history">Turn 43</h2><div class="spacer battle-history"><br></div><div class="battle-history">Testes do bos. withdrew Tauros!<br></div><div class="battle-history">Testes do bos. sent out <strong>Umbreon</strong>!<br></div><div class="spacer battle-history"><br></div><div class="battle-history">Metagross used <strong>Meteor Mash</strong>!<br></div><div class="battle-history"><small>(The opposing Umbreon lost 29% of its health!)</small><br></div><div class="spacer battle-history"><br></div><div class="battle-history"><small>The opposing Umbreon restored a little HP using its Leftovers!</small><br></div><div class="spacer battle-history"><br></div><h2 class="battle-history">Turn 44</h2><div class="spacer battle-history"><br></div><div class="battle-history">Metagross, come back!<br></div><div class="battle-history">Go! <strong>Piloswine</strong>!<br></div><div class="spacer battle-history"><br></div><div class="battle-history">The opposing Umbreon used <strong>Foul Play</strong>!<br></div><div class="battle-history"><small>(Piloswine lost 15% of its health!)</small><br></div><div class="spacer battle-history"><br></div><div class="battle-history">Piloswine fainted!<br></div><div class="spacer battle-history"><br></div><div class="battle-history"><small>The opposing Umbreon restored a little HP using its Leftovers!</small><br></div><div class="spacer battle-history"><br></div><div class="battle-history">Go! <strong>Drifblim</strong>!<br></div><div class="spacer battle-history"><br></div><h2 class="battle-history">Turn 45</h2><div class="spacer battle-history"><br></div><div class="battle-history">Drifblim used <strong>Trick</strong>!<br></div><div class="battle-history"><small>Drifblim switched items with its target!</small><br></div><div class="battle-history"><small>The opposing Umbreon obtained one Flame Orb.</small><br></div><div class="battle-history"><small>Drifblim obtained one Leftovers.</small><br></div><div class="spacer battle-history"><br></div><div class="battle-history">The opposing Umbreon used <strong>Foul Play</strong>!<br></div><div class="battle-history"><small>It's super effective!</small><br></div><div class="battle-history"><small>(Drifblim lost 56% of its health!)</small><br></div><div class="spacer battle-history"><br></div><div class="battle-history"><small>Drifblim restored a little HP using its Leftovers!</small><br></div><div class="battle-history"><small>Drifblim was hurt by its burn!</small><br></div><div class="battle-history"><small>The opposing Umbreon was burned!</small><br></div><div class="spacer battle-history"><br></div><h2 class="battle-history">Turn 46</h2><div class="spacer battle-history"><br></div><div class="battle-history">Drifblim used <strong>Hidden Power</strong>!<br></div><div class="battle-history"><small>(The opposing Umbreon lost 18% of its health!)</small><br></div><div class="spacer battle-history"><br></div><div class="battle-history">The opposing Umbreon used <strong>Foul Play</strong>!<br></div><div class="battle-history"><small>It's super effective!</small><br></div><div class="battle-history"><small>(Drifblim lost 7% of its health!)</small><br></div><div class="spacer battle-history"><br></div><div class="battle-history">Drifblim fainted!<br></div><div class="spacer battle-history"><br></div><div class="battle-history"><small>The opposing Umbreon was hurt by its burn!</small><br></div><div class="spacer battle-history"><br></div><div class="battle-history">Go! Rotom (<strong>Rotom-Heat</strong>)!<br></div><div class="spacer battle-history"><br></div><h2 class="battle-history">Turn 47</h2><div class="spacer battle-history"><br></div><div class="battle-history">Rotom used <strong>Signal Beam</strong>!<br></div><div class="battle-history"><small>It's super effective!</small><br></div><div class="battle-history"><small>(The opposing Umbreon lost 33% of its health!)</small><br></div><div class="spacer battle-history"><br></div><div class="battle-history">The opposing Umbreon used <strong>Wish</strong>!<br></div><div class="spacer battle-history"><br></div><div class="battle-history"><small>The opposing Umbreon was hurt by its burn!</small><br></div><div class="spacer battle-history"><br></div><h2 class="battle-history">Turn 48</h2><div class="spacer battle-history"><br></div><div class="battle-history">Rotom, come back!<br></div><div class="battle-history">Go! <strong>Metagross</strong>!<br></div><div class="spacer battle-history"><br></div><div class="battle-history">Testes do bos. withdrew Umbreon!<br></div><div class="battle-history">Testes do bos. sent out Gourgeist (<strong>Gourgeist-Large-Mega</strong>)!<br></div><div class="spacer battle-history"><br></div><div class="battle-history"><small>Umbreon's wish came true!</small><br></div><div class="spacer battle-history"><br></div><h2 class="battle-history">Turn 49</h2><div class="spacer battle-history"><br></div><div class="battle-history">Metagross used <strong>Ice Punch</strong>!<br></div><div class="battle-history"><small>It's super effective!</small><br></div><div class="battle-history"><small>(The opposing Gourgeist lost 38% of its health!)</small><br></div><div class="spacer battle-history"><br></div><div class="battle-history">The opposing Gourgeist used <strong>Strength Sap</strong>!<br></div><div class="battle-history">[Metagross's Clear Body]<br><small>Metagross's stats were not lowered!</small><br></div><div class="battle-history"><small>The opposing Gourgeist had its HP restored.</small><br></div><div class="spacer battle-history"><br></div><h2 class="battle-history">Turn 50</h2><div class="spacer battle-history"><br></div><div class="battle-history">Metagross used <strong>Meteor Mash</strong>!<br></div><div class="battle-history"><small>(The opposing Gourgeist lost 33% of its health!)</small><br></div><div class="spacer battle-history"><br></div><div class="battle-history">The opposing Gourgeist used <strong>Shadow Ball</strong>!<br></div><div class="battle-history"><small>It's super effective!</small><br></div><div class="battle-history"><small>(Metagross lost 60% of its health!)</small><br></div><div class="spacer battle-history"><br></div><div class="battle-history"><small>Metagross restored a little HP using its Leftovers!</small><br></div><div class="spacer battle-history"><br></div><h2 class="battle-history">Turn 51</h2><div class="spacer battle-history"><br></div><div class="battle-history">Metagross used <strong>Ice Punch</strong>!<br></div><div class="battle-history"><small>It's super effective!</small><br></div><div class="battle-history"><small>(The opposing Gourgeist lost 35% of its health!)</small><br></div><div class="spacer battle-history"><br></div><div class="battle-history">The opposing Gourgeist used <strong>Shadow Ball</strong>!<br></div><div class="battle-history"><small>It's super effective!</small><br></div><div class="battle-history"><small>(Metagross lost 46% of its health!)</small><br></div><div class="spacer battle-history"><br></div><div class="battle-history">Metagross fainted!<br></div><div class="spacer battle-history"><br></div><div class="battle-history">Go! Rotom (<strong>Rotom-Heat</strong>)!<br></div><div class="spacer battle-history"><br></div><h2 class="battle-history">Turn 52</h2><div class="spacer battle-history"><br></div><div class="battle-history">Rotom used <strong>Signal Beam</strong>!<br></div><div class="battle-history"><small>(The opposing Gourgeist lost 19% of its health!)</small><br></div><div class="spacer battle-history"><br></div><div class="battle-history">The opposing Gourgeist used <strong>Strength Sap</strong>!<br></div><div class="battle-history"><small>Rotom's Attack fell!</small><br></div><div class="battle-history"><small>The opposing Gourgeist had its HP restored.</small><br></div><div class="spacer battle-history"><br></div><h2 class="battle-history">Turn 53</h2><div class="spacer battle-history"><br></div><div class="battle-history">Testes do bos. withdrew Gourgeist!<br></div><div class="battle-history">Testes do bos. sent out <strong>Umbreon</strong>!<br></div><div class="spacer battle-history"><br></div><div class="battle-history">Rotom used <strong>Signal Beam</strong>!<br></div><div class="battle-history"><small>It's super effective!</small><br></div><div class="battle-history"><small>(The opposing Umbreon lost 20% of its health!)</small><br></div><div class="spacer battle-history"><br></div><div class="battle-history">The opposing Umbreon fainted!<br></div><div class="spacer battle-history"><br></div><div class="battle-history">Testes do bos. sent out <strong>Tauros</strong>!<br></div><div class="spacer battle-history"><br></div><h2 class="battle-history">Turn 54</h2><div class="spacer battle-history"><br></div><div class="battle-history">Rotom used <strong>Signal Beam</strong>!<br></div><div class="battle-history"><small>(The opposing Tauros lost 36% of its health!)</small><br></div><div class="spacer battle-history"><br></div><div class="battle-history">The opposing Tauros used <strong>Body Slam</strong>!<br></div><div class="battle-history"><small>(Rotom lost 59% of its health!)</small><br></div><div class="spacer battle-history"><br></div><div class="battle-history">Rotom fainted!<br></div><div class="spacer battle-history"><br></div><div class="battle-history"><strong>Testes do bos.</strong> won the battle!<br></div><div class="chat chatmessage-fiercehawk192"><strong style="color:#10a683"><small>☆</small><span class="username" data-name="FierceHawk192">FierceHawk192</span>:</strong> <em>gg</em></div><div class="chat chatmessage-testesdobos"><strong style="color:#c224af"><small>☆</small><span class="username" data-name="Testes do bos.">Testes do bos.</span>:</strong> <em>GG</em></div><div class="chat chatmessage-fiercehawk192"><strong style="color:#10a683"><small>☆</small><span class="username" data-name="FierceHawk192">FierceHawk192</span>:</strong> <em>do you want to share the replay or should I?</em></div></div><div class="inner-preempt message-log"></div></div></div>
</div>
<script>
let daily = Math.floor(Date.now()/1000/60/60/24);document.write('<script src="https://play.pokemonshowdown.com/js/replay-embed.js?version'+daily+'"></'+'script>');
</script>
