<!DOCTYPE html>
<meta charset="utf-8" />
<!-- version 1 -->
<title>[Gen 8] Megas for All replay: Mossy Sandwich vs. Coppersmith</title>
<style>
html,body {font-family:Verdana, sans-serif;font-size:10pt;margin:0;padding:0;}body{padding:12px 0;} .battle-log {font-family:Verdana, sans-serif;font-size:10pt;} .battle-log-inline {border:1px solid #AAAAAA;background:#EEF2F5;color:black;max-width:640px;margin:0 auto 80px;padding-bottom:5px;} .battle-log .inner {padding:4px 8px 0px 8px;} .battle-log .inner-preempt {padding:0 8px 4px 8px;} .battle-log .inner-after {margin-top:0.5em;} .battle-log h2 {margin:0.5em -8px;padding:4px 8px;border:1px solid #AAAAAA;background:#E0E7EA;border-left:0;border-right:0;font-family:Verdana, sans-serif;font-size:13pt;} .battle-log .chat {vertical-align:middle;padding:3px 0 3px 0;font-size:8pt;} .battle-log .chat strong {color:#40576A;} .battle-log .chat em {padding:1px 4px 1px 3px;color:#000000;font-style:normal;} .chat.mine {background:rgba(0,0,0,0.05);margin-left:-8px;margin-right:-8px;padding-left:8px;padding-right:8px;} .spoiler {color:#BBBBBB;background:#BBBBBB;padding:0px 3px;} .spoiler:hover, .spoiler:active, .spoiler-shown {color:#000000;background:#E2E2E2;padding:0px 3px;} .spoiler a {color:#BBBBBB;} .spoiler:hover a, .spoiler:active a, .spoiler-shown a {color:#2288CC;} .chat code, .chat .spoiler:hover code, .chat .spoiler:active code, .chat .spoiler-shown code {border:1px solid #C0C0C0;background:#EEEEEE;color:black;padding:0 2px;} .chat .spoiler code {border:1px solid #CCCCCC;background:#CCCCCC;color:#CCCCCC;} .battle-log .rated {padding:3px 4px;} .battle-log .rated strong {color:white;background:#89A;padding:1px 4px;border-radius:4px;} .spacer {margin-top:0.5em;} .message-announce {background:#6688AA;color:white;padding:1px 4px 2px;} .message-announce a, .broadcast-green a, .broadcast-blue a, .broadcast-red a {color:#DDEEFF;} .broadcast-green {background-color:#559955;color:white;padding:2px 4px;} .broadcast-blue {background-color:#6688AA;color:white;padding:2px 4px;} .infobox {border:1px solid #6688AA;padding:2px 4px;} .infobox-limited {max-height:200px;overflow:auto;overflow-x:hidden;} .broadcast-red {background-color:#AA5544;color:white;padding:2px 4px;} .message-learn-canlearn {font-weight:bold;color:#228822;text-decoration:underline;} .message-learn-cannotlearn {font-weight:bold;color:#CC2222;text-decoration:underline;} .message-effect-weak {font-weight:bold;color:#CC2222;} .message-effect-resist {font-weight:bold;color:#6688AA;} .message-effect-immune {font-weight:bold;color:#666666;} .message-learn-list {margin-top:0;margin-bottom:0;} .message-throttle-notice, .message-error {color:#992222;} .message-overflow, .chat small.message-overflow {font-size:0pt;} .message-overflow::before {font-size:9pt;content:'...';} .subtle {color:#3A4A66;}
</style>
<div class="wrapper replay-wrapper" style="max-width:1180px;margin:0 auto">
<input type="hidden" name="replayid" value="dragonheaven-gen8megasforall-1319" />
<div class="battle"></div><div class="battle-log"></div><div class="replay-controls"></div><div class="replay-controls-2"></div>
<h1 style="font-weight:normal;text-align:center"><strong>[Gen 8] Megas for All</strong><br /><a href="http://pokemonshowdown.com/users/mossysandwich" class="subtle" target="_blank">Mossy Sandwich</a> vs. <a href="http://pokemonshowdown.com/users/coppersmith" class="subtle" target="_blank">Coppersmith</a></h1>
<script type="text/plain" class="battle-log-data">|j|☆Mossy Sandwich
|j|☆Coppersmith
|t:|1611430062
|player|p1|Mossy Sandwich|wally-gen3|
|player|p2|Coppersmith|pokemonranger-gen4|
|teamsize|p1|6
|teamsize|p2|6
|gametype|singles
|gen|8
|tier|[Gen 8] Megas for All
|clearpoke
|poke|p1|Rillaboom, M|
|poke|p1|Heatran, F|
|poke|p1|Gliscor, M|
|poke|p1|Greninja, M|
|poke|p1|Kommo-o, F|
|poke|p1|Clefable, M|
|poke|p2|Corviknight, F|
|poke|p2|Clefable, F|
|poke|p2|Greninja, M|
|poke|p2|Kommo-o, M|
|poke|p2|Blissey, F|
|poke|p2|Landorus-Therian, M|
|rule|HP Percentage Mod: HP is shown in percentages
|rule|Endless Battle Clause: Forcing endless battles is banned
|rule|OHKO Clause: OHKO moves are banned
|rule|Evasion Moves Clause: Evasion moves are banned
|rule|Species Clause: Limit one of each Pokémon
|rule|Dynamax Clause: You cannot dynamax
|rule|Sleep Clause Mod: Limit one foe put to sleep
|rule|Freeze Clause Mod: Limit one foe frozen
|raw|<img src="https:\/\/www.smogon.com\/forums\/attachments\/banner_2-png.302358\/" height="65" width="381">
|-message|Welcome to Megas for All!
|-message|This is a National Dex-based format where we aim to give a new Mega Evolution to every Pokémon.
|-message|Just like any official format, you can still only Mega Evolve one Pokémon per team!
|-message|You can find our thread and metagame resources here:
|-message|https:\/\/www.smogon.com\/forums\/threads\/3671140\/
|teampreview
|c|☆Mossy Sandwich|gl hf!
|c|☆Coppersmith|ok sorry abt that
|c|☆Coppersmith|u2
|
|t:|1611430080
|start
|switch|p1a: Clefable|Clefable, M|100\/100
|switch|p2a: Landorus|Landorus-Therian, M|100\/100
|-ability|p2a: Landorus|Intimidate|boost
|-unboost|p1a: Clefable|atk|1
|turn|1
|
|t:|1611430088
|move|p2a: Landorus|U-turn|p1a: Clefable
|-resisted|p1a: Clefable
|-damage|p1a: Clefable|91\/100
|
|t:|1611430097
|switch|p2a: Clefable|Clefable, F|100\/100|[from]move: U-turn
|move|p1a: Clefable|Wish|p1a: Clefable
|
|-heal|p1a: Clefable|97\/100|[from] item: Leftovers
|upkeep
|turn|2
|
|t:|1611430103
|move|p2a: Clefable|Stealth Rock|p1a: Clefable
|-sidestart|p1: Mossy Sandwich|move: Stealth Rock
|move|p1a: Clefable|Teleport|p1a: Clefable
|
|t:|1611430105
|switch|p1a: Gliscor|Gliscor, M|100\/100|[from]move: Teleport
|-damage|p1a: Gliscor|88\/100|[from] Stealth Rock
|
|-heal|p1a: Gliscor|100\/100|[from] move: Wish|[wisher] Clefable
|-status|p1a: Gliscor|tox|[from] item: Toxic Orb
|upkeep
|turn|3
|
|t:|1611430117
|switch|p2a: Corviknight|Corviknight, F|100\/100
|-ability|p2a: Corviknight|Pressure
|move|p1a: Gliscor|Defog|p2a: Corviknight
|-unboost|p2a: Corviknight|evasion|1
|-sideend|p1: Mossy Sandwich|Stealth Rock|[from] move: Defog|[of] p1a: Gliscor
|
|upkeep
|turn|4
|j| BlaueBrause

|
|t:|1611430133
|detailschange|p2a: Corviknight|Corviknight-Mega, F
|-mega|p2a: Corviknight|Corviknight|Corviknite
|-ability|p2a: Corviknight|Intimidate|boost
|-unboost|p1a: Gliscor|atk|1
|-start|p2a: Corviknight|typechange|Flying\/Steel|[silent]
|raw|<ul class="utilichart"><li class="result"><span class="col pokemonnamecol" style="white-space: nowrap">Corviknight-Mega<\/span> <span class="col typecol"><img src="https:\/\/play.pokemonshowdown.com\/sprites\/types\/Flying.png" alt="Flying" height="14" width="32"><img src="https:\/\/play.pokemonshowdown.com\/sprites\/types\/Steel.png" alt="Steel" height="14" width="32"><\/span> <span style="float: left ; min-height: 26px"><span class="col abilitycol">Intimidate<\/span><span class="col abilitycol"><\/span><\/span><span style="float: left ; min-height: 26px"><span class="col statcol"><em>HP<\/em><br>98<\/span> <span class="col statcol"><em>Atk<\/em><br>117<\/span> <span class="col statcol"><em>Def<\/em><br>120<\/span> <span class="col statcol"><em>SpA<\/em><br>78<\/span> <span class="col statcol"><em>SpD<\/em><br>105<\/span> <span class="col statcol"><em>Spe<\/em><br>77<\/span> <\/span><\/li><li style="clear: both"><\/li><\/ul>
|move|p1a: Gliscor|U-turn|p2a: Corviknight
|-resisted|p2a: Corviknight
|-damage|p2a: Corviknight|99\/100
|
|t:|1611430138
|switch|p1a: Clefable|Clefable, M|97\/100|[from]move: U-turn
|move|p2a: Corviknight|U-turn|p1a: Clefable
|-resisted|p1a: Clefable
|-damage|p1a: Clefable|91\/100
|
|t:|1611430154
|switch|p2a: Clefable|Clefable, F|100\/100|[from]move: U-turn
|
|-heal|p1a: Clefable|97\/100|[from] item: Leftovers
|upkeep
|turn|5
|
|t:|1611430160
|move|p2a: Clefable|Thunder Wave|p1a: Clefable
|-status|p1a: Clefable|par
|move|p1a: Clefable|Wish|p1a: Clefable
|
|-heal|p1a: Clefable|100\/100 par|[from] item: Leftovers
|upkeep
|turn|6
|
|t:|1611430166
|move|p2a: Clefable|Stealth Rock|p1a: Clefable
|-sidestart|p1: Mossy Sandwich|move: Stealth Rock
|move|p1a: Clefable|Teleport|p1a: Clefable
|
|t:|1611430177
|switch|p1a: Rillaboom|Rillaboom, M|100\/100|[from]move: Teleport
|-damage|p1a: Rillaboom|88\/100|[from] Stealth Rock
|-fieldstart|move: Grassy Terrain|[from] ability: Grassy Surge|[of] p1a: Rillaboom
|
|-heal|p1a: Rillaboom|100\/100|[from] move: Wish|[wisher] Clefable
|upkeep
|turn|7
|
|t:|1611430192
|switch|p1a: Heatran|Heatran, F|100\/100
|-damage|p1a: Heatran|88\/100|[from] Stealth Rock
|switch|p2a: Corviknight|Corviknight-Mega, F|99\/100
|-start|p2a: Corviknight|typechange|Flying\/Steel|[silent]
|-ability|p2a: Corviknight|Intimidate|boost
|-unboost|p1a: Heatran|atk|1
|
|-heal|p1a: Heatran|94\/100|[from] item: Leftovers
|-heal|p1a: Heatran|100\/100|[from] Grassy Terrain
|upkeep
|turn|8
|
|t:|1611430204
|switch|p2a: Kommo-o|Kommo-o, M|100\/100
|move|p1a: Heatran|Magma Storm|p2a: Kommo-o
|-resisted|p2a: Kommo-o
|-damage|p2a: Kommo-o|75\/100
|-activate|p2a: Kommo-o|move: Magma Storm|[of] p1a: Heatran
|
|-heal|p2a: Kommo-o|82\/100|[from] Grassy Terrain
|-damage|p2a: Kommo-o|69\/100|[from] move: Magma Storm|[partiallytrapped]
|upkeep
|turn|9
|
|t:|1611430215
|move|p2a: Kommo-o|Drain Punch|p1a: Heatran
|-supereffective|p1a: Heatran
|-damage|p1a: Heatran|54\/100
|-heal|p2a: Kommo-o|99\/100|[from] drain|[of] p1a: Heatran
|move|p1a: Heatran|Stealth Rock|p2a: Kommo-o
|-sidestart|p2: Coppersmith|move: Stealth Rock
|
|-heal|p2a: Kommo-o|100\/100|[from] Grassy Terrain
|-heal|p1a: Heatran|60\/100|[from] item: Leftovers
|-heal|p1a: Heatran|66\/100|[from] Grassy Terrain
|-damage|p2a: Kommo-o|88\/100|[from] move: Magma Storm|[partiallytrapped]
|upkeep
|turn|10
|
|t:|1611430227
|switch|p1a: Clefable|Clefable, M|100\/100 par
|move|p2a: Kommo-o|Drain Punch|p1a: Clefable
|-resisted|p1a: Clefable
|-damage|p1a: Clefable|89\/100 par
|-heal|p2a: Kommo-o|96\/100|[from] drain|[of] p1a: Clefable
|
|-heal|p2a: Kommo-o|100\/100|[from] Grassy Terrain
|-heal|p1a: Clefable|95\/100 par|[from] item: Leftovers
|-heal|p1a: Clefable|100\/100 par|[from] Grassy Terrain
|-fieldend|move: Grassy Terrain
|-end|p2a: Kommo-o|Magma Storm|[partiallytrapped]|[silent]
|upkeep
|turn|11
|
|t:|1611430263
|switch|p2a: Clefable|Clefable, F|100\/100
|-damage|p2a: Clefable|88\/100|[from] Stealth Rock
|move|p1a: Clefable|Wish|p1a: Clefable
|
|-heal|p2a: Clefable|94\/100|[from] item: Leftovers
|upkeep
|turn|12
|
|t:|1611430273
|move|p2a: Clefable|Moonblast|p1a: Clefable
|-crit|p1a: Clefable
|-damage|p1a: Clefable|57\/100 par
|cant|p1a: Clefable|par
|
|-heal|p1a: Clefable|100\/100 par|[from] move: Wish|[wisher] Clefable
|-heal|p2a: Clefable|99\/100|[from] item: Leftovers
|upkeep
|turn|13
|
|t:|1611430283
|move|p2a: Clefable|Moonblast|p1a: Clefable
|-damage|p1a: Clefable|73\/100 par
|-unboost|p1a: Clefable|spa|1
|move|p1a: Clefable|Wish|p1a: Clefable
|
|-heal|p2a: Clefable|100\/100|[from] item: Leftovers
|-heal|p1a: Clefable|79\/100 par|[from] item: Leftovers
|upkeep
|turn|14
|
|t:|1611430292
|switch|p1a: Heatran|Heatran, F|66\/100
|-damage|p1a: Heatran|54\/100|[from] Stealth Rock
|move|p2a: Clefable|Moonblast|p1a: Heatran
|-resisted|p1a: Heatran
|-damage|p1a: Heatran|48\/100
|
|-heal|p1a: Heatran|99\/100|[from] move: Wish|[wisher] Clefable
|-heal|p1a: Heatran|100\/100|[from] item: Leftovers
|upkeep
|turn|15
|
|t:|1611430312
|switch|p2a: Kommo-o|Kommo-o, M|100\/100
|-damage|p2a: Kommo-o|94\/100|[from] Stealth Rock
|move|p1a: Heatran|Taunt|p2a: Kommo-o
|-start|p2a: Kommo-o|move: Taunt
|
|upkeep
|turn|16
|
|t:|1611430324
|switch|p1a: Kommo-o|Kommo-o, F|100\/100
|-damage|p1a: Kommo-o|94\/100|[from] Stealth Rock
|move|p2a: Kommo-o|Flash Cannon|p1a: Kommo-o
|-damage|p1a: Kommo-o|63\/100
|
|upkeep
|turn|17
|
|t:|1611430342
|move|p2a: Kommo-o|Flash Cannon|p1a: Kommo-o
|-damage|p1a: Kommo-o|31\/100
|move|p1a: Kommo-o|Flash Cannon|p2a: Kommo-o
|-damage|p2a: Kommo-o|67\/100
|
|-end|p2a: Kommo-o|move: Taunt
|upkeep
|turn|18
|
|t:|1611430349
|move|p2a: Kommo-o|Flash Cannon|p1a: Kommo-o
|-damage|p1a: Kommo-o|0 fnt
|faint|p1a: Kommo-o
|
|upkeep
|
|t:|1611430357
|switch|p1a: Clefable|Clefable, M|79\/100 par
|turn|19
|
|t:|1611430367
|switch|p2a: Clefable|Clefable, F|100\/100
|-damage|p2a: Clefable|88\/100|[from] Stealth Rock
|move|p1a: Clefable|Moonblast|p2a: Clefable
|-damage|p2a: Clefable|59\/100
|
|-heal|p2a: Clefable|65\/100|[from] item: Leftovers
|-heal|p1a: Clefable|85\/100 par|[from] item: Leftovers
|upkeep
|turn|20
|
|t:|1611430377
|switch|p1a: Rillaboom|Rillaboom, M|100\/100
|-damage|p1a: Rillaboom|88\/100|[from] Stealth Rock
|-fieldstart|move: Grassy Terrain|[from] ability: Grassy Surge|[of] p1a: Rillaboom
|move|p2a: Clefable|Moonblast|p1a: Rillaboom
|-damage|p1a: Rillaboom|54\/100
|
|-heal|p1a: Rillaboom|60\/100|[from] Grassy Terrain
|-heal|p2a: Clefable|71\/100|[from] item: Leftovers
|-heal|p2a: Clefable|77\/100|[from] Grassy Terrain
|upkeep
|turn|21
|
|t:|1611430390
|switch|p2a: Corviknight|Corviknight-Mega, F|99\/100
|-start|p2a: Corviknight|typechange|Flying\/Steel|[silent]
|-damage|p2a: Corviknight|87\/100|[from] Stealth Rock
|-ability|p2a: Corviknight|Intimidate|boost
|-unboost|p1a: Rillaboom|atk|1
|detailschange|p1a: Rillaboom|Rillaboom-Mega, M
|-mega|p1a: Rillaboom|Rillaboom|Rillaboomite
|-fieldend|move: Grassy Terrain
|-fieldstart|move: Grassy Terrain|[from] ability: Arena Rock|[of] p1a: Rillaboom
|-start|p1a: Rillaboom|typechange|Grass|[silent]
|raw|<ul class="utilichart"><li class="result"><span class="col pokemonnamecol" style="white-space: nowrap">Rillaboom-Mega<\/span> <span class="col typecol"><img src="https:\/\/play.pokemonshowdown.com\/sprites\/types\/Grass.png" alt="Grass" height="14" width="32"><\/span> <span style="float: left ; min-height: 26px"><span class="col abilitycol">Arena Rock<\/span><span class="col abilitycol"><\/span><\/span><span style="float: left ; min-height: 26px"><span class="col statcol"><em>HP<\/em><br>100<\/span> <span class="col statcol"><em>Atk<\/em><br>165<\/span> <span class="col statcol"><em>Def<\/em><br>110<\/span> <span class="col statcol"><em>SpA<\/em><br>60<\/span> <span class="col statcol"><em>SpD<\/em><br>110<\/span> <span class="col statcol"><em>Spe<\/em><br>85<\/span> <\/span><\/li><li style="clear: both"><\/li><\/ul>
|move|p1a: Rillaboom|Swords Dance|p1a: Rillaboom
|-boost|p1a: Rillaboom|atk|2
|
|-heal|p1a: Rillaboom|66\/100|[from] Grassy Terrain
|upkeep
|turn|22
|
|t:|1611430405
|move|p1a: Rillaboom|Jungle Healing|p1a: Rillaboom
|-heal|p1a: Rillaboom|91\/100
|move|p2a: Corviknight|U-turn|p1a: Rillaboom
|-supereffective|p1a: Rillaboom
|-damage|p1a: Rillaboom|62\/100
|
|t:|1611430413
|switch|p2a: Landorus|Landorus-Therian, M|100\/100|[from]move: U-turn
|-damage|p2a: Landorus|88\/100|[from] Stealth Rock
|-ability|p2a: Landorus|Intimidate|boost
|-unboost|p1a: Rillaboom|atk|1
|
|-heal|p1a: Rillaboom|68\/100|[from] Grassy Terrain
|upkeep
|turn|23
|
|t:|1611430435
|switch|p2a: Corviknight|Corviknight-Mega, F|87\/100
|-start|p2a: Corviknight|typechange|Flying\/Steel|[silent]
|-damage|p2a: Corviknight|75\/100|[from] Stealth Rock
|-ability|p2a: Corviknight|Intimidate|boost
|-unboost|p1a: Rillaboom|atk|1
|move|p1a: Rillaboom|Grassy Glide|p2a: Corviknight
|-resisted|p2a: Corviknight
|-damage|p2a: Corviknight|69\/100
|
|-heal|p1a: Rillaboom|74\/100|[from] Grassy Terrain
|upkeep
|turn|24
|
|t:|1611430450
|move|p1a: Rillaboom|Jungle Healing|p1a: Rillaboom
|-heal|p1a: Rillaboom|99\/100
|move|p2a: Corviknight|Roost|p2a: Corviknight
|-heal|p2a: Corviknight|100\/100
|-singleturn|p2a: Corviknight|move: Roost
|
|-heal|p1a: Rillaboom|100\/100|[from] Grassy Terrain
|upkeep
|turn|25
|
|t:|1611430461
|move|p1a: Rillaboom|Swords Dance|p1a: Rillaboom
|-boost|p1a: Rillaboom|atk|2
|move|p2a: Corviknight|Brave Bird|p1a: Rillaboom
|-supereffective|p1a: Rillaboom
|-damage|p1a: Rillaboom|24\/100
|-damage|p2a: Corviknight|75\/100|[from] Recoil
|
|-heal|p1a: Rillaboom|30\/100|[from] Grassy Terrain
|upkeep
|turn|26
|
|t:|1611430470
|-heal|p1a: Rillaboom|37\/100|[from] Grassy Terrain
|-fieldend|move: Grassy Terrain
|switch|p1a: Heatran|Heatran, F|100\/100
|-damage|p1a: Heatran|88\/100|[from] Stealth Rock
|move|p2a: Corviknight|U-turn|p1a: Heatran
|-resisted|p1a: Heatran
|-damage|p1a: Heatran|84\/100
|
|t:|1611430479
|switch|p2a: Kommo-o|Kommo-o, M|67\/100|[from]move: U-turn
|-damage|p2a: Kommo-o|61\/100|[from] Stealth Rock
|
|-heal|p1a: Heatran|90\/100|[from] item: Leftovers
|upkeep
|turn|27
|
|t:|1611430491
|switch|p1a: Gliscor|Gliscor, M|100\/100 tox
|-damage|p1a: Gliscor|88\/100 tox|[from] Stealth Rock
|move|p2a: Kommo-o|Flash Cannon|p1a: Gliscor
|-damage|p1a: Gliscor|61\/100 tox
|
|-heal|p1a: Gliscor|74\/100 tox|[from] ability: Poison Heal
|upkeep
|turn|28
|
|t:|1611430513
|move|p2a: Kommo-o|Flash Cannon|p1a: Gliscor
|-damage|p1a: Gliscor|44\/100 tox
|move|p1a: Gliscor|Earthquake|p2a: Kommo-o
|-damage|p2a: Kommo-o|27\/100
|
|-heal|p1a: Gliscor|56\/100 tox|[from] ability: Poison Heal
|upkeep
|turn|29
|
|t:|1611430524
|-zpower|p2a: Kommo-o
|move|p2a: Kommo-o|Clangorous Soulblaze|p1a: Gliscor|[zeffect]
|-damage|p1a: Gliscor|0 fnt
|-boost|p2a: Kommo-o|atk|1
|-boost|p2a: Kommo-o|def|1
|-boost|p2a: Kommo-o|spa|1
|-boost|p2a: Kommo-o|spd|1
|-boost|p2a: Kommo-o|spe|1
|faint|p1a: Gliscor
|
|upkeep
|
|t:|1611430528
|switch|p1a: Clefable|Clefable, M|85\/100 par
|turn|30
|
|t:|1611430539
|move|p2a: Kommo-o|Flash Cannon|p1a: Clefable
|-supereffective|p1a: Clefable
|-damage|p1a: Clefable|15\/100 par
|move|p1a: Clefable|Moonblast|p2a: Kommo-o
|-supereffective|p2a: Kommo-o
|-damage|p2a: Kommo-o|0 fnt
|faint|p2a: Kommo-o
|
|-heal|p1a: Clefable|21\/100 par|[from] item: Leftovers
|upkeep
|
|t:|1611430550
|switch|p2a: Greninja|Greninja, M|100\/100
|-damage|p2a: Greninja|88\/100|[from] Stealth Rock
|turn|31
|
|t:|1611430559
|move|p1a: Clefable|Protect|p1a: Clefable
|-singleturn|p1a: Clefable|Protect
|move|p2a: Greninja|Ice Beam|p1a: Clefable
|-activate|p1a: Clefable|move: Protect
|
|-heal|p1a: Clefable|27\/100 par|[from] item: Leftovers
|upkeep
|turn|32
|
|t:|1611430566
|switch|p1a: Heatran|Heatran, F|90\/100
|-damage|p1a: Heatran|78\/100|[from] Stealth Rock
|move|p2a: Greninja|Ice Beam|p1a: Heatran
|-resisted|p1a: Heatran
|-damage|p1a: Heatran|71\/100
|
|-heal|p1a: Heatran|77\/100|[from] item: Leftovers
|upkeep
|turn|33
|
|t:|1611430589
|switch|p2a: Landorus|Landorus-Therian, M|88\/100
|-damage|p2a: Landorus|76\/100|[from] Stealth Rock
|-ability|p2a: Landorus|Intimidate|boost
|-unboost|p1a: Heatran|atk|1
|move|p1a: Heatran|Magma Storm|p2a: Landorus|[miss]
|-miss|p1a: Heatran|p2a: Landorus
|
|-heal|p1a: Heatran|84\/100|[from] item: Leftovers
|upkeep
|turn|34
|
|t:|1611430609
|switch|p1a: Rillaboom|Rillaboom-Mega, M|37\/100
|-damage|p1a: Rillaboom|24\/100|[from] Stealth Rock
|-start|p1a: Rillaboom|typechange|Grass|[silent]
|-fieldstart|move: Grassy Terrain|[from] ability: Arena Rock|[of] p1a: Rillaboom
|move|p2a: Landorus|Knock Off|p1a: Rillaboom
|-damage|p1a: Rillaboom|6\/100
|
|-heal|p1a: Rillaboom|12\/100|[from] Grassy Terrain
|upkeep
|turn|35
|
|t:|1611430626
|switch|p2a: Corviknight|Corviknight-Mega, F|75\/100
|-damage|p2a: Corviknight|63\/100|[from] Stealth Rock
|-start|p2a: Corviknight|typechange|Flying\/Steel|[silent]
|-ability|p2a: Corviknight|Intimidate|boost
|-unboost|p1a: Rillaboom|atk|1
|move|p1a: Rillaboom|Grassy Glide|p2a: Corviknight
|-resisted|p2a: Corviknight
|-damage|p2a: Corviknight|57\/100
|
|-heal|p1a: Rillaboom|18\/100|[from] Grassy Terrain
|upkeep
|turn|36
|
|t:|1611430637
|move|p1a: Rillaboom|Jungle Healing|p1a: Rillaboom
|-heal|p1a: Rillaboom|43\/100
|move|p2a: Corviknight|Roost|p2a: Corviknight
|-heal|p2a: Corviknight|100\/100
|-singleturn|p2a: Corviknight|move: Roost
|
|-heal|p1a: Rillaboom|50\/100|[from] Grassy Terrain
|upkeep
|turn|37
|
|t:|1611430646
|-heal|p1a: Rillaboom|56\/100|[from] Grassy Terrain
|-fieldend|move: Grassy Terrain
|switch|p1a: Heatran|Heatran, F|84\/100
|-damage|p1a: Heatran|71\/100|[from] Stealth Rock
|move|p2a: Corviknight|Brave Bird|p1a: Heatran
|-resisted|p1a: Heatran
|-damage|p1a: Heatran|51\/100
|-damage|p2a: Corviknight|94\/100|[from] Recoil
|
|-heal|p1a: Heatran|57\/100|[from] item: Leftovers
|upkeep
|turn|38
|
|t:|1611430691
|switch|p2a: Clefable|Clefable, F|77\/100
|-damage|p2a: Clefable|65\/100|[from] Stealth Rock
|move|p1a: Heatran|Magma Storm|p2a: Clefable
|-damage|p2a: Clefable|26\/100
|-activate|p2a: Clefable|move: Magma Storm|[of] p1a: Heatran
|
|-heal|p1a: Heatran|63\/100|[from] item: Leftovers
|-heal|p2a: Clefable|32\/100|[from] item: Leftovers
|-damage|p2a: Clefable|20\/100|[from] move: Magma Storm|[partiallytrapped]
|upkeep
|turn|39
|
|t:|1611430705
|move|p1a: Heatran|Taunt|p2a: Clefable
|-start|p2a: Clefable|move: Taunt
|cant|p2a: Clefable|move: Taunt|Thunder Wave
|
|-heal|p1a: Heatran|69\/100|[from] item: Leftovers
|-heal|p2a: Clefable|26\/100|[from] item: Leftovers
|-damage|p2a: Clefable|13\/100|[from] move: Magma Storm|[partiallytrapped]
|upkeep
|turn|40
|
|t:|1611430714
|move|p1a: Heatran|Earth Power|p2a: Clefable
|-damage|p2a: Clefable|0 fnt
|faint|p2a: Clefable
|
|-heal|p1a: Heatran|76\/100|[from] item: Leftovers
|upkeep
|
|t:|1611430723
|switch|p2a: Greninja|Greninja, M|88\/100
|-damage|p2a: Greninja|76\/100|[from] Stealth Rock
|turn|41
|
|t:|1611430730
|switch|p1a: Rillaboom|Rillaboom-Mega, M|56\/100
|-damage|p1a: Rillaboom|43\/100|[from] Stealth Rock
|-start|p1a: Rillaboom|typechange|Grass|[silent]
|-fieldstart|move: Grassy Terrain|[from] ability: Arena Rock|[of] p1a: Rillaboom
|move|p2a: Greninja|Hydro Pump|p1a: Rillaboom
|-resisted|p1a: Rillaboom
|-damage|p1a: Rillaboom|16\/100
|
|-heal|p2a: Greninja|82\/100|[from] Grassy Terrain
|-heal|p1a: Rillaboom|23\/100|[from] Grassy Terrain
|upkeep
|turn|42
|
|t:|1611430741
|switch|p2a: Corviknight|Corviknight-Mega, F|94\/100
|-start|p2a: Corviknight|typechange|Flying\/Steel|[silent]
|-damage|p2a: Corviknight|82\/100|[from] Stealth Rock
|-ability|p2a: Corviknight|Intimidate|boost
|-unboost|p1a: Rillaboom|atk|1
|move|p1a: Rillaboom|Grassy Glide|p2a: Corviknight
|-resisted|p2a: Corviknight
|-crit|p2a: Corviknight
|-damage|p2a: Corviknight|69\/100
|
|-heal|p1a: Rillaboom|29\/100|[from] Grassy Terrain
|upkeep
|turn|43
|
|t:|1611430757
|-heal|p1a: Rillaboom|35\/100|[from] Grassy Terrain
|-fieldend|move: Grassy Terrain
|switch|p1a: Heatran|Heatran, F|76\/100
|-damage|p1a: Heatran|63\/100|[from] Stealth Rock
|move|p2a: Corviknight|U-turn|p1a: Heatran
|-resisted|p1a: Heatran
|-damage|p1a: Heatran|60\/100
|
|t:|1611430766
|switch|p2a: Greninja|Greninja, M|82\/100|[from]move: U-turn
|-damage|p2a: Greninja|70\/100|[from] Stealth Rock
|
|-heal|p1a: Heatran|66\/100|[from] item: Leftovers
|upkeep
|turn|44
|
|t:|1611430775
|switch|p1a: Clefable|Clefable, M|27\/100 par
|move|p2a: Greninja|Hydro Pump|p1a: Clefable
|-damage|p1a: Clefable|0 fnt
|faint|p1a: Clefable
|-activate|p2a: Greninja|ability: Battle Bond
|detailschange|p2a: Greninja|Greninja-Ash, M
|
|upkeep
|
|t:|1611430778
|switch|p1a: Rillaboom|Rillaboom-Mega, M|35\/100
|-damage|p1a: Rillaboom|23\/100|[from] Stealth Rock
|-start|p1a: Rillaboom|typechange|Grass|[silent]
|-fieldstart|move: Grassy Terrain|[from] ability: Arena Rock|[of] p1a: Rillaboom
|turn|45
|
|t:|1611430789
|switch|p2a: Corviknight|Corviknight-Mega, F|69\/100
|-start|p2a: Corviknight|typechange|Flying\/Steel|[silent]
|-damage|p2a: Corviknight|57\/100|[from] Stealth Rock
|-ability|p2a: Corviknight|Intimidate|boost
|-unboost|p1a: Rillaboom|atk|1
|move|p1a: Rillaboom|Jungle Healing|p1a: Rillaboom
|-heal|p1a: Rillaboom|48\/100
|
|-heal|p1a: Rillaboom|54\/100|[from] Grassy Terrain
|upkeep
|turn|46
|
|t:|1611430804
|move|p1a: Rillaboom|Jungle Healing|p1a: Rillaboom
|-heal|p1a: Rillaboom|79\/100
|move|p2a: Corviknight|Roost|p2a: Corviknight
|-heal|p2a: Corviknight|100\/100
|-singleturn|p2a: Corviknight|move: Roost
|
|-heal|p1a: Rillaboom|85\/100|[from] Grassy Terrain
|upkeep
|turn|47
|
|t:|1611430813
|-heal|p1a: Rillaboom|91\/100|[from] Grassy Terrain
|-fieldend|move: Grassy Terrain
|switch|p1a: Heatran|Heatran, F|66\/100
|-damage|p1a: Heatran|53\/100|[from] Stealth Rock
|move|p2a: Corviknight|U-turn|p1a: Heatran
|-resisted|p1a: Heatran
|-damage|p1a: Heatran|49\/100
|c|☆Coppersmith|we need to delete that move
|
|t:|1611430828
|switch|p2a: Landorus|Landorus-Therian, M|76\/100|[from]move: U-turn
|-damage|p2a: Landorus|63\/100|[from] Stealth Rock
|-ability|p2a: Landorus|Intimidate|boost
|-unboost|p1a: Heatran|atk|1
|
|-heal|p1a: Heatran|56\/100|[from] item: Leftovers
|upkeep
|turn|48
|
|t:|1611430841
|move|p2a: Landorus|Earthquake|p1a: Heatran
|-supereffective|p1a: Heatran
|-damage|p1a: Heatran|0 fnt
|faint|p1a: Heatran
|
|upkeep
|
|t:|1611430843
|switch|p1a: Greninja|Greninja, M|100\/100
|-damage|p1a: Greninja|88\/100|[from] Stealth Rock
|turn|49
|
|t:|1611430849
|switch|p2a: Blissey|Blissey, F|100\/100
|move|p1a: Greninja|Dark Pulse|p2a: Blissey
|-damage|p2a: Blissey|81\/100
|
|upkeep
|turn|50
|
|t:|1611430856
|move|p1a: Greninja|Dark Pulse|p2a: Blissey
|-damage|p2a: Blissey|61\/100
|move|p2a: Blissey|Toxic|p1a: Greninja
|-status|p1a: Greninja|tox
|
|-damage|p1a: Greninja|82\/100 tox|[from] psn
|upkeep
|turn|51
|
|t:|1611430864
|move|p1a: Greninja|Dark Pulse|p2a: Blissey
|-damage|p2a: Blissey|43\/100
|move|p2a: Blissey|Soft-Boiled|p2a: Blissey
|-heal|p2a: Blissey|93\/100
|
|-damage|p1a: Greninja|70\/100 tox|[from] psn
|upkeep
|turn|52
|
|t:|1611430874
|switch|p1a: Rillaboom|Rillaboom-Mega, M|91\/100
|-damage|p1a: Rillaboom|79\/100|[from] Stealth Rock
|-start|p1a: Rillaboom|typechange|Grass|[silent]
|-fieldstart|move: Grassy Terrain|[from] ability: Arena Rock|[of] p1a: Rillaboom
|move|p2a: Blissey|Seismic Toss|p1a: Rillaboom
|-damage|p1a: Rillaboom|54\/100
|
|-heal|p1a: Rillaboom|60\/100|[from] Grassy Terrain
|-heal|p2a: Blissey|99\/100|[from] Grassy Terrain
|upkeep
|turn|53
|c|☆Mossy Sandwich|Is breaking corvi possible?
|
|t:|1611430886
|switch|p2a: Corviknight|Corviknight-Mega, F|100\/100
|-damage|p2a: Corviknight|88\/100|[from] Stealth Rock
|-start|p2a: Corviknight|typechange|Flying\/Steel|[silent]
|-ability|p2a: Corviknight|Intimidate|boost
|-unboost|p1a: Rillaboom|atk|1
|move|p1a: Rillaboom|Swords Dance|p1a: Rillaboom
|-boost|p1a: Rillaboom|atk|2
|
|-heal|p1a: Rillaboom|66\/100|[from] Grassy Terrain
|upkeep
|turn|54
|
|t:|1611430895
|move|p1a: Rillaboom|Jungle Healing|p1a: Rillaboom
|-heal|p1a: Rillaboom|91\/100
|move|p2a: Corviknight|Brave Bird|p1a: Rillaboom
|-supereffective|p1a: Rillaboom
|-damage|p1a: Rillaboom|23\/100
|-damage|p2a: Corviknight|65\/100|[from] Recoil
|
|-heal|p1a: Rillaboom|29\/100|[from] Grassy Terrain
|upkeep
|turn|55
|j| pupugugu
|
|t:|1611430922
|move|p1a: Rillaboom|Knock Off|p2a: Corviknight
|-crit|p2a: Corviknight
|-damage|p2a: Corviknight|28\/100
|move|p2a: Corviknight|Brave Bird|p1a: Rillaboom
|-supereffective|p1a: Rillaboom
|-damage|p1a: Rillaboom|0 fnt
|-damage|p2a: Corviknight|18\/100|[from] Recoil
|faint|p1a: Rillaboom
|-fieldend|move: Grassy Terrain
|
|upkeep
|c|☆Mossy Sandwich|37% on a crit
|
|t:|1611430932
|switch|p1a: Greninja|Greninja, M|70\/100 tox
|-damage|p1a: Greninja|58\/100 tox|[from] Stealth Rock
|turn|56
|c|☆Coppersmith|isnt knock only 65 bp vs megas?
|
|t:|1611430948
|switch|p2a: Blissey|Blissey, F|99\/100
|move|p1a: Greninja|Dark Pulse|p2a: Blissey
|-damage|p2a: Blissey|79\/100
|
|-damage|p1a: Greninja|52\/100 tox|[from] psn
|upkeep
|turn|57
|c|☆Mossy Sandwich|Yeah but like
|c|☆Mossy Sandwich|+1 and crit
|
|t:|1611430961
|move|p1a: Greninja|Dark Pulse|p2a: Blissey
|-damage|p2a: Blissey|58\/100
|move|p2a: Blissey|Seismic Toss|p1a: Greninja
|-damage|p1a: Greninja|17\/100 tox
|
|-damage|p1a: Greninja|5\/100 tox|[from] psn
|upkeep
|turn|58
|c|☆Mossy Sandwich|from a mon with 165 base attack
|c|☆Coppersmith|fair
|c|☆Coppersmith|gg
|c|☆Mossy Sandwich|gg
|
|t:|1611430979
|move|p1a: Greninja|Dark Pulse|p2a: Blissey
|-damage|p2a: Blissey|39\/100
|move|p2a: Blissey|Soft-Boiled|p2a: Blissey
|-heal|p2a: Blissey|89\/100
|
|-damage|p1a: Greninja|0 fnt|[from] psn
|faint|p1a: Greninja
|
|win|Coppersmith
|upkeep
|l|☆Mossy Sandwich
|c|☆Coppersmith|that was fun</script>
</div>
<div class="battle-log battle-log-inline"><div class="inner"><div class="battle-options"><div style="padding-top: 3px; padding-right: 3px; text-align: right"><button class="icon button" name="openBattleOptions" title="Options">Battle Options</button></div></div><div class="inner message-log"><div class="chat"><small>☆Mossy Sandwich and ☆Coppersmith joined</small></div><div class=""><small>Format:</small> <br><strong>[Gen 8] Megas for All</strong></div><div class=""><small><em>HP Percentage Mod:</em> HP is shown in percentages</small></div><div class=""><small><em>Endless Battle Clause:</em> Forcing endless battles is banned</small></div><div class=""><small><em>OHKO Clause:</em> OHKO moves are banned</small></div><div class=""><small><em>Evasion Moves Clause:</em> Evasion moves are banned</small></div><div class=""><small><em>Species Clause:</em> Limit one of each Pokémon</small></div><div class=""><small><em>Dynamax Clause:</em> You cannot dynamax</small></div><div class=""><small><em>Sleep Clause Mod:</em> Limit one foe put to sleep</small></div><div class=""><small><em>Freeze Clause Mod:</em> Limit one foe frozen</small></div><div class="chat"><img src="https://www.smogon.com/forums/attachments/banner_2-png.302358/" height="65" width="381"></div><div class="spacer battle-history"><br></div><div class="battle-history"><small>Welcome to Megas for All!</small><br></div><div class="battle-history"><small>This is a National Dex-based format where we aim to give a new Mega Evolution to every Pokémon.</small><br></div><div class="battle-history"><small>Just like any official format, you can still only Mega Evolve one Pokémon per team!</small><br></div><div class="battle-history"><small>You can find our thread and metagame resources here:</small><br></div><div class="battle-history"><small>https://www.smogon.com/forums/threads/3671140/</small><br></div><div class="chat battle-history"><strong>Mossy Sandwich's team:</strong> <em style="color:#445566;display:block;">Rillaboom / Heatran / Gliscor / Greninja / Kommo-o / Clefable</em></div><div class="chat battle-history"><strong>Coppersmith's team:</strong> <em style="color:#445566;display:block;">Corviknight / Clefable / Greninja / Kommo-o / Blissey / Landorus-Therian</em></div><div class="chat chatmessage-mossysandwich"><strong style="color:#ba49a2"><small>☆</small><span class="username" data-name="Mossy Sandwich">Mossy Sandwich</span>:</strong> <em>gl hf!</em></div><div class="chat chatmessage-coppersmith"><strong style="color:#0aa445"><small>☆</small><span class="username" data-name="Coppersmith">Coppersmith</span>:</strong> <em>ok sorry abt that</em></div><div class="chat chatmessage-coppersmith"><strong style="color:#0aa445"><small>☆</small><span class="username" data-name="Coppersmith">Coppersmith</span>:</strong> <em>u2</em></div><div class="spacer battle-history"><br></div><div class="battle-history">Battle started between Mossy Sandwich and Coppersmith!<br></div><div class="spacer battle-history"><br></div><div class="battle-history">Go! <strong>Clefable</strong>!<br></div><div class="spacer battle-history"><br></div><div class="battle-history">Coppersmith sent out Landorus (<strong>Landorus-Therian</strong>)!<br></div><div class="battle-history">[The opposing Landorus's Intimidate]<br></div><div class="battle-history"><small>Clefable's Attack fell!</small><br></div><div class="spacer battle-history"><br></div><h2 class="battle-history">Turn 1</h2><div class="spacer battle-history"><br></div><div class="battle-history">The opposing Landorus used <strong>U-turn</strong>!<br></div><div class="battle-history"><small>It's not very effective...</small><br></div><div class="battle-history"><small>(Clefable lost 9% of its health!)</small><br></div><div class="spacer battle-history"><br></div><div class="battle-history">The opposing Landorus went back to Coppersmith!<br></div><div class="battle-history">Coppersmith sent out <strong>Clefable</strong>!<br></div><div class="spacer battle-history"><br></div><div class="battle-history">Clefable used <strong>Wish</strong>!<br></div><div class="spacer battle-history"><br></div><div class="battle-history"><small>Clefable restored a little HP using its Leftovers!</small><br></div><div class="spacer battle-history"><br></div><h2 class="battle-history">Turn 2</h2><div class="spacer battle-history"><br></div><div class="battle-history">The opposing Clefable used <strong>Stealth Rock</strong>!<br></div><div class="battle-history"><small>Pointed stones float in the air around your team!</small><br></div><div class="spacer battle-history"><br></div><div class="battle-history">Clefable used <strong>Teleport</strong>!<br></div><div class="spacer battle-history"><br></div><div class="battle-history">Clefable, come back!<br></div><div class="battle-history">Go! <strong>Gliscor</strong>!<br></div><div class="battle-history"><small>Pointed stones dug into Gliscor!</small><br></div><div class="spacer battle-history"><br></div><div class="battle-history"><small>Clefable's wish came true!</small><br></div><div class="battle-history"><small>Gliscor was badly poisoned!</small><br></div><div class="spacer battle-history"><br></div><h2 class="battle-history">Turn 3</h2><div class="spacer battle-history"><br></div><div class="battle-history">Coppersmith withdrew Clefable!<br></div><div class="battle-history">Coppersmith sent out <strong>Corviknight</strong>!<br></div><div class="battle-history">[The opposing Corviknight's Pressure]<br><small>The opposing Corviknight is exerting its pressure!</small><br></div><div class="spacer battle-history"><br></div><div class="battle-history">Gliscor used <strong>Defog</strong>!<br></div><div class="battle-history"><small>The opposing Corviknight's evasiveness fell!</small><br></div><div class="battle-history"><small>The pointed stones disappeared from around your team!</small><br></div><div class="spacer battle-history"><br></div><h2 class="battle-history">Turn 4</h2><div class="chat"><small> BlaueBrause joined</small></div><div class="spacer battle-history"><br></div><div class="battle-history"><small>The opposing Corviknight's Corviknite is reacting to the Key Stone!</small><br>The opposing Corviknight has Mega Evolved into Mega Corviknight!<br></div><div class="battle-history">[The opposing Corviknight's Intimidate]<br></div><div class="battle-history"><small>Gliscor's Attack fell!</small><br></div><div class="chat"><ul class="utilichart"><li class="result"><span class="col pokemonnamecol" style="white-space: nowrap">Corviknight-Mega</span> <span class="col typecol"><img src="https://play.pokemonshowdown.com/sprites/types/Flying.png" alt="Flying" height="14" width="32"><img src="https://play.pokemonshowdown.com/sprites/types/Steel.png" alt="Steel" height="14" width="32"></span> <span style="float: left ; min-height: 26px"><span class="col abilitycol">Intimidate</span><span class="col abilitycol"></span></span><span style="float: left ; min-height: 26px"><span class="col statcol"><em>HP</em><br>98</span> <span class="col statcol"><em>Atk</em><br>117</span> <span class="col statcol"><em>Def</em><br>120</span> <span class="col statcol"><em>SpA</em><br>78</span> <span class="col statcol"><em>SpD</em><br>105</span> <span class="col statcol"><em>Spe</em><br>77</span> </span></li><li style="clear: both"></li></ul></div><div class="spacer battle-history"><br></div><div class="battle-history">Gliscor used <strong>U-turn</strong>!<br></div><div class="battle-history"><small>It's not very effective...</small><br></div><div class="battle-history"><small>(The opposing Corviknight lost 1% of its health!)</small><br></div><div class="spacer battle-history"><br></div><div class="battle-history">Gliscor went back to Mossy Sandwich!<br></div><div class="battle-history">Go! <strong>Clefable</strong>!<br></div><div class="spacer battle-history"><br></div><div class="battle-history">The opposing Corviknight used <strong>U-turn</strong>!<br></div><div class="battle-history"><small>It's not very effective...</small><br></div><div class="battle-history"><small>(Clefable lost 6% of its health!)</small><br></div><div class="spacer battle-history"><br></div><div class="battle-history">The opposing Corviknight went back to Coppersmith!<br></div><div class="battle-history">Coppersmith sent out <strong>Clefable</strong>!<br></div><div class="spacer battle-history"><br></div><div class="battle-history"><small>Clefable restored a little HP using its Leftovers!</small><br></div><div class="spacer battle-history"><br></div><h2 class="battle-history">Turn 5</h2><div class="spacer battle-history"><br></div><div class="battle-history">The opposing Clefable used <strong>Thunder Wave</strong>!<br></div><div class="battle-history"><small>Clefable is paralyzed! It may be unable to move!</small><br></div><div class="spacer battle-history"><br></div><div class="battle-history">Clefable used <strong>Wish</strong>!<br></div><div class="spacer battle-history"><br></div><div class="battle-history"><small>Clefable restored a little HP using its Leftovers!</small><br></div><div class="spacer battle-history"><br></div><h2 class="battle-history">Turn 6</h2><div class="spacer battle-history"><br></div><div class="battle-history">The opposing Clefable used <strong>Stealth Rock</strong>!<br></div><div class="battle-history"><small>Pointed stones float in the air around your team!</small><br></div><div class="spacer battle-history"><br></div><div class="battle-history">Clefable used <strong>Teleport</strong>!<br></div><div class="spacer battle-history"><br></div><div class="battle-history">Clefable, come back!<br></div><div class="battle-history">Go! <strong>Rillaboom</strong>!<br></div><div class="battle-history"><small>Pointed stones dug into Rillaboom!</small><br></div><div class="battle-history">[Rillaboom's Grassy Surge]<br><small>Grass grew to cover the battlefield!</small><br></div><div class="spacer battle-history"><br></div><div class="battle-history"><small>Clefable's wish came true!</small><br></div><div class="spacer battle-history"><br></div><h2 class="battle-history">Turn 7</h2><div class="spacer battle-history"><br></div><div class="battle-history">Rillaboom, come back!<br></div><div class="battle-history">Go! <strong>Heatran</strong>!<br></div><div class="battle-history"><small>Pointed stones dug into Heatran!</small><br></div><div class="spacer battle-history"><br></div><div class="battle-history">Coppersmith withdrew Clefable!<br></div><div class="battle-history">Coppersmith sent out Corviknight (<strong>Corviknight-Mega</strong>)!<br></div><div class="battle-history">[The opposing Corviknight's Intimidate]<br></div><div class="battle-history"><small>Heatran's Attack fell!</small><br></div><div class="spacer battle-history"><br></div><div class="battle-history"><small>Heatran restored a little HP using its Leftovers!</small><br></div><div class="battle-history"><small>Heatran's HP was restored.</small><br></div><div class="spacer battle-history"><br></div><h2 class="battle-history">Turn 8</h2><div class="spacer battle-history"><br></div><div class="battle-history">Coppersmith withdrew Corviknight!<br></div><div class="battle-history">Coppersmith sent out <strong>Kommo-o</strong>!<br></div><div class="spacer battle-history"><br></div><div class="battle-history">Heatran used <strong>Magma Storm</strong>!<br></div><div class="battle-history"><small>It's not very effective...</small><br></div><div class="battle-history"><small>(The opposing Kommo-o lost 25% of its health!)</small><br></div><div class="battle-history"><small>The opposing Kommo-o became trapped by swirling magma!</small><br></div><div class="spacer battle-history"><br></div><div class="battle-history"><small>The opposing Kommo-o's HP was restored.</small><br></div><div class="battle-history"><small>The opposing Kommo-o is hurt by Magma Storm!</small><br></div><div class="spacer battle-history"><br></div><h2 class="battle-history">Turn 9</h2><div class="spacer battle-history"><br></div><div class="battle-history">The opposing Kommo-o used <strong>Drain Punch</strong>!<br></div><div class="battle-history"><small>It's super effective!</small><br></div><div class="battle-history"><small>(Heatran lost 46% of its health!)</small><br></div><div class="battle-history"><small>Heatran had its energy drained!</small><br></div><div class="spacer battle-history"><br></div><div class="battle-history">Heatran used <strong>Stealth Rock</strong>!<br></div><div class="battle-history"><small>Pointed stones float in the air around the opposing team!</small><br></div><div class="spacer battle-history"><br></div><div class="battle-history"><small>The opposing Kommo-o's HP was restored.</small><br></div><div class="battle-history"><small>Heatran restored a little HP using its Leftovers!</small><br></div><div class="battle-history"><small>Heatran's HP was restored.</small><br></div><div class="battle-history"><small>The opposing Kommo-o is hurt by Magma Storm!</small><br></div><div class="spacer battle-history"><br></div><h2 class="battle-history">Turn 10</h2><div class="spacer battle-history"><br></div><div class="battle-history">Heatran, come back!<br></div><div class="battle-history">Go! <strong>Clefable</strong>!<br></div><div class="spacer battle-history"><br></div><div class="battle-history">The opposing Kommo-o used <strong>Drain Punch</strong>!<br></div><div class="battle-history"><small>It's not very effective...</small><br></div><div class="battle-history"><small>(Clefable lost 11% of its health!)</small><br></div><div class="battle-history"><small>Clefable had its energy drained!</small><br></div><div class="spacer battle-history"><br></div><div class="battle-history"><small>The opposing Kommo-o's HP was restored.</small><br></div><div class="battle-history"><small>Clefable restored a little HP using its Leftovers!</small><br></div><div class="battle-history"><small>Clefable's HP was restored.</small><br></div><div class="battle-history"><small>The grass disappeared from the battlefield.</small><br></div><div class="spacer battle-history"><br></div><h2 class="battle-history">Turn 11</h2><div class="spacer battle-history"><br></div><div class="battle-history">Coppersmith withdrew Kommo-o!<br></div><div class="battle-history">Coppersmith sent out <strong>Clefable</strong>!<br></div><div class="battle-history"><small>Pointed stones dug into the opposing Clefable!</small><br></div><div class="spacer battle-history"><br></div><div class="battle-history">Clefable used <strong>Wish</strong>!<br></div><div class="spacer battle-history"><br></div><div class="battle-history"><small>The opposing Clefable restored a little HP using its Leftovers!</small><br></div><div class="spacer battle-history"><br></div><h2 class="battle-history">Turn 12</h2><div class="spacer battle-history"><br></div><div class="battle-history">The opposing Clefable used <strong>Moonblast</strong>!<br></div><div class="battle-history"><small>A critical hit!</small><br></div><div class="battle-history"><small>(Clefable lost 43% of its health!)</small><br></div><div class="spacer battle-history"><br></div><div class="battle-history">Clefable is paralyzed! It can't move!<br></div><div class="spacer battle-history"><br></div><div class="battle-history"><small>Clefable's wish came true!</small><br></div><div class="battle-history"><small>The opposing Clefable restored a little HP using its Leftovers!</small><br></div><div class="spacer battle-history"><br></div><h2 class="battle-history">Turn 13</h2><div class="spacer battle-history"><br></div><div class="battle-history">The opposing Clefable used <strong>Moonblast</strong>!<br></div><div class="battle-history"><small>(Clefable lost 27% of its health!)</small><br></div><div class="battle-history"><small>Clefable's Sp. Atk fell!</small><br></div><div class="spacer battle-history"><br></div><div class="battle-history">Clefable used <strong>Wish</strong>!<br></div><div class="spacer battle-history"><br></div><div class="battle-history"><small>The opposing Clefable restored a little HP using its Leftovers!</small><br></div><div class="battle-history"><small>Clefable restored a little HP using its Leftovers!</small><br></div><div class="spacer battle-history"><br></div><h2 class="battle-history">Turn 14</h2><div class="spacer battle-history"><br></div><div class="battle-history">Clefable, come back!<br></div><div class="battle-history">Go! <strong>Heatran</strong>!<br></div><div class="battle-history"><small>Pointed stones dug into Heatran!</small><br></div><div class="spacer battle-history"><br></div><div class="battle-history">The opposing Clefable used <strong>Moonblast</strong>!<br></div><div class="battle-history"><small>It's not very effective...</small><br></div><div class="battle-history"><small>(Heatran lost 6% of its health!)</small><br></div><div class="spacer battle-history"><br></div><div class="battle-history"><small>Clefable's wish came true!</small><br></div><div class="battle-history"><small>Heatran restored a little HP using its Leftovers!</small><br></div><div class="spacer battle-history"><br></div><h2 class="battle-history">Turn 15</h2><div class="spacer battle-history"><br></div><div class="battle-history">Coppersmith withdrew Clefable!<br></div><div class="battle-history">Coppersmith sent out <strong>Kommo-o</strong>!<br></div><div class="battle-history"><small>Pointed stones dug into the opposing Kommo-o!</small><br></div><div class="spacer battle-history"><br></div><div class="battle-history">Heatran used <strong>Taunt</strong>!<br></div><div class="battle-history"><small>The opposing Kommo-o fell for the taunt!</small><br></div><div class="spacer battle-history"><br></div><h2 class="battle-history">Turn 16</h2><div class="spacer battle-history"><br></div><div class="battle-history">Heatran, come back!<br></div><div class="battle-history">Go! <strong>Kommo-o</strong>!<br></div><div class="battle-history"><small>Pointed stones dug into Kommo-o!</small><br></div><div class="spacer battle-history"><br></div><div class="battle-history">The opposing Kommo-o used <strong>Flash Cannon</strong>!<br></div><div class="battle-history"><small>(Kommo-o lost 31% of its health!)</small><br></div><div class="spacer battle-history"><br></div><h2 class="battle-history">Turn 17</h2><div class="spacer battle-history"><br></div><div class="battle-history">The opposing Kommo-o used <strong>Flash Cannon</strong>!<br></div><div class="battle-history"><small>(Kommo-o lost 32% of its health!)</small><br></div><div class="spacer battle-history"><br></div><div class="battle-history">Kommo-o used <strong>Flash Cannon</strong>!<br></div><div class="battle-history"><small>(The opposing Kommo-o lost 27% of its health!)</small><br></div><div class="spacer battle-history"><br></div><div class="battle-history"><small>The opposing Kommo-o shook off the taunt!</small><br></div><div class="spacer battle-history"><br></div><h2 class="battle-history">Turn 18</h2><div class="spacer battle-history"><br></div><div class="battle-history">The opposing Kommo-o used <strong>Flash Cannon</strong>!<br></div><div class="battle-history"><small>(Kommo-o lost 31% of its health!)</small><br></div><div class="spacer battle-history"><br></div><div class="battle-history">Kommo-o fainted!<br></div><div class="spacer battle-history"><br></div><div class="battle-history">Go! <strong>Clefable</strong>!<br></div><div class="spacer battle-history"><br></div><h2 class="battle-history">Turn 19</h2><div class="spacer battle-history"><br></div><div class="battle-history">Coppersmith withdrew Kommo-o!<br></div><div class="battle-history">Coppersmith sent out <strong>Clefable</strong>!<br></div><div class="battle-history"><small>Pointed stones dug into the opposing Clefable!</small><br></div><div class="spacer battle-history"><br></div><div class="battle-history">Clefable used <strong>Moonblast</strong>!<br></div><div class="battle-history"><small>(The opposing Clefable lost 29% of its health!)</small><br></div><div class="spacer battle-history"><br></div><div class="battle-history"><small>The opposing Clefable restored a little HP using its Leftovers!</small><br></div><div class="battle-history"><small>Clefable restored a little HP using its Leftovers!</small><br></div><div class="spacer battle-history"><br></div><h2 class="battle-history">Turn 20</h2><div class="spacer battle-history"><br></div><div class="battle-history">Clefable, come back!<br></div><div class="battle-history">Go! <strong>Rillaboom</strong>!<br></div><div class="battle-history"><small>Pointed stones dug into Rillaboom!</small><br></div><div class="battle-history">[Rillaboom's Grassy Surge]<br><small>Grass grew to cover the battlefield!</small><br></div><div class="spacer battle-history"><br></div><div class="battle-history">The opposing Clefable used <strong>Moonblast</strong>!<br></div><div class="battle-history"><small>(Rillaboom lost 34% of its health!)</small><br></div><div class="spacer battle-history"><br></div><div class="battle-history"><small>Rillaboom's HP was restored.</small><br></div><div class="battle-history"><small>The opposing Clefable restored a little HP using its Leftovers!</small><br></div><div class="battle-history"><small>The opposing Clefable's HP was restored.</small><br></div><div class="spacer battle-history"><br></div><h2 class="battle-history">Turn 21</h2><div class="spacer battle-history"><br></div><div class="battle-history">Coppersmith withdrew Clefable!<br></div><div class="battle-history">Coppersmith sent out Corviknight (<strong>Corviknight-Mega</strong>)!<br></div><div class="battle-history"><small>Pointed stones dug into the opposing Corviknight!</small><br></div><div class="battle-history">[The opposing Corviknight's Intimidate]<br></div><div class="battle-history"><small>Rillaboom's Attack fell!</small><br></div><div class="spacer battle-history"><br></div><div class="battle-history"><small>Rillaboom's Rillaboomite is reacting to the Key Stone!</small><br>Rillaboom has Mega Evolved into Mega Rillaboom!<br></div><div class="battle-history"><small>The grass disappeared from the battlefield.</small><br></div><div class="battle-history">[Rillaboom's Arena Rock]<br><small>Grass grew to cover the battlefield!</small><br></div><div class="chat"><ul class="utilichart"><li class="result"><span class="col pokemonnamecol" style="white-space: nowrap">Rillaboom-Mega</span> <span class="col typecol"><img src="https://play.pokemonshowdown.com/sprites/types/Grass.png" alt="Grass" height="14" width="32"></span> <span style="float: left ; min-height: 26px"><span class="col abilitycol">Arena Rock</span><span class="col abilitycol"></span></span><span style="float: left ; min-height: 26px"><span class="col statcol"><em>HP</em><br>100</span> <span class="col statcol"><em>Atk</em><br>165</span> <span class="col statcol"><em>Def</em><br>110</span> <span class="col statcol"><em>SpA</em><br>60</span> <span class="col statcol"><em>SpD</em><br>110</span> <span class="col statcol"><em>Spe</em><br>85</span> </span></li><li style="clear: both"></li></ul></div><div class="spacer battle-history"><br></div><div class="battle-history">Rillaboom used <strong>Swords Dance</strong>!<br></div><div class="battle-history"><small>Rillaboom's Attack rose sharply!</small><br></div><div class="spacer battle-history"><br></div><div class="battle-history"><small>Rillaboom's HP was restored.</small><br></div><div class="spacer battle-history"><br></div><h2 class="battle-history">Turn 22</h2><div class="spacer battle-history"><br></div><div class="battle-history">Rillaboom used <strong>Jungle Healing</strong>!<br></div><div class="battle-history"><small>Rillaboom had its HP restored.</small><br></div><div class="spacer battle-history"><br></div><div class="battle-history">The opposing Corviknight used <strong>U-turn</strong>!<br></div><div class="battle-history"><small>It's super effective!</small><br></div><div class="battle-history"><small>(Rillaboom lost 29% of its health!)</small><br></div><div class="spacer battle-history"><br></div><div class="battle-history">The opposing Corviknight went back to Coppersmith!<br></div><div class="battle-history">Coppersmith sent out Landorus (<strong>Landorus-Therian</strong>)!<br></div><div class="battle-history"><small>Pointed stones dug into the opposing Landorus!</small><br></div><div class="battle-history">[The opposing Landorus's Intimidate]<br></div><div class="battle-history"><small>Rillaboom's Attack fell!</small><br></div><div class="spacer battle-history"><br></div><div class="battle-history"><small>Rillaboom's HP was restored.</small><br></div><div class="spacer battle-history"><br></div><h2 class="battle-history">Turn 23</h2><div class="spacer battle-history"><br></div><div class="battle-history">Coppersmith withdrew Landorus!<br></div><div class="battle-history">Coppersmith sent out Corviknight (<strong>Corviknight-Mega</strong>)!<br></div><div class="battle-history"><small>Pointed stones dug into the opposing Corviknight!</small><br></div><div class="battle-history">[The opposing Corviknight's Intimidate]<br></div><div class="battle-history"><small>Rillaboom's Attack fell!</small><br></div><div class="spacer battle-history"><br></div><div class="battle-history">Rillaboom used <strong>Grassy Glide</strong>!<br></div><div class="battle-history"><small>It's not very effective...</small><br></div><div class="battle-history"><small>(The opposing Corviknight lost 6% of its health!)</small><br></div><div class="spacer battle-history"><br></div><div class="battle-history"><small>Rillaboom's HP was restored.</small><br></div><div class="spacer battle-history"><br></div><h2 class="battle-history">Turn 24</h2><div class="spacer battle-history"><br></div><div class="battle-history">Rillaboom used <strong>Jungle Healing</strong>!<br></div><div class="battle-history"><small>Rillaboom had its HP restored.</small><br></div><div class="spacer battle-history"><br></div><div class="battle-history">The opposing Corviknight used <strong>Roost</strong>!<br></div><div class="battle-history"><small>The opposing Corviknight had its HP restored.</small><br></div><div class="battle-history"><small>(The opposing Corviknight loses Flying type this turn.)</small><br></div><div class="spacer battle-history"><br></div><div class="battle-history"><small>Rillaboom's HP was restored.</small><br></div><div class="spacer battle-history"><br></div><h2 class="battle-history">Turn 25</h2><div class="spacer battle-history"><br></div><div class="battle-history">Rillaboom used <strong>Swords Dance</strong>!<br></div><div class="battle-history"><small>Rillaboom's Attack rose sharply!</small><br></div><div class="spacer battle-history"><br></div><div class="battle-history">The opposing Corviknight used <strong>Brave Bird</strong>!<br></div><div class="battle-history"><small>It's super effective!</small><br></div><div class="battle-history"><small>(Rillaboom lost 76% of its health!)</small><br></div><div class="battle-history"><small>The opposing Corviknight was damaged by the recoil!</small><br></div><div class="spacer battle-history"><br></div><div class="battle-history"><small>Rillaboom's HP was restored.</small><br></div><div class="spacer battle-history"><br></div><h2 class="battle-history">Turn 26</h2><div class="spacer battle-history"><br></div><div class="battle-history"><small>Rillaboom's HP was restored.</small><br></div><div class="battle-history"><small>The grass disappeared from the battlefield.</small><br></div><div class="spacer battle-history"><br></div><div class="battle-history">Rillaboom, come back!<br></div><div class="battle-history">Go! <strong>Heatran</strong>!<br></div><div class="battle-history"><small>Pointed stones dug into Heatran!</small><br></div><div class="spacer battle-history"><br></div><div class="battle-history">The opposing Corviknight used <strong>U-turn</strong>!<br></div><div class="battle-history"><small>It's not very effective...</small><br></div><div class="battle-history"><small>(Heatran lost 4% of its health!)</small><br></div><div class="spacer battle-history"><br></div><div class="battle-history">The opposing Corviknight went back to Coppersmith!<br></div><div class="battle-history">Coppersmith sent out <strong>Kommo-o</strong>!<br></div><div class="battle-history"><small>Pointed stones dug into the opposing Kommo-o!</small><br></div><div class="spacer battle-history"><br></div><div class="battle-history"><small>Heatran restored a little HP using its Leftovers!</small><br></div><div class="spacer battle-history"><br></div><h2 class="battle-history">Turn 27</h2><div class="spacer battle-history"><br></div><div class="battle-history">Heatran, come back!<br></div><div class="battle-history">Go! <strong>Gliscor</strong>!<br></div><div class="battle-history"><small>Pointed stones dug into Gliscor!</small><br></div><div class="spacer battle-history"><br></div><div class="battle-history">The opposing Kommo-o used <strong>Flash Cannon</strong>!<br></div><div class="battle-history"><small>(Gliscor lost 27% of its health!)</small><br></div><div class="spacer battle-history"><br></div><div class="battle-history">[Gliscor's Poison Heal]<br><small>Gliscor had its HP restored.</small><br></div><div class="spacer battle-history"><br></div><h2 class="battle-history">Turn 28</h2><div class="spacer battle-history"><br></div><div class="battle-history">The opposing Kommo-o used <strong>Flash Cannon</strong>!<br></div><div class="battle-history"><small>(Gliscor lost 30% of its health!)</small><br></div><div class="spacer battle-history"><br></div><div class="battle-history">Gliscor used <strong>Earthquake</strong>!<br></div><div class="battle-history"><small>(The opposing Kommo-o lost 34% of its health!)</small><br></div><div class="spacer battle-history"><br></div><div class="battle-history">[Gliscor's Poison Heal]<br><small>Gliscor had its HP restored.</small><br></div><div class="spacer battle-history"><br></div><h2 class="battle-history">Turn 29</h2><div class="spacer battle-history"><br></div><div class="battle-history"><small>The opposing Kommo-o surrounded itself with its Z-Power!</small><br></div><div class="spacer battle-history"><br></div><div class="battle-history"><small>The opposing Kommo-o unleashes its full-force Z-Move!</small><br>The opposing Kommo-o used <strong>Clangorous Soulblaze</strong>!<br></div><div class="battle-history"><small>(Gliscor lost 56% of its health!)</small><br></div><div class="battle-history"><small>The opposing Kommo-o's Attack rose!</small><br></div><div class="battle-history"><small>The opposing Kommo-o's Defense rose!</small><br></div><div class="battle-history"><small>The opposing Kommo-o's Sp. Atk rose!</small><br></div><div class="battle-history"><small>The opposing Kommo-o's Sp. Def rose!</small><br></div><div class="battle-history"><small>The opposing Kommo-o's Speed rose!</small><br></div><div class="spacer battle-history"><br></div><div class="battle-history">Gliscor fainted!<br></div><div class="spacer battle-history"><br></div><div class="battle-history">Go! <strong>Clefable</strong>!<br></div><div class="spacer battle-history"><br></div><h2 class="battle-history">Turn 30</h2><div class="spacer battle-history"><br></div><div class="battle-history">The opposing Kommo-o used <strong>Flash Cannon</strong>!<br></div><div class="battle-history"><small>It's super effective!</small><br></div><div class="battle-history"><small>(Clefable lost 70% of its health!)</small><br></div><div class="spacer battle-history"><br></div><div class="battle-history">Clefable used <strong>Moonblast</strong>!<br></div><div class="battle-history"><small>It's super effective!</small><br></div><div class="battle-history"><small>(The opposing Kommo-o lost 27% of its health!)</small><br></div><div class="spacer battle-history"><br></div><div class="battle-history">The opposing Kommo-o fainted!<br></div><div class="spacer battle-history"><br></div><div class="battle-history"><small>Clefable restored a little HP using its Leftovers!</small><br></div><div class="spacer battle-history"><br></div><div class="battle-history">Coppersmith sent out <strong>Greninja</strong>!<br></div><div class="battle-history"><small>Pointed stones dug into the opposing Greninja!</small><br></div><div class="spacer battle-history"><br></div><h2 class="battle-history">Turn 31</h2><div class="spacer battle-history"><br></div><div class="battle-history">Clefable used <strong>Protect</strong>!<br></div><div class="battle-history"><small>Clefable protected itself!</small><br></div><div class="spacer battle-history"><br></div><div class="battle-history">The opposing Greninja used <strong>Ice Beam</strong>!<br></div><div class="battle-history"><small>Clefable protected itself!</small><br></div><div class="spacer battle-history"><br></div><div class="battle-history"><small>Clefable restored a little HP using its Leftovers!</small><br></div><div class="spacer battle-history"><br></div><h2 class="battle-history">Turn 32</h2><div class="spacer battle-history"><br></div><div class="battle-history">Clefable, come back!<br></div><div class="battle-history">Go! <strong>Heatran</strong>!<br></div><div class="battle-history"><small>Pointed stones dug into Heatran!</small><br></div><div class="spacer battle-history"><br></div><div class="battle-history">The opposing Greninja used <strong>Ice Beam</strong>!<br></div><div class="battle-history"><small>It's not very effective...</small><br></div><div class="battle-history"><small>(Heatran lost 7% of its health!)</small><br></div><div class="spacer battle-history"><br></div><div class="battle-history"><small>Heatran restored a little HP using its Leftovers!</small><br></div><div class="spacer battle-history"><br></div><h2 class="battle-history">Turn 33</h2><div class="spacer battle-history"><br></div><div class="battle-history">Coppersmith withdrew Greninja!<br></div><div class="battle-history">Coppersmith sent out Landorus (<strong>Landorus-Therian</strong>)!<br></div><div class="battle-history"><small>Pointed stones dug into the opposing Landorus!</small><br></div><div class="battle-history">[The opposing Landorus's Intimidate]<br></div><div class="battle-history"><small>Heatran's Attack fell!</small><br></div><div class="spacer battle-history"><br></div><div class="battle-history">Heatran used <strong>Magma Storm</strong>!<br></div><div class="battle-history"><small>The opposing Landorus avoided the attack!</small><br></div><div class="spacer battle-history"><br></div><div class="battle-history"><small>Heatran restored a little HP using its Leftovers!</small><br></div><div class="spacer battle-history"><br></div><h2 class="battle-history">Turn 34</h2><div class="spacer battle-history"><br></div><div class="battle-history">Heatran, come back!<br></div><div class="battle-history">Go! Rillaboom (<strong>Rillaboom-Mega</strong>)!<br></div><div class="battle-history"><small>Pointed stones dug into Rillaboom!</small><br></div><div class="battle-history">[Rillaboom's Arena Rock]<br><small>Grass grew to cover the battlefield!</small><br></div><div class="spacer battle-history"><br></div><div class="battle-history">The opposing Landorus used <strong>Knock Off</strong>!<br></div><div class="battle-history"><small>(Rillaboom lost 18% of its health!)</small><br></div><div class="spacer battle-history"><br></div><div class="battle-history"><small>Rillaboom's HP was restored.</small><br></div><div class="spacer battle-history"><br></div><h2 class="battle-history">Turn 35</h2><div class="spacer battle-history"><br></div><div class="battle-history">Coppersmith withdrew Landorus!<br></div><div class="battle-history">Coppersmith sent out Corviknight (<strong>Corviknight-Mega</strong>)!<br></div><div class="battle-history"><small>Pointed stones dug into the opposing Corviknight!</small><br></div><div class="battle-history">[The opposing Corviknight's Intimidate]<br></div><div class="battle-history"><small>Rillaboom's Attack fell!</small><br></div><div class="spacer battle-history"><br></div><div class="battle-history">Rillaboom used <strong>Grassy Glide</strong>!<br></div><div class="battle-history"><small>It's not very effective...</small><br></div><div class="battle-history"><small>(The opposing Corviknight lost 6% of its health!)</small><br></div><div class="spacer battle-history"><br></div><div class="battle-history"><small>Rillaboom's HP was restored.</small><br></div><div class="spacer battle-history"><br></div><h2 class="battle-history">Turn 36</h2><div class="spacer battle-history"><br></div><div class="battle-history">Rillaboom used <strong>Jungle Healing</strong>!<br></div><div class="battle-history"><small>Rillaboom had its HP restored.</small><br></div><div class="spacer battle-history"><br></div><div class="battle-history">The opposing Corviknight used <strong>Roost</strong>!<br></div><div class="battle-history"><small>The opposing Corviknight had its HP restored.</small><br></div><div class="battle-history"><small>(The opposing Corviknight loses Flying type this turn.)</small><br></div><div class="spacer battle-history"><br></div><div class="battle-history"><small>Rillaboom's HP was restored.</small><br></div><div class="spacer battle-history"><br></div><h2 class="battle-history">Turn 37</h2><div class="spacer battle-history"><br></div><div class="battle-history"><small>Rillaboom's HP was restored.</small><br></div><div class="battle-history"><small>The grass disappeared from the battlefield.</small><br></div><div class="spacer battle-history"><br></div><div class="battle-history">Rillaboom, come back!<br></div><div class="battle-history">Go! <strong>Heatran</strong>!<br></div><div class="battle-history"><small>Pointed stones dug into Heatran!</small><br></div><div class="spacer battle-history"><br></div><div class="battle-history">The opposing Corviknight used <strong>Brave Bird</strong>!<br></div><div class="battle-history"><small>It's not very effective...</small><br></div><div class="battle-history"><small>(Heatran lost 20% of its health!)</small><br></div><div class="battle-history"><small>The opposing Corviknight was damaged by the recoil!</small><br></div><div class="spacer battle-history"><br></div><div class="battle-history"><small>Heatran restored a little HP using its Leftovers!</small><br></div><div class="spacer battle-history"><br></div><h2 class="battle-history">Turn 38</h2><div class="spacer battle-history"><br></div><div class="battle-history">Coppersmith withdrew Corviknight!<br></div><div class="battle-history">Coppersmith sent out <strong>Clefable</strong>!<br></div><div class="battle-history"><small>Pointed stones dug into the opposing Clefable!</small><br></div><div class="spacer battle-history"><br></div><div class="battle-history">Heatran used <strong>Magma Storm</strong>!<br></div><div class="battle-history"><small>(The opposing Clefable lost 39% of its health!)</small><br></div><div class="battle-history"><small>The opposing Clefable became trapped by swirling magma!</small><br></div><div class="spacer battle-history"><br></div><div class="battle-history"><small>Heatran restored a little HP using its Leftovers!</small><br></div><div class="battle-history"><small>The opposing Clefable restored a little HP using its Leftovers!</small><br></div><div class="battle-history"><small>The opposing Clefable is hurt by Magma Storm!</small><br></div><div class="spacer battle-history"><br></div><h2 class="battle-history">Turn 39</h2><div class="spacer battle-history"><br></div><div class="battle-history">Heatran used <strong>Taunt</strong>!<br></div><div class="battle-history"><small>The opposing Clefable fell for the taunt!</small><br></div><div class="spacer battle-history"><br></div><div class="battle-history">The opposing Clefable can't use Thunder Wave after the taunt!<br></div><div class="spacer battle-history"><br></div><div class="battle-history"><small>Heatran restored a little HP using its Leftovers!</small><br></div><div class="battle-history"><small>The opposing Clefable restored a little HP using its Leftovers!</small><br></div><div class="battle-history"><small>The opposing Clefable is hurt by Magma Storm!</small><br></div><div class="spacer battle-history"><br></div><h2 class="battle-history">Turn 40</h2><div class="spacer battle-history"><br></div><div class="battle-history">Heatran used <strong>Earth Power</strong>!<br></div><div class="battle-history"><small>(The opposing Clefable lost 13% of its health!)</small><br></div><div class="spacer battle-history"><br></div><div class="battle-history">The opposing Clefable fainted!<br></div><div class="spacer battle-history"><br></div><div class="battle-history"><small>Heatran restored a little HP using its Leftovers!</small><br></div><div class="spacer battle-history"><br></div><div class="battle-history">Coppersmith sent out <strong>Greninja</strong>!<br></div><div class="battle-history"><small>Pointed stones dug into the opposing Greninja!</small><br></div><div class="spacer battle-history"><br></div><h2 class="battle-history">Turn 41</h2><div class="spacer battle-history"><br></div><div class="battle-history">Heatran, come back!<br></div><div class="battle-history">Go! Rillaboom (<strong>Rillaboom-Mega</strong>)!<br></div><div class="battle-history"><small>Pointed stones dug into Rillaboom!</small><br></div><div class="battle-history">[Rillaboom's Arena Rock]<br><small>Grass grew to cover the battlefield!</small><br></div><div class="spacer battle-history"><br></div><div class="battle-history">The opposing Greninja used <strong>Hydro Pump</strong>!<br></div><div class="battle-history"><small>It's not very effective...</small><br></div><div class="battle-history"><small>(Rillaboom lost 27% of its health!)</small><br></div><div class="spacer battle-history"><br></div><div class="battle-history"><small>The opposing Greninja's HP was restored.</small><br></div><div class="battle-history"><small>Rillaboom's HP was restored.</small><br></div><div class="spacer battle-history"><br></div><h2 class="battle-history">Turn 42</h2><div class="spacer battle-history"><br></div><div class="battle-history">Coppersmith withdrew Greninja!<br></div><div class="battle-history">Coppersmith sent out Corviknight (<strong>Corviknight-Mega</strong>)!<br></div><div class="battle-history"><small>Pointed stones dug into the opposing Corviknight!</small><br></div><div class="battle-history">[The opposing Corviknight's Intimidate]<br></div><div class="battle-history"><small>Rillaboom's Attack fell!</small><br></div><div class="spacer battle-history"><br></div><div class="battle-history">Rillaboom used <strong>Grassy Glide</strong>!<br></div><div class="battle-history"><small>It's not very effective...</small><br></div><div class="battle-history"><small>A critical hit!</small><br></div><div class="battle-history"><small>(The opposing Corviknight lost 13% of its health!)</small><br></div><div class="spacer battle-history"><br></div><div class="battle-history"><small>Rillaboom's HP was restored.</small><br></div><div class="spacer battle-history"><br></div><h2 class="battle-history">Turn 43</h2><div class="spacer battle-history"><br></div><div class="battle-history"><small>Rillaboom's HP was restored.</small><br></div><div class="battle-history"><small>The grass disappeared from the battlefield.</small><br></div><div class="spacer battle-history"><br></div><div class="battle-history">Rillaboom, come back!<br></div><div class="battle-history">Go! <strong>Heatran</strong>!<br></div><div class="battle-history"><small>Pointed stones dug into Heatran!</small><br></div><div class="spacer battle-history"><br></div><div class="battle-history">The opposing Corviknight used <strong>U-turn</strong>!<br></div><div class="battle-history"><small>It's not very effective...</small><br></div><div class="battle-history"><small>(Heatran lost 3% of its health!)</small><br></div><div class="spacer battle-history"><br></div><div class="battle-history">The opposing Corviknight went back to Coppersmith!<br></div><div class="battle-history">Coppersmith sent out <strong>Greninja</strong>!<br></div><div class="battle-history"><small>Pointed stones dug into the opposing Greninja!</small><br></div><div class="spacer battle-history"><br></div><div class="battle-history"><small>Heatran restored a little HP using its Leftovers!</small><br></div><div class="spacer battle-history"><br></div><h2 class="battle-history">Turn 44</h2><div class="spacer battle-history"><br></div><div class="battle-history">Heatran, come back!<br></div><div class="battle-history">Go! <strong>Clefable</strong>!<br></div><div class="spacer battle-history"><br></div><div class="battle-history">The opposing Greninja used <strong>Hydro Pump</strong>!<br></div><div class="battle-history"><small>(Clefable lost 27% of its health!)</small><br></div><div class="spacer battle-history"><br></div><div class="battle-history">Clefable fainted!<br></div><div class="battle-history">[The opposing Greninja's Battle Bond]<br><small>The opposing Greninja became fully charged due to its bond with its Trainer!</small><br></div><div class="battle-history">The opposing Greninja became Ash-Greninja!<br></div><div class="spacer battle-history"><br></div><div class="battle-history">Go! Rillaboom (<strong>Rillaboom-Mega</strong>)!<br></div><div class="battle-history"><small>Pointed stones dug into Rillaboom!</small><br></div><div class="battle-history">[Rillaboom's Arena Rock]<br><small>Grass grew to cover the battlefield!</small><br></div><div class="spacer battle-history"><br></div><h2 class="battle-history">Turn 45</h2><div class="spacer battle-history"><br></div><div class="battle-history">Coppersmith withdrew Greninja!<br></div><div class="battle-history">Coppersmith sent out Corviknight (<strong>Corviknight-Mega</strong>)!<br></div><div class="battle-history"><small>Pointed stones dug into the opposing Corviknight!</small><br></div><div class="battle-history">[The opposing Corviknight's Intimidate]<br></div><div class="battle-history"><small>Rillaboom's Attack fell!</small><br></div><div class="spacer battle-history"><br></div><div class="battle-history">Rillaboom used <strong>Jungle Healing</strong>!<br></div><div class="battle-history"><small>Rillaboom had its HP restored.</small><br></div><div class="spacer battle-history"><br></div><div class="battle-history"><small>Rillaboom's HP was restored.</small><br></div><div class="spacer battle-history"><br></div><h2 class="battle-history">Turn 46</h2><div class="spacer battle-history"><br></div><div class="battle-history">Rillaboom used <strong>Jungle Healing</strong>!<br></div><div class="battle-history"><small>Rillaboom had its HP restored.</small><br></div><div class="spacer battle-history"><br></div><div class="battle-history">The opposing Corviknight used <strong>Roost</strong>!<br></div><div class="battle-history"><small>The opposing Corviknight had its HP restored.</small><br></div><div class="battle-history"><small>(The opposing Corviknight loses Flying type this turn.)</small><br></div><div class="spacer battle-history"><br></div><div class="battle-history"><small>Rillaboom's HP was restored.</small><br></div><div class="spacer battle-history"><br></div><h2 class="battle-history">Turn 47</h2><div class="spacer battle-history"><br></div><div class="battle-history"><small>Rillaboom's HP was restored.</small><br></div><div class="battle-history"><small>The grass disappeared from the battlefield.</small><br></div><div class="spacer battle-history"><br></div><div class="battle-history">Rillaboom, come back!<br></div><div class="battle-history">Go! <strong>Heatran</strong>!<br></div><div class="battle-history"><small>Pointed stones dug into Heatran!</small><br></div><div class="spacer battle-history"><br></div><div class="battle-history">The opposing Corviknight used <strong>U-turn</strong>!<br></div><div class="battle-history"><small>It's not very effective...</small><br></div><div class="battle-history"><small>(Heatran lost 4% of its health!)</small><br></div><div class="chat chatmessage-coppersmith"><strong style="color:#0aa445"><small>☆</small><span class="username" data-name="Coppersmith">Coppersmith</span>:</strong> <em>we need to delete that move</em></div><div class="spacer battle-history"><br></div><div class="battle-history">The opposing Corviknight went back to Coppersmith!<br></div><div class="battle-history">Coppersmith sent out Landorus (<strong>Landorus-Therian</strong>)!<br></div><div class="battle-history"><small>Pointed stones dug into the opposing Landorus!</small><br></div><div class="battle-history">[The opposing Landorus's Intimidate]<br></div><div class="battle-history"><small>Heatran's Attack fell!</small><br></div><div class="spacer battle-history"><br></div><div class="battle-history"><small>Heatran restored a little HP using its Leftovers!</small><br></div><div class="spacer battle-history"><br></div><h2 class="battle-history">Turn 48</h2><div class="spacer battle-history"><br></div><div class="battle-history">The opposing Landorus used <strong>Earthquake</strong>!<br></div><div class="battle-history"><small>It's super effective!</small><br></div><div class="battle-history"><small>(Heatran lost 56% of its health!)</small><br></div><div class="spacer battle-history"><br></div><div class="battle-history">Heatran fainted!<br></div><div class="spacer battle-history"><br></div><div class="battle-history">Go! <strong>Greninja</strong>!<br></div><div class="battle-history"><small>Pointed stones dug into Greninja!</small><br></div><div class="spacer battle-history"><br></div><h2 class="battle-history">Turn 49</h2><div class="spacer battle-history"><br></div><div class="battle-history">Coppersmith withdrew Landorus!<br></div><div class="battle-history">Coppersmith sent out <strong>Blissey</strong>!<br></div><div class="spacer battle-history"><br></div><div class="battle-history">Greninja used <strong>Dark Pulse</strong>!<br></div><div class="battle-history"><small>(The opposing Blissey lost 19% of its health!)</small><br></div><div class="spacer battle-history"><br></div><h2 class="battle-history">Turn 50</h2><div class="spacer battle-history"><br></div><div class="battle-history">Greninja used <strong>Dark Pulse</strong>!<br></div><div class="battle-history"><small>(The opposing Blissey lost 20% of its health!)</small><br></div><div class="spacer battle-history"><br></div><div class="battle-history">The opposing Blissey used <strong>Toxic</strong>!<br></div><div class="battle-history"><small>Greninja was badly poisoned!</small><br></div><div class="spacer battle-history"><br></div><div class="battle-history"><small>Greninja was hurt by poison!</small><br></div><div class="spacer battle-history"><br></div><h2 class="battle-history">Turn 51</h2><div class="spacer battle-history"><br></div><div class="battle-history">Greninja used <strong>Dark Pulse</strong>!<br></div><div class="battle-history"><small>(The opposing Blissey lost 18% of its health!)</small><br></div><div class="spacer battle-history"><br></div><div class="battle-history">The opposing Blissey used <strong>Soft-Boiled</strong>!<br></div><div class="battle-history"><small>The opposing Blissey had its HP restored.</small><br></div><div class="spacer battle-history"><br></div><div class="battle-history"><small>Greninja was hurt by poison!</small><br></div><div class="spacer battle-history"><br></div><h2 class="battle-history">Turn 52</h2><div class="spacer battle-history"><br></div><div class="battle-history">Greninja, come back!<br></div><div class="battle-history">Go! Rillaboom (<strong>Rillaboom-Mega</strong>)!<br></div><div class="battle-history"><small>Pointed stones dug into Rillaboom!</small><br></div><div class="battle-history">[Rillaboom's Arena Rock]<br><small>Grass grew to cover the battlefield!</small><br></div><div class="spacer battle-history"><br></div><div class="battle-history">The opposing Blissey used <strong>Seismic Toss</strong>!<br></div><div class="battle-history"><small>(Rillaboom lost 25% of its health!)</small><br></div><div class="spacer battle-history"><br></div><div class="battle-history"><small>Rillaboom's HP was restored.</small><br></div><div class="battle-history"><small>The opposing Blissey's HP was restored.</small><br></div><div class="spacer battle-history"><br></div><h2 class="battle-history">Turn 53</h2><div class="chat chatmessage-mossysandwich"><strong style="color:#ba49a2"><small>☆</small><span class="username" data-name="Mossy Sandwich">Mossy Sandwich</span>:</strong> <em>Is breaking corvi possible?</em></div><div class="spacer battle-history"><br></div><div class="battle-history">Coppersmith withdrew Blissey!<br></div><div class="battle-history">Coppersmith sent out Corviknight (<strong>Corviknight-Mega</strong>)!<br></div><div class="battle-history"><small>Pointed stones dug into the opposing Corviknight!</small><br></div><div class="battle-history">[The opposing Corviknight's Intimidate]<br></div><div class="battle-history"><small>Rillaboom's Attack fell!</small><br></div><div class="spacer battle-history"><br></div><div class="battle-history">Rillaboom used <strong>Swords Dance</strong>!<br></div><div class="battle-history"><small>Rillaboom's Attack rose sharply!</small><br></div><div class="spacer battle-history"><br></div><div class="battle-history"><small>Rillaboom's HP was restored.</small><br></div><div class="spacer battle-history"><br></div><h2 class="battle-history">Turn 54</h2><div class="spacer battle-history"><br></div><div class="battle-history">Rillaboom used <strong>Jungle Healing</strong>!<br></div><div class="battle-history"><small>Rillaboom had its HP restored.</small><br></div><div class="spacer battle-history"><br></div><div class="battle-history">The opposing Corviknight used <strong>Brave Bird</strong>!<br></div><div class="battle-history"><small>It's super effective!</small><br></div><div class="battle-history"><small>(Rillaboom lost 68% of its health!)</small><br></div><div class="battle-history"><small>The opposing Corviknight was damaged by the recoil!</small><br></div><div class="spacer battle-history"><br></div><div class="battle-history"><small>Rillaboom's HP was restored.</small><br></div><div class="spacer battle-history"><br></div><h2 class="battle-history">Turn 55</h2><div class="chat"><small> pupugugu joined</small></div><div class="spacer battle-history"><br></div><div class="battle-history">Rillaboom used <strong>Knock Off</strong>!<br></div><div class="battle-history"><small>A critical hit!</small><br></div><div class="battle-history"><small>(The opposing Corviknight lost 37% of its health!)</small><br></div><div class="spacer battle-history"><br></div><div class="battle-history">The opposing Corviknight used <strong>Brave Bird</strong>!<br></div><div class="battle-history"><small>It's super effective!</small><br></div><div class="battle-history"><small>(Rillaboom lost 29% of its health!)</small><br></div><div class="battle-history"><small>The opposing Corviknight was damaged by the recoil!</small><br></div><div class="spacer battle-history"><br></div><div class="battle-history">Rillaboom fainted!<br></div><div class="battle-history"><small>The grass disappeared from the battlefield.</small><br></div><div class="chat chatmessage-mossysandwich"><strong style="color:#ba49a2"><small>☆</small><span class="username" data-name="Mossy Sandwich">Mossy Sandwich</span>:</strong> <em>37% on a crit</em></div><div class="spacer battle-history"><br></div><div class="battle-history">Go! <strong>Greninja</strong>!<br></div><div class="battle-history"><small>Pointed stones dug into Greninja!</small><br></div><div class="spacer battle-history"><br></div><h2 class="battle-history">Turn 56</h2><div class="chat chatmessage-coppersmith"><strong style="color:#0aa445"><small>☆</small><span class="username" data-name="Coppersmith">Coppersmith</span>:</strong> <em>isnt knock only 65 bp vs megas?</em></div><div class="spacer battle-history"><br></div><div class="battle-history">Coppersmith withdrew Corviknight!<br></div><div class="battle-history">Coppersmith sent out <strong>Blissey</strong>!<br></div><div class="spacer battle-history"><br></div><div class="battle-history">Greninja used <strong>Dark Pulse</strong>!<br></div><div class="battle-history"><small>(The opposing Blissey lost 20% of its health!)</small><br></div><div class="spacer battle-history"><br></div><div class="battle-history"><small>Greninja was hurt by poison!</small><br></div><div class="spacer battle-history"><br></div><h2 class="battle-history">Turn 57</h2><div class="chat chatmessage-mossysandwich"><strong style="color:#ba49a2"><small>☆</small><span class="username" data-name="Mossy Sandwich">Mossy Sandwich</span>:</strong> <em>Yeah but like</em></div><div class="chat chatmessage-mossysandwich"><strong style="color:#ba49a2"><small>☆</small><span class="username" data-name="Mossy Sandwich">Mossy Sandwich</span>:</strong> <em>+1 and crit</em></div><div class="spacer battle-history"><br></div><div class="battle-history">Greninja used <strong>Dark Pulse</strong>!<br></div><div class="battle-history"><small>(The opposing Blissey lost 21% of its health!)</small><br></div><div class="spacer battle-history"><br></div><div class="battle-history">The opposing Blissey used <strong>Seismic Toss</strong>!<br></div><div class="battle-history"><small>(Greninja lost 35% of its health!)</small><br></div><div class="spacer battle-history"><br></div><div class="battle-history"><small>Greninja was hurt by poison!</small><br></div><div class="spacer battle-history"><br></div><h2 class="battle-history">Turn 58</h2><div class="chat chatmessage-mossysandwich"><strong style="color:#ba49a2"><small>☆</small><span class="username" data-name="Mossy Sandwich">Mossy Sandwich</span>:</strong> <em>from a mon with 165 base attack</em></div><div class="chat chatmessage-coppersmith"><strong style="color:#0aa445"><small>☆</small><span class="username" data-name="Coppersmith">Coppersmith</span>:</strong> <em>fair</em></div><div class="chat chatmessage-coppersmith"><strong style="color:#0aa445"><small>☆</small><span class="username" data-name="Coppersmith">Coppersmith</span>:</strong> <em>gg</em></div><div class="chat chatmessage-mossysandwich"><strong style="color:#ba49a2"><small>☆</small><span class="username" data-name="Mossy Sandwich">Mossy Sandwich</span>:</strong> <em>gg</em></div><div class="spacer battle-history"><br></div><div class="battle-history">Greninja used <strong>Dark Pulse</strong>!<br></div><div class="battle-history"><small>(The opposing Blissey lost 19% of its health!)</small><br></div><div class="spacer battle-history"><br></div><div class="battle-history">The opposing Blissey used <strong>Soft-Boiled</strong>!<br></div><div class="battle-history"><small>The opposing Blissey had its HP restored.</small><br></div><div class="spacer battle-history"><br></div><div class="battle-history"><small>Greninja was hurt by poison!</small><br></div><div class="spacer battle-history"><br></div><div class="battle-history">Greninja fainted!<br></div><div class="spacer battle-history"><br></div><div class="battle-history"><strong>Coppersmith</strong> won the battle!<br></div><div class="chat"><small>☆Mossy Sandwich left</small></div><div class="chat chatmessage-coppersmith"><strong style="color:#0aa445"><small>☆</small><span class="username" data-name="Coppersmith">Coppersmith</span>:</strong> <em>that was fun</em></div></div><div class="inner-preempt message-log"></div></div></div>
</div>
<script>
let daily = Math.floor(Date.now()/1000/60/60/24);document.write('<script src="https://dragonheaven.herokuapp.com/js/replay-embed.js?version'+daily+'"></'+'script>');
</script>
