<!DOCTYPE html>
<meta charset="utf-8" />
<!-- version 1 -->
<title>[Gen 8] M4A Suspect replay: pupugugu vs. E6R</title>
<style>
html,body {font-family:Verdana, sans-serif;font-size:10pt;margin:0;padding:0;}body{padding:12px 0;} .battle-log {font-family:Verdana, sans-serif;font-size:10pt;} .battle-log-inline {border:1px solid #AAAAAA;background:#EEF2F5;color:black;max-width:640px;margin:0 auto 80px;padding-bottom:5px;} .battle-log .inner {padding:4px 8px 0px 8px;} .battle-log .inner-preempt {padding:0 8px 4px 8px;} .battle-log .inner-after {margin-top:0.5em;} .battle-log h2 {margin:0.5em -8px;padding:4px 8px;border:1px solid #AAAAAA;background:#E0E7EA;border-left:0;border-right:0;font-family:Verdana, sans-serif;font-size:13pt;} .battle-log .chat {vertical-align:middle;padding:3px 0 3px 0;font-size:8pt;} .battle-log .chat strong {color:#40576A;} .battle-log .chat em {padding:1px 4px 1px 3px;color:#000000;font-style:normal;} .chat.mine {background:rgba(0,0,0,0.05);margin-left:-8px;margin-right:-8px;padding-left:8px;padding-right:8px;} .spoiler {color:#BBBBBB;background:#BBBBBB;padding:0px 3px;} .spoiler:hover, .spoiler:active, .spoiler-shown {color:#000000;background:#E2E2E2;padding:0px 3px;} .spoiler a {color:#BBBBBB;} .spoiler:hover a, .spoiler:active a, .spoiler-shown a {color:#2288CC;} .chat code, .chat .spoiler:hover code, .chat .spoiler:active code, .chat .spoiler-shown code {border:1px solid #C0C0C0;background:#EEEEEE;color:black;padding:0 2px;} .chat .spoiler code {border:1px solid #CCCCCC;background:#CCCCCC;color:#CCCCCC;} .battle-log .rated {padding:3px 4px;} .battle-log .rated strong {color:white;background:#89A;padding:1px 4px;border-radius:4px;} .spacer {margin-top:0.5em;} .message-announce {background:#6688AA;color:white;padding:1px 4px 2px;} .message-announce a, .broadcast-green a, .broadcast-blue a, .broadcast-red a {color:#DDEEFF;} .broadcast-green {background-color:#559955;color:white;padding:2px 4px;} .broadcast-blue {background-color:#6688AA;color:white;padding:2px 4px;} .infobox {border:1px solid #6688AA;padding:2px 4px;} .infobox-limited {max-height:200px;overflow:auto;overflow-x:hidden;} .broadcast-red {background-color:#AA5544;color:white;padding:2px 4px;} .message-learn-canlearn {font-weight:bold;color:#228822;text-decoration:underline;} .message-learn-cannotlearn {font-weight:bold;color:#CC2222;text-decoration:underline;} .message-effect-weak {font-weight:bold;color:#CC2222;} .message-effect-resist {font-weight:bold;color:#6688AA;} .message-effect-immune {font-weight:bold;color:#666666;} .message-learn-list {margin-top:0;margin-bottom:0;} .message-throttle-notice, .message-error {color:#992222;} .message-overflow, .chat small.message-overflow {font-size:0pt;} .message-overflow::before {font-size:9pt;content:'...';} .subtle {color:#3A4A66;}
</style>
<div class="wrapper replay-wrapper" style="max-width:1180px;margin:0 auto">
<input type="hidden" name="replayid" value="dragonheaven-gen8m4asuspect-402" />
<div class="battle"></div><div class="battle-log"></div><div class="replay-controls"></div><div class="replay-controls-2"></div>
<h1 style="font-weight:normal;text-align:center"><strong>[Gen 8] M4A Suspect</strong><br /><a href="http://pokemonshowdown.com/users/pupugugu" class="subtle" target="_blank">pupugugu</a> vs. <a href="http://pokemonshowdown.com/users/e6r" class="subtle" target="_blank">E6R</a></h1>
<script type="text/plain" class="battle-log-data">|j|☆pupugugu
|j|☆E6R
|t:|1621625116
|player|p1|pupugugu|clerkf|
|player|p2|E6R|bruno|
|teamsize|p1|6
|teamsize|p2|6
|gametype|singles
|gen|8
|tier|[Gen 8] M4A Suspect
|rated|Tournament battle
|clearpoke
|poke|p1|Zamazenta-Crowned|
|poke|p1|Wishiwashi, F|
|poke|p1|Rotom-Heat|
|poke|p1|Tangrowth, M|
|poke|p1|Dragonite, F|
|poke|p1|Kommo-o, M|
|poke|p2|Heracross, M|
|poke|p2|Landorus-Therian, M|
|poke|p2|Ferrothorn, M|
|poke|p2|Clefable, M|
|poke|p2|Tapu Koko|
|poke|p2|Gliscor, F|
|rule|HP Percentage Mod: HP is shown in percentages
|rule|Endless Battle Clause: Forcing endless battles is banned
|rule|OHKO Clause: OHKO moves are banned
|rule|Evasion Moves Clause: Evasion moves are banned
|rule|Species Clause: Limit one of each Pokémon
|rule|Dynamax Clause: You cannot dynamax
|rule|Sleep Clause Mod: Limit one foe put to sleep
|rule|Freeze Clause Mod: Limit one foe frozen
|raw|<img src="https:\/\/www.smogon.com\/forums\/attachments\/banner_2-png.302358\/" height="65" width="381">
|-message|Welcome to Megas for All!
|-message|This is a National Dex-based format where we aim to give a new Mega Evolution to every Pokémon.
|-message|Just like any official format, you can still only Mega Evolve one Pokémon per team!
|-message|You can find our thread and metagame resources here:
|-message|https:\/\/www.smogon.com\/forums\/threads\/3671140\/
|teampreview
|j|#inkbug1

|c|☆pupugugu|glhf!
|
|t:|1621625155
|start
|switch|p1a: Wishiwashi|Wishiwashi, F|100\/100
|switch|p2a: Ferrothorn|Ferrothorn, M|100\/100
|-formechange|p1a: Wishiwashi|Wishiwashi-School||[from] ability: Schooling
|turn|1
|
|t:|1621625164
|detailschange|p1a: Wishiwashi|Wishiwashi-Mega, F
|-mega|p1a: Wishiwashi|Wishiwashi|Wishiwashinite
|-message|Startled by the Mega Evolution, Wishiwashi's school dispersed...
|-start|p1a: Wishiwashi|typechange|Water|[silent]
|raw|<ul class="utilichart"><li class="result"><span class="col pokemonnamecol" style="white-space: nowrap">Wishiwashi-Mega<\/span> <span class="col typecol"><img src="https:\/\/play.pokemonshowdown.com\/sprites\/types\/Water.png" alt="Water" height="14" width="32"><\/span> <span style="float: left ; min-height: 26px"><span class="col abilitycol">SOS<\/span><span class="col abilitycol"><\/span><\/span><span style="float: left ; min-height: 26px"><span class="col statcol"><em>HP<\/em><br>45<\/span> <span class="col statcol"><em>Atk<\/em><br>40<\/span> <span class="col statcol"><em>Def<\/em><br>40<\/span> <span class="col statcol"><em>SpA<\/em><br>45<\/span> <span class="col statcol"><em>SpD<\/em><br>45<\/span> <span class="col statcol"><em>Spe<\/em><br>60<\/span> <\/span><\/li><li style="clear: both"><\/li><\/ul>
|move|p1a: Wishiwashi|Scald|p2a: Ferrothorn
|-resisted|p2a: Ferrothorn
|-damage|p2a: Ferrothorn|94\/100
|-status|p2a: Ferrothorn|brn
|move|p2a: Ferrothorn|Stealth Rock|p1a: Wishiwashi
|-sidestart|p1: pupugugu|move: Stealth Rock
|
|-heal|p2a: Ferrothorn|99\/100 brn|[from] item: Leftovers
|-damage|p2a: Ferrothorn|94\/100 brn|[from] brn
|-activate|p1a: Wishiwashi|ability: SOS
|-message|Wishiwashi called for help!
|detailschange|p1a: Wishiwashi|Wishiwashi-Mega-1, F
|-message|More of Wishiwashi's friends came together!
|-start|p1a: Wishiwashi|typechange|Water|[silent]
|raw|<ul class="utilichart"><li class="result"><span class="col pokemonnamecol" style="white-space: nowrap">Wishiwashi-Mega-1<\/span> <span class="col typecol"><img src="https:\/\/play.pokemonshowdown.com\/sprites\/types\/Water.png" alt="Water" height="14" width="32"><\/span> <span style="float: left ; min-height: 26px"><span class="col abilitycol">SOS<\/span><span class="col abilitycol"><\/span><\/span><span style="float: left ; min-height: 26px"><span class="col statcol"><em>HP<\/em><br>55<\/span> <span class="col statcol"><em>Atk<\/em><br>60<\/span> <span class="col statcol"><em>Def<\/em><br>65<\/span> <span class="col statcol"><em>SpA<\/em><br>65<\/span> <span class="col statcol"><em>SpD<\/em><br>70<\/span> <span class="col statcol"><em>Spe<\/em><br>49<\/span> <\/span><\/li><li style="clear: both"><\/li><\/ul>
|-heal|p1a: Wishiwashi|100\/100|[silent]
|upkeep
|turn|2
|
|t:|1621625180
|move|p1a: Wishiwashi|Wish|p1a: Wishiwashi
|move|p2a: Ferrothorn|Leech Seed|p1a: Wishiwashi
|-start|p1a: Wishiwashi|move: Leech Seed
|
|-heal|p2a: Ferrothorn|99\/100 brn|[from] item: Leftovers
|-damage|p1a: Wishiwashi|88\/100|[from] Leech Seed|[of] p2a: Ferrothorn
|-heal|p2a: Ferrothorn|100\/100 brn|[silent]
|-damage|p2a: Ferrothorn|94\/100 brn|[from] brn
|-activate|p1a: Wishiwashi|ability: SOS
|-message|Wishiwashi called for help!
|detailschange|p1a: Wishiwashi|Wishiwashi-Mega-2, F
|-message|More of Wishiwashi's friends came together!
|-start|p1a: Wishiwashi|typechange|Water|[silent]
|raw|<ul class="utilichart"><li class="result"><span class="col pokemonnamecol" style="white-space: nowrap">Wishiwashi-Mega-2<\/span> <span class="col typecol"><img src="https:\/\/play.pokemonshowdown.com\/sprites\/types\/Water.png" alt="Water" height="14" width="32"><\/span> <span style="float: left ; min-height: 26px"><span class="col abilitycol">SOS<\/span><span class="col abilitycol"><\/span><\/span><span style="float: left ; min-height: 26px"><span class="col statcol"><em>HP<\/em><br>65<\/span> <span class="col statcol"><em>Atk<\/em><br>80<\/span> <span class="col statcol"><em>Def<\/em><br>90<\/span> <span class="col statcol"><em>SpA<\/em><br>85<\/span> <span class="col statcol"><em>SpD<\/em><br>95<\/span> <span class="col statcol"><em>Spe<\/em><br>38<\/span> <\/span><\/li><li style="clear: both"><\/li><\/ul>
|-heal|p1a: Wishiwashi|89\/100|[silent]
|upkeep
|turn|3
|
|t:|1621625192
|move|p1a: Wishiwashi|Scald|p2a: Ferrothorn
|-resisted|p2a: Ferrothorn
|-damage|p2a: Ferrothorn|84\/100 brn
|move|p2a: Ferrothorn|Gyro Ball|p1a: Wishiwashi
|-resisted|p1a: Wishiwashi
|-damage|p1a: Wishiwashi|84\/100
|
|-heal|p1a: Wishiwashi|100\/100|[from] move: Wish|[wisher] Wishiwashi
|-heal|p2a: Ferrothorn|90\/100 brn|[from] item: Leftovers
|-damage|p1a: Wishiwashi|88\/100|[from] Leech Seed|[of] p2a: Ferrothorn
|-heal|p2a: Ferrothorn|100\/100 brn|[silent]
|-damage|p2a: Ferrothorn|94\/100 brn|[from] brn
|-activate|p1a: Wishiwashi|ability: SOS
|-message|Wishiwashi called for help!
|detailschange|p1a: Wishiwashi|Wishiwashi-Mega-3, F
|-message|More of Wishiwashi's friends came together!
|-start|p1a: Wishiwashi|typechange|Water|[silent]
|raw|<ul class="utilichart"><li class="result"><span class="col pokemonnamecol" style="white-space: nowrap">Wishiwashi-Mega-3<\/span> <span class="col typecol"><img src="https:\/\/play.pokemonshowdown.com\/sprites\/types\/Water.png" alt="Water" height="14" width="32"><\/span> <span style="float: left ; min-height: 26px"><span class="col abilitycol">SOS<\/span><span class="col abilitycol"><\/span><\/span><span style="float: left ; min-height: 26px"><span class="col statcol"><em>HP<\/em><br>75<\/span> <span class="col statcol"><em>Atk<\/em><br>100<\/span> <span class="col statcol"><em>Def<\/em><br>115<\/span> <span class="col statcol"><em>SpA<\/em><br>105<\/span> <span class="col statcol"><em>SpD<\/em><br>120<\/span> <span class="col statcol"><em>Spe<\/em><br>27<\/span> <\/span><\/li><li style="clear: both"><\/li><\/ul>
|-heal|p1a: Wishiwashi|89\/100|[silent]
|upkeep
|turn|4
|
|t:|1621625209
|switch|p2a: Tapu Koko|Tapu Koko|100\/100
|-fieldstart|move: Electric Terrain|[from] ability: Electric Surge|[of] p2a: Tapu Koko
|move|p1a: Wishiwashi|Wish|p1a: Wishiwashi
|
|-damage|p1a: Wishiwashi|76\/100|[from] Leech Seed|[of] p2a: Tapu Koko
|-activate|p1a: Wishiwashi|ability: SOS
|-message|Wishiwashi called for help!
|detailschange|p1a: Wishiwashi|Wishiwashi-Mega-4, F
|-message|More of Wishiwashi's friends came together!
|-start|p1a: Wishiwashi|typechange|Water|[silent]
|raw|<ul class="utilichart"><li class="result"><span class="col pokemonnamecol" style="white-space: nowrap">Wishiwashi-Mega-4<\/span> <span class="col typecol"><img src="https:\/\/play.pokemonshowdown.com\/sprites\/types\/Water.png" alt="Water" height="14" width="32"><\/span> <span style="float: left ; min-height: 26px"><span class="col abilitycol">SOS<\/span><span class="col abilitycol"><\/span><\/span><span style="float: left ; min-height: 26px"><span class="col statcol"><em>HP<\/em><br>85<\/span> <span class="col statcol"><em>Atk<\/em><br>120<\/span> <span class="col statcol"><em>Def<\/em><br>140<\/span> <span class="col statcol"><em>SpA<\/em><br>125<\/span> <span class="col statcol"><em>SpD<\/em><br>145<\/span> <span class="col statcol"><em>Spe<\/em><br>16<\/span> <\/span><\/li><li style="clear: both"><\/li><\/ul>
|-heal|p1a: Wishiwashi|78\/100|[silent]
|upkeep
|turn|5
|
|t:|1621625225
|switch|p1a: Tangrowth|Tangrowth, M|100\/100
|-damage|p1a: Tangrowth|88\/100|[from] Stealth Rock
|move|p2a: Tapu Koko|Thunderbolt|p1a: Tangrowth
|-resisted|p1a: Tangrowth
|-damage|p1a: Tangrowth|67\/100
|
|-heal|p1a: Tangrowth|100\/100|[from] move: Wish|[wisher] Wishiwashi
|upkeep
|turn|6
|
|t:|1621625234
|switch|p2a: Heracross|Heracross, M, shiny|100\/100
|move|p1a: Tangrowth|Knock Off|p2a: Heracross
|-resisted|p2a: Heracross
|-crit|p2a: Heracross
|-damage|p2a: Heracross|75\/100
|-enditem|p2a: Heracross|Choice Scarf|[from] move: Knock Off|[of] p1a: Tangrowth
|
|upkeep
|turn|7
|
|t:|1621625240
|switch|p1a: Wishiwashi|Wishiwashi-Mega-4, F|78\/100
|-start|p1a: Wishiwashi|typechange|Water|[silent]
|-damage|p1a: Wishiwashi|65\/100|[from] Stealth Rock
|move|p2a: Heracross|Megahorn|p1a: Wishiwashi
|-damage|p1a: Wishiwashi|34\/100
|
|upkeep
|turn|8
|
|t:|1621625251
|move|p1a: Wishiwashi|Protect|p1a: Wishiwashi
|-singleturn|p1a: Wishiwashi|Protect
|move|p2a: Heracross|Megahorn|p1a: Wishiwashi
|-activate|p1a: Wishiwashi|move: Protect
|
|-fieldend|move: Electric Terrain
|-activate|p1a: Wishiwashi|ability: SOS
|-message|Wishiwashi called for help!
|detailschange|p1a: Wishiwashi|Wishiwashi-Mega-School, F
|-message|More of Wishiwashi's friends came together!
|-start|p1a: Wishiwashi|typechange|Water|[silent]
|raw|<ul class="utilichart"><li class="result"><span class="col pokemonnamecol" style="white-space: nowrap">Wishiwashi-Mega-School<\/span> <span class="col typecol"><img src="https:\/\/play.pokemonshowdown.com\/sprites\/types\/Water.png" alt="Water" height="14" width="32"><\/span> <span style="float: left ; min-height: 26px"><span class="col abilitycol">SOS<\/span><span class="col abilitycol"><\/span><\/span><span style="float: left ; min-height: 26px"><span class="col statcol"><em>HP<\/em><br>95<\/span> <span class="col statcol"><em>Atk<\/em><br>140<\/span> <span class="col statcol"><em>Def<\/em><br>165<\/span> <span class="col statcol"><em>SpA<\/em><br>145<\/span> <span class="col statcol"><em>SpD<\/em><br>170<\/span> <span class="col statcol"><em>Spe<\/em><br>5<\/span> <\/span><\/li><li style="clear: both"><\/li><\/ul>
|-heal|p1a: Wishiwashi|37\/100|[silent]
|upkeep
|turn|9
|
|t:|1621625258
|move|p2a: Heracross|Close Combat|p1a: Wishiwashi
|-damage|p1a: Wishiwashi|10\/100
|-unboost|p2a: Heracross|def|1
|-unboost|p2a: Heracross|spd|1
|move|p1a: Wishiwashi|Wish|p1a: Wishiwashi
|
|upkeep
|turn|10
|
|t:|1621625267
|move|p1a: Wishiwashi|Protect|p1a: Wishiwashi
|-singleturn|p1a: Wishiwashi|Protect
|move|p2a: Heracross|Megahorn|p1a: Wishiwashi
|-activate|p1a: Wishiwashi|move: Protect
|
|-heal|p1a: Wishiwashi|60\/100|[from] move: Wish|[wisher] Wishiwashi
|upkeep
|turn|11
|
|t:|1621625270
|switch|p2a: Tapu Koko|Tapu Koko|100\/100
|-fieldstart|move: Electric Terrain|[from] ability: Electric Surge|[of] p2a: Tapu Koko
|move|p1a: Wishiwashi|Wish|p1a: Wishiwashi
|
|upkeep
|turn|12
|
|t:|1621625276
|move|p1a: Wishiwashi|Protect|p1a: Wishiwashi
|-singleturn|p1a: Wishiwashi|Protect
|move|p2a: Tapu Koko|Volt Switch|p1a: Wishiwashi
|-activate|p1a: Wishiwashi|move: Protect
|
|-heal|p1a: Wishiwashi|100\/100|[from] move: Wish|[wisher] Wishiwashi
|upkeep
|turn|13
|
|t:|1621625280
|move|p2a: Tapu Koko|Volt Switch|p1a: Wishiwashi
|-supereffective|p1a: Wishiwashi
|-damage|p1a: Wishiwashi|43\/100
|
|t:|1621625288
|switch|p2a: Clefable|Clefable, M|100\/100|[from]move: Volt Switch
|move|p1a: Wishiwashi|Wish|p1a: Wishiwashi
|
|upkeep
|turn|14
|
|t:|1621625294
|detailschange|p2a: Clefable|Clefable-Mega, M
|-mega|p2a: Clefable|Clefable|Clefabite
|-start|p2a: Clefable|typechange|Fairy\/Ghost|[silent]
|raw|<ul class="utilichart"><li class="result"><span class="col pokemonnamecol" style="white-space: nowrap">Clefable-Mega<\/span> <span class="col typecol"><img src="https:\/\/play.pokemonshowdown.com\/sprites\/types\/Fairy.png" alt="Fairy" height="14" width="32"><img src="https:\/\/play.pokemonshowdown.com\/sprites\/types\/Ghost.png" alt="Ghost" height="14" width="32"><\/span> <span style="float: left ; min-height: 26px"><span class="col abilitycol">Prankster<\/span><span class="col abilitycol"><\/span><\/span><span style="float: left ; min-height: 26px"><span class="col statcol"><em>HP<\/em><br>95<\/span> <span class="col statcol"><em>Atk<\/em><br>80<\/span> <span class="col statcol"><em>Def<\/em><br>83<\/span> <span class="col statcol"><em>SpA<\/em><br>125<\/span> <span class="col statcol"><em>SpD<\/em><br>90<\/span> <span class="col statcol"><em>Spe<\/em><br>110<\/span> <\/span><\/li><li style="clear: both"><\/li><\/ul>
|move|p2a: Clefable|Moonblast|p1a: Wishiwashi
|-damage|p1a: Wishiwashi|21\/100
|move|p1a: Wishiwashi|Scald|p2a: Clefable
|-damage|p2a: Clefable|74\/100
|-status|p2a: Clefable|brn
|
|-heal|p1a: Wishiwashi|71\/100|[from] move: Wish|[wisher] Wishiwashi
|-damage|p2a: Clefable|68\/100 brn|[from] brn
|upkeep
|turn|15
|
|t:|1621625306
|move|p2a: Clefable|Moonblast|p1a: Wishiwashi
|-damage|p1a: Wishiwashi|47\/100
|move|p1a: Wishiwashi|U-turn|p2a: Clefable
|-resisted|p2a: Clefable
|-damage|p2a: Clefable|64\/100 brn
|
|t:|1621625308
|switch|p1a: Zamazenta|Zamazenta-Crowned|100\/100|[from]move: U-turn
|-damage|p1a: Zamazenta|97\/100|[from] Stealth Rock
|-ability|p1a: Zamazenta|Dauntless Shield|boost
|-boost|p1a: Zamazenta|def|1
|
|-damage|p2a: Clefable|58\/100 brn|[from] brn
|-fieldend|move: Electric Terrain
|upkeep
|turn|16
|
|t:|1621625323
|move|p1a: Zamazenta|Behemoth Bash|p2a: Clefable
|-supereffective|p2a: Clefable
|-damage|p2a: Clefable|0 fnt
|faint|p2a: Clefable
|
|upkeep
|
|t:|1621625333
|switch|p2a: Landorus|Landorus-Therian, M|100\/100
|-ability|p2a: Landorus|Intimidate|boost
|-unboost|p1a: Zamazenta|atk|1
|turn|17
|
|t:|1621625344
|switch|p1a: Rotom|Rotom-Heat|100\/100
|move|p2a: Landorus|Knock Off|p1a: Rotom
|-damage|p1a: Rotom|64\/100
|-enditem|p1a: Rotom|Heavy-Duty Boots|[from] move: Knock Off|[of] p2a: Landorus
|
|upkeep
|turn|18
|
|t:|1621625350
|move|p2a: Landorus|Knock Off|p1a: Rotom
|-damage|p1a: Rotom|37\/100
|move|p1a: Rotom|Defog|p2a: Landorus
|-unboost|p2a: Landorus|evasion|1
|-sideend|p1: pupugugu|Stealth Rock|[from] move: Defog|[of] p1a: Rotom
|
|upkeep
|turn|19
|
|t:|1621625357
|switch|p2a: Ferrothorn|Ferrothorn, M|94\/100 brn
|move|p1a: Rotom|Pain Split|p2a: Ferrothorn
|-sethp|p2a: Ferrothorn|63\/100 brn|[from] move: Pain Split|[silent]
|-sethp|p1a: Rotom|73\/100|[from] move: Pain Split
|
|-heal|p2a: Ferrothorn|70\/100 brn|[from] item: Leftovers
|-damage|p2a: Ferrothorn|63\/100 brn|[from] brn
|upkeep
|turn|20
|
|t:|1621625363
|switch|p2a: Gliscor|Gliscor, F|100\/100
|move|p1a: Rotom|Overheat|p2a: Gliscor
|-damage|p2a: Gliscor|37\/100
|-unboost|p1a: Rotom|spa|2
|
|-status|p2a: Gliscor|tox|[from] item: Toxic Orb
|upkeep
|turn|21
|
|t:|1621625375
|switch|p1a: Wishiwashi|Wishiwashi-Mega-School, F|47\/100
|-start|p1a: Wishiwashi|typechange|Water|[silent]
|move|p2a: Gliscor|Roost|p2a: Gliscor
|-heal|p2a: Gliscor|87\/100 tox
|-singleturn|p2a: Gliscor|move: Roost
|
|-heal|p2a: Gliscor|99\/100 tox|[from] ability: Poison Heal
|upkeep
|turn|22
|
|t:|1621625384
|move|p2a: Gliscor|Earthquake|p1a: Wishiwashi
|-damage|p1a: Wishiwashi|28\/100
|move|p1a: Wishiwashi|Wish|p1a: Wishiwashi
|
|-heal|p2a: Gliscor|100\/100 tox|[from] ability: Poison Heal
|upkeep
|turn|23
|
|t:|1621625398
|switch|p2a: Heracross|Heracross, M, shiny|75\/100
|move|p1a: Wishiwashi|Scald|p2a: Heracross
|-damage|p2a: Heracross|33\/100
|
|-heal|p1a: Wishiwashi|78\/100|[from] move: Wish|[wisher] Wishiwashi
|upkeep
|turn|24
|
|t:|1621625408
|move|p2a: Heracross|Megahorn|p1a: Wishiwashi|[miss]
|-miss|p2a: Heracross|p1a: Wishiwashi
|move|p1a: Wishiwashi|Wish|p1a: Wishiwashi
|
|upkeep
|turn|25
|
|t:|1621625414
|switch|p2a: Tapu Koko|Tapu Koko|100\/100
|-fieldstart|move: Electric Terrain|[from] ability: Electric Surge|[of] p2a: Tapu Koko
|move|p1a: Wishiwashi|Scald|p2a: Tapu Koko
|-damage|p2a: Tapu Koko|45\/100
|-status|p2a: Tapu Koko|brn
|
|-heal|p1a: Wishiwashi|100\/100|[from] move: Wish|[wisher] Wishiwashi
|-damage|p2a: Tapu Koko|39\/100 brn|[from] brn
|upkeep
|turn|26
|
|t:|1621625422
|move|p1a: Wishiwashi|Protect|p1a: Wishiwashi
|-singleturn|p1a: Wishiwashi|Protect
|move|p2a: Tapu Koko|Dazzling Gleam|p1a: Wishiwashi
|-activate|p1a: Wishiwashi|move: Protect
|
|-damage|p2a: Tapu Koko|33\/100 brn|[from] brn
|upkeep
|turn|27
|
|t:|1621625426
|switch|p2a: Gliscor|Gliscor, F|100\/100 tox
|move|p1a: Wishiwashi|Wish|p1a: Wishiwashi
|
|upkeep
|turn|28
|
|t:|1621625433
|move|p2a: Gliscor|Earthquake|p1a: Wishiwashi
|-damage|p1a: Wishiwashi|80\/100
|move|p1a: Wishiwashi|Scald|p2a: Gliscor
|-supereffective|p2a: Gliscor
|-crit|p2a: Gliscor
|-damage|p2a: Gliscor|0 fnt
|faint|p2a: Gliscor
|
|-heal|p1a: Wishiwashi|100\/100|[from] move: Wish|[wisher] Wishiwashi
|upkeep
|
|t:|1621625440
|switch|p2a: Ferrothorn|Ferrothorn, M|63\/100 brn
|turn|29
|
|t:|1621625453
|switch|p1a: Rotom|Rotom-Heat|73\/100
|move|p2a: Ferrothorn|Leech Seed|p1a: Rotom
|-start|p1a: Rotom|move: Leech Seed
|
|-heal|p2a: Ferrothorn|70\/100 brn|[from] item: Leftovers
|-damage|p1a: Rotom|61\/100|[from] Leech Seed|[of] p2a: Ferrothorn
|-heal|p2a: Ferrothorn|80\/100 brn|[silent]
|-damage|p2a: Ferrothorn|74\/100 brn|[from] brn
|-fieldend|move: Electric Terrain
|upkeep
|turn|30
|
|t:|1621625463
|switch|p2a: Landorus|Landorus-Therian, M|100\/100
|-ability|p2a: Landorus|Intimidate|boost
|-unboost|p1a: Rotom|atk|1
|move|p1a: Rotom|Overheat|p2a: Landorus|[miss]
|-miss|p1a: Rotom|p2a: Landorus
|
|-damage|p1a: Rotom|49\/100|[from] Leech Seed|[of] p2a: Landorus
|upkeep
|turn|31
|
|t:|1621625475
|move|p2a: Landorus|Stone Edge|p1a: Rotom|[miss]
|-miss|p2a: Landorus|p1a: Rotom
|move|p1a: Rotom|Pain Split|p2a: Landorus
|-sethp|p2a: Landorus|74\/100|[from] move: Pain Split|[silent]
|-sethp|p1a: Rotom|77\/100|[from] move: Pain Split
|
|-damage|p1a: Rotom|65\/100|[from] Leech Seed|[of] p2a: Landorus
|-heal|p2a: Landorus|85\/100|[silent]
|upkeep
|turn|32
|
|t:|1621625480
|move|p2a: Landorus|Stone Edge|p1a: Rotom
|-supereffective|p1a: Rotom
|-damage|p1a: Rotom|0 fnt
|faint|p1a: Rotom
|
|upkeep
|
|t:|1621625483
|switch|p1a: Wishiwashi|Wishiwashi-Mega-School, F|100\/100
|-start|p1a: Wishiwashi|typechange|Water|[silent]
|turn|33
|
|t:|1621625490
|switch|p2a: Ferrothorn|Ferrothorn, M|74\/100 brn
|move|p1a: Wishiwashi|Scald|p2a: Ferrothorn
|-resisted|p2a: Ferrothorn
|-damage|p2a: Ferrothorn|56\/100 brn
|
|-heal|p2a: Ferrothorn|62\/100 brn|[from] item: Leftovers
|-damage|p2a: Ferrothorn|56\/100 brn|[from] brn
|upkeep
|turn|34
|
|t:|1621625495
|move|p1a: Wishiwashi|U-turn|p2a: Ferrothorn
|-damage|p2a: Ferrothorn|45\/100 brn
|-damage|p1a: Wishiwashi|88\/100|[from] ability: Iron Barbs|[of] p2a: Ferrothorn
|
|t:|1621625496
|switch|p1a: Tangrowth|Tangrowth, M|100\/100|[from]move: U-turn
|move|p2a: Ferrothorn|Leech Seed|p1a: Tangrowth
|-immune|p1a: Tangrowth
|
|-heal|p2a: Ferrothorn|51\/100 brn|[from] item: Leftovers
|-damage|p2a: Ferrothorn|45\/100 brn|[from] brn
|upkeep
|turn|35
|
|t:|1621625503
|move|p1a: Tangrowth|Knock Off|p2a: Ferrothorn
|-damage|p2a: Ferrothorn|31\/100 brn
|-damage|p1a: Tangrowth|88\/100|[from] ability: Iron Barbs|[of] p2a: Ferrothorn
|-enditem|p2a: Ferrothorn|Leftovers|[from] move: Knock Off|[of] p1a: Tangrowth
|move|p2a: Ferrothorn|Knock Off|p1a: Tangrowth
|-crit|p1a: Tangrowth
|-damage|p1a: Tangrowth|77\/100
|-enditem|p1a: Tangrowth|Assault Vest|[from] move: Knock Off|[of] p2a: Ferrothorn
|
|-damage|p2a: Ferrothorn|25\/100 brn|[from] brn
|upkeep
|turn|36
|
|t:|1621625517
|move|p1a: Tangrowth|Earthquake|p2a: Ferrothorn
|-damage|p2a: Ferrothorn|12\/100 brn
|move|p2a: Ferrothorn|Stealth Rock|p1a: Tangrowth
|-sidestart|p1: pupugugu|move: Stealth Rock
|
|-damage|p2a: Ferrothorn|5\/100 brn|[from] brn
|upkeep
|turn|37
|
|t:|1621625524
|move|p1a: Tangrowth|Earthquake|p2a: Ferrothorn
|-damage|p2a: Ferrothorn|0 fnt
|faint|p2a: Ferrothorn
|
|upkeep
|
|t:|1621625529
|switch|p2a: Heracross|Heracross, M, shiny|33\/100
|turn|38
|j| wooperson's
|j| Regic Boat
|
|t:|1621625542
|switch|p1a: Wishiwashi|Wishiwashi-Mega-School, F|88\/100
|-damage|p1a: Wishiwashi|76\/100|[from] Stealth Rock
|-start|p1a: Wishiwashi|typechange|Water|[silent]
|move|p2a: Heracross|Close Combat|p1a: Wishiwashi
|-damage|p1a: Wishiwashi|47\/100
|-unboost|p2a: Heracross|def|1
|-unboost|p2a: Heracross|spd|1
|
|upkeep
|turn|39
|
|t:|1621625547
|move|p2a: Heracross|Close Combat|p1a: Wishiwashi
|-damage|p1a: Wishiwashi|18\/100
|-unboost|p2a: Heracross|def|1
|-unboost|p2a: Heracross|spd|1
|move|p1a: Wishiwashi|Scald|p2a: Heracross
|-damage|p2a: Heracross|0 fnt
|faint|p2a: Heracross
|
|upkeep
|
|t:|1621625555
|switch|p2a: Tapu Koko|Tapu Koko|33\/100 brn
|-fieldstart|move: Electric Terrain|[from] ability: Electric Surge|[of] p2a: Tapu Koko
|turn|40
|c| Regic Boat|btw zama-c suspect tourney is tomorrow
|
|t:|1621625561
|move|p1a: Wishiwashi|Protect|p1a: Wishiwashi
|-singleturn|p1a: Wishiwashi|Protect
|move|p2a: Tapu Koko|Volt Switch|p1a: Wishiwashi
|-activate|p1a: Wishiwashi|move: Protect
|
|-damage|p2a: Tapu Koko|26\/100 brn|[from] brn
|upkeep
|turn|41
|
|t:|1621625568
|move|p1a: Wishiwashi|Protect|p1a: Wishiwashi
|-singleturn|p1a: Wishiwashi|Protect
|move|p2a: Tapu Koko|Volt Switch|p1a: Wishiwashi
|-activate|p1a: Wishiwashi|move: Protect
|
|-damage|p2a: Tapu Koko|20\/100 brn|[from] brn
|upkeep
|turn|42
|
|t:|1621625572
|move|p2a: Tapu Koko|Volt Switch|p1a: Wishiwashi
|-supereffective|p1a: Wishiwashi
|-damage|p1a: Wishiwashi|0 fnt
|faint|p1a: Wishiwashi
|
|t:|1621625577
|switch|p2a: Landorus|Landorus-Therian, M|85\/100|[from]move: Volt Switch
|
|upkeep
|
|t:|1621625582
|switch|p1a: Tangrowth|Tangrowth, M|100\/100
|-damage|p1a: Tangrowth|88\/100|[from] Stealth Rock
|turn|43
|j| TheRubySamurai
|
|t:|1621625592
|switch|p2a: Tapu Koko|Tapu Koko|20\/100 brn
|move|p1a: Tangrowth|Giga Drain|p2a: Tapu Koko
|-damage|p2a: Tapu Koko|0 fnt
|-heal|p1a: Tangrowth|95\/100|[from] drain|[of] p2a: Tapu Koko
|faint|p2a: Tapu Koko
|
|upkeep
|c| TheRubySamurai|Goatgugu
|
|t:|1621625597
|switch|p2a: Landorus|Landorus-Therian, M|85\/100
|-ability|p2a: Landorus|Intimidate|boost
|-unboost|p1a: Tangrowth|atk|1
|turn|44
|
|t:|1621625604
|move|p2a: Landorus|Stone Edge|p1a: Tangrowth
|-damage|p1a: Tangrowth|68\/100
|move|p1a: Tangrowth|Hidden Power|p2a: Landorus
|-supereffective|p2a: Landorus
|-damage|p2a: Landorus|12\/100
|
|-fieldend|move: Electric Terrain
|upkeep
|turn|45
|c|☆pupugugu|gg
|
|t:|1621625609
|move|p2a: Landorus|Stone Edge|p1a: Tangrowth
|-damage|p1a: Tangrowth|42\/100
|move|p1a: Tangrowth|Hidden Power|p2a: Landorus
|-supereffective|p2a: Landorus
|-damage|p2a: Landorus|0 fnt
|faint|p2a: Landorus
|
|win|pupugugu
|l|☆E6R</script>
</div>
<div class="battle-log battle-log-inline"><div class="inner"><div class="battle-options"><div style="padding-top: 3px; padding-right: 3px; text-align: right"><button class="icon button" name="openBattleOptions" title="Options">Battle Options</button></div></div><div class="inner message-log"><div class="chat"><small>☆pupugugu and ☆E6R joined</small></div><div class=""><small>Format:</small> <br><strong>[Gen 8] M4A Suspect</strong></div><div class="rated"><strong>Tournament battle</strong></div><div class=""><small><em>HP Percentage Mod:</em> HP is shown in percentages</small></div><div class=""><small><em>Endless Battle Clause:</em> Forcing endless battles is banned</small></div><div class=""><small><em>OHKO Clause:</em> OHKO moves are banned</small></div><div class=""><small><em>Evasion Moves Clause:</em> Evasion moves are banned</small></div><div class=""><small><em>Species Clause:</em> Limit one of each Pokémon</small></div><div class=""><small><em>Dynamax Clause:</em> You cannot dynamax</small></div><div class=""><small><em>Sleep Clause Mod:</em> Limit one foe put to sleep</small></div><div class=""><small><em>Freeze Clause Mod:</em> Limit one foe frozen</small></div><div class="chat"><img src="https://www.smogon.com/forums/attachments/banner_2-png.302358/" height="65" width="381"></div><div class="spacer battle-history"><br></div><div class="battle-history"><small>Welcome to Megas for All!</small><br></div><div class="battle-history"><small>This is a National Dex-based format where we aim to give a new Mega Evolution to every Pokémon.</small><br></div><div class="battle-history"><small>Just like any official format, you can still only Mega Evolve one Pokémon per team!</small><br></div><div class="battle-history"><small>You can find our thread and metagame resources here:</small><br></div><div class="battle-history"><small>https://www.smogon.com/forums/threads/3671140/</small><br></div><div class="chat battle-history"><strong>pupugugu's team:</strong> <em style="color:#445566;display:block;">Zamazenta-Crowned / Wishiwashi / Rotom-Heat / Tangrowth / Dragonite / Kommo-o</em></div><div class="chat battle-history"><strong>E6R's team:</strong> <em style="color:#445566;display:block;">Heracross / Landorus-Therian / Ferrothorn / Clefable / Tapu Koko / Gliscor</em></div><div class="chat"><small>#inkbug1 joined</small></div><div class="chat chatmessage-pupugugu"><strong style="color:#2b7b91"><small>☆</small><span class="username" data-name="pupugugu">pupugugu</span>:</strong> <em>glhf!</em></div><div class="spacer battle-history"><br></div><div class="battle-history">Battle started between pupugugu and E6R!<br></div><div class="spacer battle-history"><br></div><div class="battle-history">Go! <strong>Wishiwashi</strong>!<br></div><div class="spacer battle-history"><br></div><div class="battle-history">E6R sent out <strong>Ferrothorn</strong>!<br></div><div class="battle-history">[Wishiwashi's Schooling]<br>Wishiwashi formed a school!<br></div><div class="spacer battle-history"><br></div><h2 class="battle-history">Turn 1</h2><div class="spacer battle-history"><br></div><div class="battle-history"><small>Wishiwashi's Wishiwashinite is reacting to the Key Stone!</small><br>Wishiwashi has Mega Evolved into Mega Wishiwashi!<br></div><div class="battle-history"><small>Startled by the Mega Evolution, Wishiwashi's school dispersed...</small><br></div><div class="chat"><ul class="utilichart"><li class="result"><span class="col pokemonnamecol" style="white-space: nowrap">Wishiwashi-Mega</span> <span class="col typecol"><img src="https://play.pokemonshowdown.com/sprites/types/Water.png" alt="Water" height="14" width="32"></span> <span style="float: left ; min-height: 26px"><span class="col abilitycol">SOS</span><span class="col abilitycol"></span></span><span style="float: left ; min-height: 26px"><span class="col statcol"><em>HP</em><br>45</span> <span class="col statcol"><em>Atk</em><br>40</span> <span class="col statcol"><em>Def</em><br>40</span> <span class="col statcol"><em>SpA</em><br>45</span> <span class="col statcol"><em>SpD</em><br>45</span> <span class="col statcol"><em>Spe</em><br>60</span> </span></li><li style="clear: both"></li></ul></div><div class="spacer battle-history"><br></div><div class="battle-history">Wishiwashi used <strong>Scald</strong>!<br></div><div class="battle-history"><small>It's not very effective...</small><br></div><div class="battle-history"><small>(The opposing Ferrothorn lost 6% of its health!)</small><br></div><div class="battle-history"><small>The opposing Ferrothorn was burned!</small><br></div><div class="spacer battle-history"><br></div><div class="battle-history">The opposing Ferrothorn used <strong>Stealth Rock</strong>!<br></div><div class="battle-history"><small>Pointed stones float in the air around your team!</small><br></div><div class="spacer battle-history"><br></div><div class="battle-history"><small>The opposing Ferrothorn restored a little HP using its Leftovers!</small><br></div><div class="battle-history"><small>The opposing Ferrothorn was hurt by its burn!</small><br></div><div class="battle-history">[Wishiwashi's SOS]<br></div><div class="battle-history"><small>Wishiwashi called for help!</small><br></div><div class="battle-history"><small>More of Wishiwashi's friends came together!</small><br></div><div class="chat"><ul class="utilichart"><li class="result"><span class="col pokemonnamecol" style="white-space: nowrap">Wishiwashi-Mega-1</span> <span class="col typecol"><img src="https://play.pokemonshowdown.com/sprites/types/Water.png" alt="Water" height="14" width="32"></span> <span style="float: left ; min-height: 26px"><span class="col abilitycol">SOS</span><span class="col abilitycol"></span></span><span style="float: left ; min-height: 26px"><span class="col statcol"><em>HP</em><br>55</span> <span class="col statcol"><em>Atk</em><br>60</span> <span class="col statcol"><em>Def</em><br>65</span> <span class="col statcol"><em>SpA</em><br>65</span> <span class="col statcol"><em>SpD</em><br>70</span> <span class="col statcol"><em>Spe</em><br>49</span> </span></li><li style="clear: both"></li></ul></div><div class="spacer battle-history"><br></div><h2 class="battle-history">Turn 2</h2><div class="spacer battle-history"><br></div><div class="battle-history">Wishiwashi used <strong>Wish</strong>!<br></div><div class="spacer battle-history"><br></div><div class="battle-history">The opposing Ferrothorn used <strong>Leech Seed</strong>!<br></div><div class="battle-history"><small>Wishiwashi was seeded!</small><br></div><div class="spacer battle-history"><br></div><div class="battle-history"><small>The opposing Ferrothorn restored a little HP using its Leftovers!</small><br></div><div class="battle-history"><small>Wishiwashi's health is sapped by Leech Seed!</small><br></div><div class="battle-history"><small>The opposing Ferrothorn was hurt by its burn!</small><br></div><div class="battle-history">[Wishiwashi's SOS]<br></div><div class="battle-history"><small>Wishiwashi called for help!</small><br></div><div class="battle-history"><small>More of Wishiwashi's friends came together!</small><br></div><div class="chat"><ul class="utilichart"><li class="result"><span class="col pokemonnamecol" style="white-space: nowrap">Wishiwashi-Mega-2</span> <span class="col typecol"><img src="https://play.pokemonshowdown.com/sprites/types/Water.png" alt="Water" height="14" width="32"></span> <span style="float: left ; min-height: 26px"><span class="col abilitycol">SOS</span><span class="col abilitycol"></span></span><span style="float: left ; min-height: 26px"><span class="col statcol"><em>HP</em><br>65</span> <span class="col statcol"><em>Atk</em><br>80</span> <span class="col statcol"><em>Def</em><br>90</span> <span class="col statcol"><em>SpA</em><br>85</span> <span class="col statcol"><em>SpD</em><br>95</span> <span class="col statcol"><em>Spe</em><br>38</span> </span></li><li style="clear: both"></li></ul></div><div class="spacer battle-history"><br></div><h2 class="battle-history">Turn 3</h2><div class="spacer battle-history"><br></div><div class="battle-history">Wishiwashi used <strong>Scald</strong>!<br></div><div class="battle-history"><small>It's not very effective...</small><br></div><div class="battle-history"><small>(The opposing Ferrothorn lost 10% of its health!)</small><br></div><div class="spacer battle-history"><br></div><div class="battle-history">The opposing Ferrothorn used <strong>Gyro Ball</strong>!<br></div><div class="battle-history"><small>It's not very effective...</small><br></div><div class="battle-history"><small>(Wishiwashi lost 5% of its health!)</small><br></div><div class="spacer battle-history"><br></div><div class="battle-history"><small>Wishiwashi's wish came true!</small><br></div><div class="battle-history"><small>The opposing Ferrothorn restored a little HP using its Leftovers!</small><br></div><div class="battle-history"><small>Wishiwashi's health is sapped by Leech Seed!</small><br></div><div class="battle-history"><small>The opposing Ferrothorn was hurt by its burn!</small><br></div><div class="battle-history">[Wishiwashi's SOS]<br></div><div class="battle-history"><small>Wishiwashi called for help!</small><br></div><div class="battle-history"><small>More of Wishiwashi's friends came together!</small><br></div><div class="chat"><ul class="utilichart"><li class="result"><span class="col pokemonnamecol" style="white-space: nowrap">Wishiwashi-Mega-3</span> <span class="col typecol"><img src="https://play.pokemonshowdown.com/sprites/types/Water.png" alt="Water" height="14" width="32"></span> <span style="float: left ; min-height: 26px"><span class="col abilitycol">SOS</span><span class="col abilitycol"></span></span><span style="float: left ; min-height: 26px"><span class="col statcol"><em>HP</em><br>75</span> <span class="col statcol"><em>Atk</em><br>100</span> <span class="col statcol"><em>Def</em><br>115</span> <span class="col statcol"><em>SpA</em><br>105</span> <span class="col statcol"><em>SpD</em><br>120</span> <span class="col statcol"><em>Spe</em><br>27</span> </span></li><li style="clear: both"></li></ul></div><div class="spacer battle-history"><br></div><h2 class="battle-history">Turn 4</h2><div class="spacer battle-history"><br></div><div class="battle-history">E6R withdrew Ferrothorn!<br></div><div class="battle-history">E6R sent out <strong>Tapu Koko</strong>!<br></div><div class="battle-history">[The opposing Tapu Koko's Electric Surge]<br><small>An electric current ran across the battlefield!</small><br></div><div class="spacer battle-history"><br></div><div class="battle-history">Wishiwashi used <strong>Wish</strong>!<br></div><div class="spacer battle-history"><br></div><div class="battle-history"><small>Wishiwashi's health is sapped by Leech Seed!</small><br></div><div class="battle-history">[Wishiwashi's SOS]<br></div><div class="battle-history"><small>Wishiwashi called for help!</small><br></div><div class="battle-history"><small>More of Wishiwashi's friends came together!</small><br></div><div class="chat"><ul class="utilichart"><li class="result"><span class="col pokemonnamecol" style="white-space: nowrap">Wishiwashi-Mega-4</span> <span class="col typecol"><img src="https://play.pokemonshowdown.com/sprites/types/Water.png" alt="Water" height="14" width="32"></span> <span style="float: left ; min-height: 26px"><span class="col abilitycol">SOS</span><span class="col abilitycol"></span></span><span style="float: left ; min-height: 26px"><span class="col statcol"><em>HP</em><br>85</span> <span class="col statcol"><em>Atk</em><br>120</span> <span class="col statcol"><em>Def</em><br>140</span> <span class="col statcol"><em>SpA</em><br>125</span> <span class="col statcol"><em>SpD</em><br>145</span> <span class="col statcol"><em>Spe</em><br>16</span> </span></li><li style="clear: both"></li></ul></div><div class="spacer battle-history"><br></div><h2 class="battle-history">Turn 5</h2><div class="spacer battle-history"><br></div><div class="battle-history">Wishiwashi, come back!<br></div><div class="battle-history">Go! <strong>Tangrowth</strong>!<br></div><div class="battle-history"><small>Pointed stones dug into Tangrowth!</small><br></div><div class="spacer battle-history"><br></div><div class="battle-history">The opposing Tapu Koko used <strong>Thunderbolt</strong>!<br></div><div class="battle-history"><small>It's not very effective...</small><br></div><div class="battle-history"><small>(Tangrowth lost 21% of its health!)</small><br></div><div class="spacer battle-history"><br></div><div class="battle-history"><small>Wishiwashi's wish came true!</small><br></div><div class="spacer battle-history"><br></div><h2 class="battle-history">Turn 6</h2><div class="spacer battle-history"><br></div><div class="battle-history">E6R withdrew Tapu Koko!<br></div><div class="battle-history">E6R sent out <strong>Heracross</strong>!<br></div><div class="spacer battle-history"><br></div><div class="battle-history">Tangrowth used <strong>Knock Off</strong>!<br></div><div class="battle-history"><small>It's not very effective...</small><br></div><div class="battle-history"><small>A critical hit!</small><br></div><div class="battle-history"><small>(The opposing Heracross lost 25% of its health!)</small><br></div><div class="battle-history"><small>Tangrowth knocked off the opposing Heracross's Choice Scarf!</small><br></div><div class="spacer battle-history"><br></div><h2 class="battle-history">Turn 7</h2><div class="spacer battle-history"><br></div><div class="battle-history">Tangrowth, come back!<br></div><div class="battle-history">Go! Wishiwashi (<strong>Wishiwashi-Mega-4</strong>)!<br></div><div class="battle-history"><small>Pointed stones dug into Wishiwashi!</small><br></div><div class="spacer battle-history"><br></div><div class="battle-history">The opposing Heracross used <strong>Megahorn</strong>!<br></div><div class="battle-history"><small>(Wishiwashi lost 31% of its health!)</small><br></div><div class="spacer battle-history"><br></div><h2 class="battle-history">Turn 8</h2><div class="spacer battle-history"><br></div><div class="battle-history">Wishiwashi used <strong>Protect</strong>!<br></div><div class="battle-history"><small>Wishiwashi protected itself!</small><br></div><div class="spacer battle-history"><br></div><div class="battle-history">The opposing Heracross used <strong>Megahorn</strong>!<br></div><div class="battle-history"><small>Wishiwashi protected itself!</small><br></div><div class="spacer battle-history"><br></div><div class="battle-history"><small>The electricity disappeared from the battlefield.</small><br></div><div class="battle-history">[Wishiwashi's SOS]<br></div><div class="battle-history"><small>Wishiwashi called for help!</small><br></div><div class="battle-history"><small>More of Wishiwashi's friends came together!</small><br></div><div class="chat"><ul class="utilichart"><li class="result"><span class="col pokemonnamecol" style="white-space: nowrap">Wishiwashi-Mega-School</span> <span class="col typecol"><img src="https://play.pokemonshowdown.com/sprites/types/Water.png" alt="Water" height="14" width="32"></span> <span style="float: left ; min-height: 26px"><span class="col abilitycol">SOS</span><span class="col abilitycol"></span></span><span style="float: left ; min-height: 26px"><span class="col statcol"><em>HP</em><br>95</span> <span class="col statcol"><em>Atk</em><br>140</span> <span class="col statcol"><em>Def</em><br>165</span> <span class="col statcol"><em>SpA</em><br>145</span> <span class="col statcol"><em>SpD</em><br>170</span> <span class="col statcol"><em>Spe</em><br>5</span> </span></li><li style="clear: both"></li></ul></div><div class="spacer battle-history"><br></div><h2 class="battle-history">Turn 9</h2><div class="spacer battle-history"><br></div><div class="battle-history">The opposing Heracross used <strong>Close Combat</strong>!<br></div><div class="battle-history"><small>(Wishiwashi lost 27% of its health!)</small><br></div><div class="battle-history"><small>The opposing Heracross's Defense fell!</small><br></div><div class="battle-history"><small>The opposing Heracross's Sp. Def fell!</small><br></div><div class="spacer battle-history"><br></div><div class="battle-history">Wishiwashi used <strong>Wish</strong>!<br></div><div class="spacer battle-history"><br></div><h2 class="battle-history">Turn 10</h2><div class="spacer battle-history"><br></div><div class="battle-history">Wishiwashi used <strong>Protect</strong>!<br></div><div class="battle-history"><small>Wishiwashi protected itself!</small><br></div><div class="spacer battle-history"><br></div><div class="battle-history">The opposing Heracross used <strong>Megahorn</strong>!<br></div><div class="battle-history"><small>Wishiwashi protected itself!</small><br></div><div class="spacer battle-history"><br></div><div class="battle-history"><small>Wishiwashi's wish came true!</small><br></div><div class="spacer battle-history"><br></div><h2 class="battle-history">Turn 11</h2><div class="spacer battle-history"><br></div><div class="battle-history">E6R withdrew Heracross!<br></div><div class="battle-history">E6R sent out <strong>Tapu Koko</strong>!<br></div><div class="battle-history">[The opposing Tapu Koko's Electric Surge]<br><small>An electric current ran across the battlefield!</small><br></div><div class="spacer battle-history"><br></div><div class="battle-history">Wishiwashi used <strong>Wish</strong>!<br></div><div class="spacer battle-history"><br></div><h2 class="battle-history">Turn 12</h2><div class="spacer battle-history"><br></div><div class="battle-history">Wishiwashi used <strong>Protect</strong>!<br></div><div class="battle-history"><small>Wishiwashi protected itself!</small><br></div><div class="spacer battle-history"><br></div><div class="battle-history">The opposing Tapu Koko used <strong>Volt Switch</strong>!<br></div><div class="battle-history"><small>Wishiwashi protected itself!</small><br></div><div class="spacer battle-history"><br></div><div class="battle-history"><small>Wishiwashi's wish came true!</small><br></div><div class="spacer battle-history"><br></div><h2 class="battle-history">Turn 13</h2><div class="spacer battle-history"><br></div><div class="battle-history">The opposing Tapu Koko used <strong>Volt Switch</strong>!<br></div><div class="battle-history"><small>It's super effective!</small><br></div><div class="battle-history"><small>(Wishiwashi lost 57% of its health!)</small><br></div><div class="spacer battle-history"><br></div><div class="battle-history">The opposing Tapu Koko went back to E6R!<br></div><div class="battle-history">E6R sent out <strong>Clefable</strong>!<br></div><div class="spacer battle-history"><br></div><div class="battle-history">Wishiwashi used <strong>Wish</strong>!<br></div><div class="spacer battle-history"><br></div><h2 class="battle-history">Turn 14</h2><div class="spacer battle-history"><br></div><div class="battle-history"><small>The opposing Clefable's Clefabite is reacting to the Key Stone!</small><br>The opposing Clefable has Mega Evolved into Mega Clefable!<br></div><div class="chat"><ul class="utilichart"><li class="result"><span class="col pokemonnamecol" style="white-space: nowrap">Clefable-Mega</span> <span class="col typecol"><img src="https://play.pokemonshowdown.com/sprites/types/Fairy.png" alt="Fairy" height="14" width="32"><img src="https://play.pokemonshowdown.com/sprites/types/Ghost.png" alt="Ghost" height="14" width="32"></span> <span style="float: left ; min-height: 26px"><span class="col abilitycol">Prankster</span><span class="col abilitycol"></span></span><span style="float: left ; min-height: 26px"><span class="col statcol"><em>HP</em><br>95</span> <span class="col statcol"><em>Atk</em><br>80</span> <span class="col statcol"><em>Def</em><br>83</span> <span class="col statcol"><em>SpA</em><br>125</span> <span class="col statcol"><em>SpD</em><br>90</span> <span class="col statcol"><em>Spe</em><br>110</span> </span></li><li style="clear: both"></li></ul></div><div class="spacer battle-history"><br></div><div class="battle-history">The opposing Clefable used <strong>Moonblast</strong>!<br></div><div class="battle-history"><small>(Wishiwashi lost 22% of its health!)</small><br></div><div class="spacer battle-history"><br></div><div class="battle-history">Wishiwashi used <strong>Scald</strong>!<br></div><div class="battle-history"><small>(The opposing Clefable lost 26% of its health!)</small><br></div><div class="battle-history"><small>The opposing Clefable was burned!</small><br></div><div class="spacer battle-history"><br></div><div class="battle-history"><small>Wishiwashi's wish came true!</small><br></div><div class="battle-history"><small>The opposing Clefable was hurt by its burn!</small><br></div><div class="spacer battle-history"><br></div><h2 class="battle-history">Turn 15</h2><div class="spacer battle-history"><br></div><div class="battle-history">The opposing Clefable used <strong>Moonblast</strong>!<br></div><div class="battle-history"><small>(Wishiwashi lost 24% of its health!)</small><br></div><div class="spacer battle-history"><br></div><div class="battle-history">Wishiwashi used <strong>U-turn</strong>!<br></div><div class="battle-history"><small>It's not very effective...</small><br></div><div class="battle-history"><small>(The opposing Clefable lost 4% of its health!)</small><br></div><div class="spacer battle-history"><br></div><div class="battle-history">Wishiwashi went back to pupugugu!<br></div><div class="battle-history">Go! Zamazenta (<strong>Zamazenta-Crowned</strong>)!<br></div><div class="battle-history"><small>Pointed stones dug into Zamazenta!</small><br></div><div class="battle-history">[Zamazenta's Dauntless Shield]<br></div><div class="battle-history"><small>Zamazenta's Defense rose!</small><br></div><div class="spacer battle-history"><br></div><div class="battle-history"><small>The opposing Clefable was hurt by its burn!</small><br></div><div class="battle-history"><small>The electricity disappeared from the battlefield.</small><br></div><div class="spacer battle-history"><br></div><h2 class="battle-history">Turn 16</h2><div class="spacer battle-history"><br></div><div class="battle-history">Zamazenta used <strong>Behemoth Bash</strong>!<br></div><div class="battle-history"><small>It's super effective!</small><br></div><div class="battle-history"><small>(The opposing Clefable lost 58% of its health!)</small><br></div><div class="spacer battle-history"><br></div><div class="battle-history">The opposing Clefable fainted!<br></div><div class="spacer battle-history"><br></div><div class="battle-history">E6R sent out Landorus (<strong>Landorus-Therian</strong>)!<br></div><div class="battle-history">[The opposing Landorus's Intimidate]<br></div><div class="battle-history"><small>Zamazenta's Attack fell!</small><br></div><div class="spacer battle-history"><br></div><h2 class="battle-history">Turn 17</h2><div class="spacer battle-history"><br></div><div class="battle-history">Zamazenta, come back!<br></div><div class="battle-history">Go! Rotom (<strong>Rotom-Heat</strong>)!<br></div><div class="spacer battle-history"><br></div><div class="battle-history">The opposing Landorus used <strong>Knock Off</strong>!<br></div><div class="battle-history"><small>(Rotom lost 36% of its health!)</small><br></div><div class="battle-history"><small>The opposing Landorus knocked off Rotom's Heavy-Duty Boots!</small><br></div><div class="spacer battle-history"><br></div><h2 class="battle-history">Turn 18</h2><div class="spacer battle-history"><br></div><div class="battle-history">The opposing Landorus used <strong>Knock Off</strong>!<br></div><div class="battle-history"><small>(Rotom lost 27% of its health!)</small><br></div><div class="spacer battle-history"><br></div><div class="battle-history">Rotom used <strong>Defog</strong>!<br></div><div class="battle-history"><small>The opposing Landorus's evasiveness fell!</small><br></div><div class="battle-history"><small>The pointed stones disappeared from around your team!</small><br></div><div class="spacer battle-history"><br></div><h2 class="battle-history">Turn 19</h2><div class="spacer battle-history"><br></div><div class="battle-history">E6R withdrew Landorus!<br></div><div class="battle-history">E6R sent out <strong>Ferrothorn</strong>!<br></div><div class="spacer battle-history"><br></div><div class="battle-history">Rotom used <strong>Pain Split</strong>!<br></div><div class="battle-history"><small>The battlers shared their pain!</small><br></div><div class="spacer battle-history"><br></div><div class="battle-history"><small>The opposing Ferrothorn restored a little HP using its Leftovers!</small><br></div><div class="battle-history"><small>The opposing Ferrothorn was hurt by its burn!</small><br></div><div class="spacer battle-history"><br></div><h2 class="battle-history">Turn 20</h2><div class="spacer battle-history"><br></div><div class="battle-history">E6R withdrew Ferrothorn!<br></div><div class="battle-history">E6R sent out <strong>Gliscor</strong>!<br></div><div class="spacer battle-history"><br></div><div class="battle-history">Rotom used <strong>Overheat</strong>!<br></div><div class="battle-history"><small>(The opposing Gliscor lost 63% of its health!)</small><br></div><div class="battle-history"><small>Rotom's Sp. Atk fell harshly!</small><br></div><div class="spacer battle-history"><br></div><div class="battle-history"><small>The opposing Gliscor was badly poisoned!</small><br></div><div class="spacer battle-history"><br></div><h2 class="battle-history">Turn 21</h2><div class="spacer battle-history"><br></div><div class="battle-history">Rotom, come back!<br></div><div class="battle-history">Go! Wishiwashi (<strong>Wishiwashi-Mega-School</strong>)!<br></div><div class="spacer battle-history"><br></div><div class="battle-history">The opposing Gliscor used <strong>Roost</strong>!<br></div><div class="battle-history"><small>The opposing Gliscor had its HP restored.</small><br></div><div class="battle-history"><small>(The opposing Gliscor loses Flying type this turn.)</small><br></div><div class="spacer battle-history"><br></div><div class="battle-history">[The opposing Gliscor's Poison Heal]<br><small>The opposing Gliscor had its HP restored.</small><br></div><div class="spacer battle-history"><br></div><h2 class="battle-history">Turn 22</h2><div class="spacer battle-history"><br></div><div class="battle-history">The opposing Gliscor used <strong>Earthquake</strong>!<br></div><div class="battle-history"><small>(Wishiwashi lost 19% of its health!)</small><br></div><div class="spacer battle-history"><br></div><div class="battle-history">Wishiwashi used <strong>Wish</strong>!<br></div><div class="spacer battle-history"><br></div><div class="battle-history">[The opposing Gliscor's Poison Heal]<br><small>The opposing Gliscor had its HP restored.</small><br></div><div class="spacer battle-history"><br></div><h2 class="battle-history">Turn 23</h2><div class="spacer battle-history"><br></div><div class="battle-history">E6R withdrew Gliscor!<br></div><div class="battle-history">E6R sent out <strong>Heracross</strong>!<br></div><div class="spacer battle-history"><br></div><div class="battle-history">Wishiwashi used <strong>Scald</strong>!<br></div><div class="battle-history"><small>(The opposing Heracross lost 42% of its health!)</small><br></div><div class="spacer battle-history"><br></div><div class="battle-history"><small>Wishiwashi's wish came true!</small><br></div><div class="spacer battle-history"><br></div><h2 class="battle-history">Turn 24</h2><div class="spacer battle-history"><br></div><div class="battle-history">The opposing Heracross used <strong>Megahorn</strong>!<br></div><div class="battle-history"><small>Wishiwashi avoided the attack!</small><br></div><div class="spacer battle-history"><br></div><div class="battle-history">Wishiwashi used <strong>Wish</strong>!<br></div><div class="spacer battle-history"><br></div><h2 class="battle-history">Turn 25</h2><div class="spacer battle-history"><br></div><div class="battle-history">E6R withdrew Heracross!<br></div><div class="battle-history">E6R sent out <strong>Tapu Koko</strong>!<br></div><div class="battle-history">[The opposing Tapu Koko's Electric Surge]<br><small>An electric current ran across the battlefield!</small><br></div><div class="spacer battle-history"><br></div><div class="battle-history">Wishiwashi used <strong>Scald</strong>!<br></div><div class="battle-history"><small>(The opposing Tapu Koko lost 55% of its health!)</small><br></div><div class="battle-history"><small>The opposing Tapu Koko was burned!</small><br></div><div class="spacer battle-history"><br></div><div class="battle-history"><small>Wishiwashi's wish came true!</small><br></div><div class="battle-history"><small>The opposing Tapu Koko was hurt by its burn!</small><br></div><div class="spacer battle-history"><br></div><h2 class="battle-history">Turn 26</h2><div class="spacer battle-history"><br></div><div class="battle-history">Wishiwashi used <strong>Protect</strong>!<br></div><div class="battle-history"><small>Wishiwashi protected itself!</small><br></div><div class="spacer battle-history"><br></div><div class="battle-history">The opposing Tapu Koko used <strong>Dazzling Gleam</strong>!<br></div><div class="battle-history"><small>Wishiwashi protected itself!</small><br></div><div class="spacer battle-history"><br></div><div class="battle-history"><small>The opposing Tapu Koko was hurt by its burn!</small><br></div><div class="spacer battle-history"><br></div><h2 class="battle-history">Turn 27</h2><div class="spacer battle-history"><br></div><div class="battle-history">E6R withdrew Tapu Koko!<br></div><div class="battle-history">E6R sent out <strong>Gliscor</strong>!<br></div><div class="spacer battle-history"><br></div><div class="battle-history">Wishiwashi used <strong>Wish</strong>!<br></div><div class="spacer battle-history"><br></div><h2 class="battle-history">Turn 28</h2><div class="spacer battle-history"><br></div><div class="battle-history">The opposing Gliscor used <strong>Earthquake</strong>!<br></div><div class="battle-history"><small>(Wishiwashi lost 20% of its health!)</small><br></div><div class="spacer battle-history"><br></div><div class="battle-history">Wishiwashi used <strong>Scald</strong>!<br></div><div class="battle-history"><small>It's super effective!</small><br></div><div class="battle-history"><small>A critical hit!</small><br></div><div class="battle-history"><small>(The opposing Gliscor lost 100% of its health!)</small><br></div><div class="spacer battle-history"><br></div><div class="battle-history">The opposing Gliscor fainted!<br></div><div class="spacer battle-history"><br></div><div class="battle-history"><small>Wishiwashi's wish came true!</small><br></div><div class="spacer battle-history"><br></div><div class="battle-history">E6R sent out <strong>Ferrothorn</strong>!<br></div><div class="spacer battle-history"><br></div><h2 class="battle-history">Turn 29</h2><div class="spacer battle-history"><br></div><div class="battle-history">Wishiwashi, come back!<br></div><div class="battle-history">Go! Rotom (<strong>Rotom-Heat</strong>)!<br></div><div class="spacer battle-history"><br></div><div class="battle-history">The opposing Ferrothorn used <strong>Leech Seed</strong>!<br></div><div class="battle-history"><small>Rotom was seeded!</small><br></div><div class="spacer battle-history"><br></div><div class="battle-history"><small>The opposing Ferrothorn restored a little HP using its Leftovers!</small><br></div><div class="battle-history"><small>Rotom's health is sapped by Leech Seed!</small><br></div><div class="battle-history"><small>The opposing Ferrothorn was hurt by its burn!</small><br></div><div class="battle-history"><small>The electricity disappeared from the battlefield.</small><br></div><div class="spacer battle-history"><br></div><h2 class="battle-history">Turn 30</h2><div class="spacer battle-history"><br></div><div class="battle-history">E6R withdrew Ferrothorn!<br></div><div class="battle-history">E6R sent out Landorus (<strong>Landorus-Therian</strong>)!<br></div><div class="battle-history">[The opposing Landorus's Intimidate]<br></div><div class="battle-history"><small>Rotom's Attack fell!</small><br></div><div class="spacer battle-history"><br></div><div class="battle-history">Rotom used <strong>Overheat</strong>!<br></div><div class="battle-history"><small>The opposing Landorus avoided the attack!</small><br></div><div class="spacer battle-history"><br></div><div class="battle-history"><small>Rotom's health is sapped by Leech Seed!</small><br></div><div class="spacer battle-history"><br></div><h2 class="battle-history">Turn 31</h2><div class="spacer battle-history"><br></div><div class="battle-history">The opposing Landorus used <strong>Stone Edge</strong>!<br></div><div class="battle-history"><small>Rotom avoided the attack!</small><br></div><div class="spacer battle-history"><br></div><div class="battle-history">Rotom used <strong>Pain Split</strong>!<br></div><div class="battle-history"><small>The battlers shared their pain!</small><br></div><div class="spacer battle-history"><br></div><div class="battle-history"><small>Rotom's health is sapped by Leech Seed!</small><br></div><div class="spacer battle-history"><br></div><h2 class="battle-history">Turn 32</h2><div class="spacer battle-history"><br></div><div class="battle-history">The opposing Landorus used <strong>Stone Edge</strong>!<br></div><div class="battle-history"><small>It's super effective!</small><br></div><div class="battle-history"><small>(Rotom lost 65% of its health!)</small><br></div><div class="spacer battle-history"><br></div><div class="battle-history">Rotom fainted!<br></div><div class="spacer battle-history"><br></div><div class="battle-history">Go! Wishiwashi (<strong>Wishiwashi-Mega-School</strong>)!<br></div><div class="spacer battle-history"><br></div><h2 class="battle-history">Turn 33</h2><div class="spacer battle-history"><br></div><div class="battle-history">E6R withdrew Landorus!<br></div><div class="battle-history">E6R sent out <strong>Ferrothorn</strong>!<br></div><div class="spacer battle-history"><br></div><div class="battle-history">Wishiwashi used <strong>Scald</strong>!<br></div><div class="battle-history"><small>It's not very effective...</small><br></div><div class="battle-history"><small>(The opposing Ferrothorn lost 18% of its health!)</small><br></div><div class="spacer battle-history"><br></div><div class="battle-history"><small>The opposing Ferrothorn restored a little HP using its Leftovers!</small><br></div><div class="battle-history"><small>The opposing Ferrothorn was hurt by its burn!</small><br></div><div class="spacer battle-history"><br></div><h2 class="battle-history">Turn 34</h2><div class="spacer battle-history"><br></div><div class="battle-history">Wishiwashi used <strong>U-turn</strong>!<br></div><div class="battle-history"><small>(The opposing Ferrothorn lost 11% of its health!)</small><br></div><div class="battle-history">[The opposing Ferrothorn's Iron Barbs]<br><small>Wishiwashi was hurt!</small><br></div><div class="spacer battle-history"><br></div><div class="battle-history">Wishiwashi went back to pupugugu!<br></div><div class="battle-history">Go! <strong>Tangrowth</strong>!<br></div><div class="spacer battle-history"><br></div><div class="battle-history">The opposing Ferrothorn used <strong>Leech Seed</strong>!<br></div><div class="battle-history"><small>It doesn't affect Tangrowth...</small><br></div><div class="spacer battle-history"><br></div><div class="battle-history"><small>The opposing Ferrothorn restored a little HP using its Leftovers!</small><br></div><div class="battle-history"><small>The opposing Ferrothorn was hurt by its burn!</small><br></div><div class="spacer battle-history"><br></div><h2 class="battle-history">Turn 35</h2><div class="spacer battle-history"><br></div><div class="battle-history">Tangrowth used <strong>Knock Off</strong>!<br></div><div class="battle-history"><small>(The opposing Ferrothorn lost 14% of its health!)</small><br></div><div class="battle-history">[The opposing Ferrothorn's Iron Barbs]<br><small>Tangrowth was hurt!</small><br></div><div class="battle-history"><small>Tangrowth knocked off the opposing Ferrothorn's Leftovers!</small><br></div><div class="spacer battle-history"><br></div><div class="battle-history">The opposing Ferrothorn used <strong>Knock Off</strong>!<br></div><div class="battle-history"><small>A critical hit!</small><br></div><div class="battle-history"><small>(Tangrowth lost 11% of its health!)</small><br></div><div class="battle-history"><small>The opposing Ferrothorn knocked off Tangrowth's Assault Vest!</small><br></div><div class="spacer battle-history"><br></div><div class="battle-history"><small>The opposing Ferrothorn was hurt by its burn!</small><br></div><div class="spacer battle-history"><br></div><h2 class="battle-history">Turn 36</h2><div class="spacer battle-history"><br></div><div class="battle-history">Tangrowth used <strong>Earthquake</strong>!<br></div><div class="battle-history"><small>(The opposing Ferrothorn lost 13% of its health!)</small><br></div><div class="spacer battle-history"><br></div><div class="battle-history">The opposing Ferrothorn used <strong>Stealth Rock</strong>!<br></div><div class="battle-history"><small>Pointed stones float in the air around your team!</small><br></div><div class="spacer battle-history"><br></div><div class="battle-history"><small>The opposing Ferrothorn was hurt by its burn!</small><br></div><div class="spacer battle-history"><br></div><h2 class="battle-history">Turn 37</h2><div class="spacer battle-history"><br></div><div class="battle-history">Tangrowth used <strong>Earthquake</strong>!<br></div><div class="battle-history"><small>(The opposing Ferrothorn lost 5% of its health!)</small><br></div><div class="spacer battle-history"><br></div><div class="battle-history">The opposing Ferrothorn fainted!<br></div><div class="spacer battle-history"><br></div><div class="battle-history">E6R sent out <strong>Heracross</strong>!<br></div><div class="spacer battle-history"><br></div><h2 class="battle-history">Turn 38</h2><div class="chat"><small> wooperson's and  Regic Boat joined</small></div><div class="spacer battle-history"><br></div><div class="battle-history">Tangrowth, come back!<br></div><div class="battle-history">Go! Wishiwashi (<strong>Wishiwashi-Mega-School</strong>)!<br></div><div class="battle-history"><small>Pointed stones dug into Wishiwashi!</small><br></div><div class="spacer battle-history"><br></div><div class="battle-history">The opposing Heracross used <strong>Close Combat</strong>!<br></div><div class="battle-history"><small>(Wishiwashi lost 29% of its health!)</small><br></div><div class="battle-history"><small>The opposing Heracross's Defense fell!</small><br></div><div class="battle-history"><small>The opposing Heracross's Sp. Def fell!</small><br></div><div class="spacer battle-history"><br></div><h2 class="battle-history">Turn 39</h2><div class="spacer battle-history"><br></div><div class="battle-history">The opposing Heracross used <strong>Close Combat</strong>!<br></div><div class="battle-history"><small>(Wishiwashi lost 29% of its health!)</small><br></div><div class="battle-history"><small>The opposing Heracross's Defense fell!</small><br></div><div class="battle-history"><small>The opposing Heracross's Sp. Def fell!</small><br></div><div class="spacer battle-history"><br></div><div class="battle-history">Wishiwashi used <strong>Scald</strong>!<br></div><div class="battle-history"><small>(The opposing Heracross lost 33% of its health!)</small><br></div><div class="spacer battle-history"><br></div><div class="battle-history">The opposing Heracross fainted!<br></div><div class="spacer battle-history"><br></div><div class="battle-history">E6R sent out <strong>Tapu Koko</strong>!<br></div><div class="battle-history">[The opposing Tapu Koko's Electric Surge]<br><small>An electric current ran across the battlefield!</small><br></div><div class="spacer battle-history"><br></div><h2 class="battle-history">Turn 40</h2><div class="chat chatmessage-regicboat"><strong style="color:#7732e7"><small> </small><span class="username" data-name="Regic Boat">Regic Boat</span>:</strong> <em>btw zama-c suspect tourney is tomorrow</em></div><div class="spacer battle-history"><br></div><div class="battle-history">Wishiwashi used <strong>Protect</strong>!<br></div><div class="battle-history"><small>Wishiwashi protected itself!</small><br></div><div class="spacer battle-history"><br></div><div class="battle-history">The opposing Tapu Koko used <strong>Volt Switch</strong>!<br></div><div class="battle-history"><small>Wishiwashi protected itself!</small><br></div><div class="spacer battle-history"><br></div><div class="battle-history"><small>The opposing Tapu Koko was hurt by its burn!</small><br></div><div class="spacer battle-history"><br></div><h2 class="battle-history">Turn 41</h2><div class="spacer battle-history"><br></div><div class="battle-history">Wishiwashi used <strong>Protect</strong>!<br></div><div class="battle-history"><small>Wishiwashi protected itself!</small><br></div><div class="spacer battle-history"><br></div><div class="battle-history">The opposing Tapu Koko used <strong>Volt Switch</strong>!<br></div><div class="battle-history"><small>Wishiwashi protected itself!</small><br></div><div class="spacer battle-history"><br></div><div class="battle-history"><small>The opposing Tapu Koko was hurt by its burn!</small><br></div><div class="spacer battle-history"><br></div><h2 class="battle-history">Turn 42</h2><div class="spacer battle-history"><br></div><div class="battle-history">The opposing Tapu Koko used <strong>Volt Switch</strong>!<br></div><div class="battle-history"><small>It's super effective!</small><br></div><div class="battle-history"><small>(Wishiwashi lost 18% of its health!)</small><br></div><div class="spacer battle-history"><br></div><div class="battle-history">Wishiwashi fainted!<br></div><div class="spacer battle-history"><br></div><div class="battle-history">The opposing Tapu Koko went back to E6R!<br></div><div class="battle-history">E6R sent out Landorus (<strong>Landorus-Therian</strong>)!<br></div><div class="spacer battle-history"><br></div><div class="battle-history">Go! <strong>Tangrowth</strong>!<br></div><div class="battle-history"><small>Pointed stones dug into Tangrowth!</small><br></div><div class="spacer battle-history"><br></div><h2 class="battle-history">Turn 43</h2><div class="chat"><small> TheRubySamurai joined</small></div><div class="spacer battle-history"><br></div><div class="battle-history">E6R withdrew Landorus!<br></div><div class="battle-history">E6R sent out <strong>Tapu Koko</strong>!<br></div><div class="spacer battle-history"><br></div><div class="battle-history">Tangrowth used <strong>Giga Drain</strong>!<br></div><div class="battle-history"><small>(The opposing Tapu Koko lost 20% of its health!)</small><br></div><div class="battle-history"><small>The opposing Tapu Koko had its energy drained!</small><br></div><div class="spacer battle-history"><br></div><div class="battle-history">The opposing Tapu Koko fainted!<br></div><div class="chat chatmessage-therubysamurai"><strong style="color:#de177a"><small> </small><span class="username" data-name="TheRubySamurai">TheRubySamurai</span>:</strong> <em>Goatgugu</em></div><div class="spacer battle-history"><br></div><div class="battle-history">E6R sent out Landorus (<strong>Landorus-Therian</strong>)!<br></div><div class="battle-history">[The opposing Landorus's Intimidate]<br></div><div class="battle-history"><small>Tangrowth's Attack fell!</small><br></div><div class="spacer battle-history"><br></div><h2 class="battle-history">Turn 44</h2><div class="spacer battle-history"><br></div><div class="battle-history">The opposing Landorus used <strong>Stone Edge</strong>!<br></div><div class="battle-history"><small>(Tangrowth lost 27% of its health!)</small><br></div><div class="spacer battle-history"><br></div><div class="battle-history">Tangrowth used <strong>Hidden Power</strong>!<br></div><div class="battle-history"><small>It's super effective!</small><br></div><div class="battle-history"><small>(The opposing Landorus lost 73% of its health!)</small><br></div><div class="spacer battle-history"><br></div><div class="battle-history"><small>The electricity disappeared from the battlefield.</small><br></div><div class="spacer battle-history"><br></div><h2 class="battle-history">Turn 45</h2><div class="chat chatmessage-pupugugu"><strong style="color:#2b7b91"><small>☆</small><span class="username" data-name="pupugugu">pupugugu</span>:</strong> <em>gg</em></div><div class="spacer battle-history"><br></div><div class="battle-history">The opposing Landorus used <strong>Stone Edge</strong>!<br></div><div class="battle-history"><small>(Tangrowth lost 26% of its health!)</small><br></div><div class="spacer battle-history"><br></div><div class="battle-history">Tangrowth used <strong>Hidden Power</strong>!<br></div><div class="battle-history"><small>It's super effective!</small><br></div><div class="battle-history"><small>(The opposing Landorus lost 12% of its health!)</small><br></div><div class="spacer battle-history"><br></div><div class="battle-history">The opposing Landorus fainted!<br></div><div class="spacer battle-history"><br></div><div class="battle-history"><strong>pupugugu</strong> won the battle!<br></div><div class="chat"><small>☆E6R left</small></div></div><div class="inner-preempt message-log"></div></div></div>
</div>
<script>
let daily = Math.floor(Date.now()/1000/60/60/24);document.write('<script src="https://dragonheaven.herokuapp.com/js/replay-embed.js?version'+daily+'"></'+'script>');
</script>
