<!DOCTYPE html>
<meta charset="utf-8" />
<!-- version 1 -->
<title>[Gen 8] M4A VGC replay: TerraTerra1 vs. ASnomPlaysShowdown</title>
<style>
html,body {font-family:Verdana, sans-serif;font-size:10pt;margin:0;padding:0;}body{padding:12px 0;} .battle-log {font-family:Verdana, sans-serif;font-size:10pt;} .battle-log-inline {border:1px solid #AAAAAA;background:#EEF2F5;color:black;max-width:640px;margin:0 auto 80px;padding-bottom:5px;} .battle-log .inner {padding:4px 8px 0px 8px;} .battle-log .inner-preempt {padding:0 8px 4px 8px;} .battle-log .inner-after {margin-top:0.5em;} .battle-log h2 {margin:0.5em -8px;padding:4px 8px;border:1px solid #AAAAAA;background:#E0E7EA;border-left:0;border-right:0;font-family:Verdana, sans-serif;font-size:13pt;} .battle-log .chat {vertical-align:middle;padding:3px 0 3px 0;font-size:8pt;} .battle-log .chat strong {color:#40576A;} .battle-log .chat em {padding:1px 4px 1px 3px;color:#000000;font-style:normal;} .chat.mine {background:rgba(0,0,0,0.05);margin-left:-8px;margin-right:-8px;padding-left:8px;padding-right:8px;} .spoiler {color:#BBBBBB;background:#BBBBBB;padding:0px 3px;} .spoiler:hover, .spoiler:active, .spoiler-shown {color:#000000;background:#E2E2E2;padding:0px 3px;} .spoiler a {color:#BBBBBB;} .spoiler:hover a, .spoiler:active a, .spoiler-shown a {color:#2288CC;} .chat code, .chat .spoiler:hover code, .chat .spoiler:active code, .chat .spoiler-shown code {border:1px solid #C0C0C0;background:#EEEEEE;color:black;padding:0 2px;} .chat .spoiler code {border:1px solid #CCCCCC;background:#CCCCCC;color:#CCCCCC;} .battle-log .rated {padding:3px 4px;} .battle-log .rated strong {color:white;background:#89A;padding:1px 4px;border-radius:4px;} .spacer {margin-top:0.5em;} .message-announce {background:#6688AA;color:white;padding:1px 4px 2px;} .message-announce a, .broadcast-green a, .broadcast-blue a, .broadcast-red a {color:#DDEEFF;} .broadcast-green {background-color:#559955;color:white;padding:2px 4px;} .broadcast-blue {background-color:#6688AA;color:white;padding:2px 4px;} .infobox {border:1px solid #6688AA;padding:2px 4px;} .infobox-limited {max-height:200px;overflow:auto;overflow-x:hidden;} .broadcast-red {background-color:#AA5544;color:white;padding:2px 4px;} .message-learn-canlearn {font-weight:bold;color:#228822;text-decoration:underline;} .message-learn-cannotlearn {font-weight:bold;color:#CC2222;text-decoration:underline;} .message-effect-weak {font-weight:bold;color:#CC2222;} .message-effect-resist {font-weight:bold;color:#6688AA;} .message-effect-immune {font-weight:bold;color:#666666;} .message-learn-list {margin-top:0;margin-bottom:0;} .message-throttle-notice, .message-error {color:#992222;} .message-overflow, .chat small.message-overflow {font-size:0pt;} .message-overflow::before {font-size:9pt;content:'...';} .subtle {color:#3A4A66;}
</style>
<div class="wrapper replay-wrapper" style="max-width:1180px;margin:0 auto">
<input type="hidden" name="replayid" value="dragonheaven-gen8m4avgc-307" />
<div class="battle"></div><div class="battle-log"></div><div class="replay-controls"></div><div class="replay-controls-2"></div>
<h1 style="font-weight:normal;text-align:center"><strong>[Gen 8] M4A VGC</strong><br /><a href="http://pokemonshowdown.com/users/terraterra1" class="subtle" target="_blank">TerraTerra1</a> vs. <a href="http://pokemonshowdown.com/users/asnomplaysshowdown" class="subtle" target="_blank">ASnomPlaysShowdown</a></h1>
<script type="text/plain" class="battle-log-data">|j|☆TerraTerra1
|j|☆ASnomPlaysShowdown

|t:|1620180097
|player|p1|TerraTerra1|chili|
|player|p2|ASnomPlaysShowdown|acetrainer|
|teamsize|p1|6
|teamsize|p2|6
|gametype|doubles
|gen|8
|tier|[Gen 8] M4A VGC
|clearpoke
|poke|p1|Empoleon, L50, M|
|poke|p1|Zapdos, L50|
|poke|p1|Incineroar, L50, M|
|poke|p1|Rillaboom, L50, F|
|poke|p1|Pelipper, L50, F|
|poke|p1|Gastrodon-East, L50, F|
|poke|p2|Spectrier, L50|
|poke|p2|Kommo-o, L50, M|
|poke|p2|Metagross, L50|
|poke|p2|Tapu Fini, L50|
|poke|p2|Moltres-Galar, L50|
|poke|p2|Comfey, L50, F|
|rule|Species Clause: Limit one of each Pokémon
|rule|Item Clause: Limit one of each item
|rule|Dynamax Clause: You cannot dynamax
|raw|<img src="https:\/\/www.smogon.com\/forums\/attachments\/banner_2-png.302358\/" height="65" width="381">
|-message|Welcome to Megas for All!
|-message|This is a National Dex-based format where we aim to give a new Mega Evolution to every Pokémon.
|-message|Just like any official format, you can still only Mega Evolve one Pokémon per team!
|-message|You can find our thread and metagame resources here:
|-message|https:\/\/www.smogon.com\/forums\/threads\/3671140\/
|teampreview|4
|c|☆ASnomPlaysShowdown|gl hyf
|error|The user "blueray" was not found.
|j| JosJet
|j| Ninjacid
|j| TEST_BlueRay
|c| JosJet|hf both!
|j| Adidon't
|c| Ninjacid|Good luck both of you!!!
|c| TEST_BlueRay|Glhf
|j| TEST Sticky Fingaa
|c| JosJet|great job both!
|
|t:|1620180144
|start
|switch|p1a: Pelipper|Pelipper, L50, F|48\/48
|switch|p1b: Incineroar|Incineroar, L50, M|48\/48
|switch|p2a: Alloy|Metagross, L50|177\/177
|switch|p2b: Clypeum|Kommo-o, L50, M|182\/182
|-weather|RainDance|[from] ability: Drizzle|[of] p1a: Pelipper
|-ability|p1b: Incineroar|Intimidate|boost
|-fail|p2a: Alloy|unboost|[from] ability: Clear Body|[of] p2a: Alloy
|-unboost|p2b: Clypeum|atk|1
|turn|1
|c| TEST Sticky Fingaa|gl to both
|
|t:|1620180196
|detailschange|p2a: Alloy|Metagross-Mega, L50
|-mega|p2a: Alloy|Metagross|Metagrossite
|-start|p2a: Alloy|typechange|Steel\/Psychic|[silent]
|raw|<ul class="utilichart"><li class="result"><span class="col pokemonnamecol" style="white-space: nowrap">Metagross-Mega<\/span> <span class="col typecol"><img src="https:\/\/play.pokemonshowdown.com\/sprites\/types\/Steel.png" alt="Steel" height="14" width="32"><img src="https:\/\/play.pokemonshowdown.com\/sprites\/types\/Psychic.png" alt="Psychic" height="14" width="32"><\/span> <span style="float: left ; min-height: 26px"><span class="col abilitycol">Tough Claws<\/span><span class="col abilitycol"><\/span><\/span><span style="float: left ; min-height: 26px"><span class="col statcol"><em>HP<\/em><br>80<\/span> <span class="col statcol"><em>Atk<\/em><br>145<\/span> <span class="col statcol"><em>Def<\/em><br>150<\/span> <span class="col statcol"><em>SpA<\/em><br>105<\/span> <span class="col statcol"><em>SpD<\/em><br>110<\/span> <span class="col statcol"><em>Spe<\/em><br>110<\/span> <\/span><\/li><li style="clear: both"><\/li><\/ul>
|move|p2a: Alloy|Protect|p2a: Alloy
|-singleturn|p2a: Alloy|Protect
|move|p2b: Clypeum|Protect|p2b: Clypeum
|-singleturn|p2b: Clypeum|Protect
|move|p1b: Incineroar|Fake Out|p2b: Clypeum
|-activate|p2b: Clypeum|move: Protect
|move|p1a: Pelipper|Hurricane|p2b: Clypeum
|-activate|p2b: Clypeum|move: Protect
|
|-weather|RainDance|[upkeep]
|upkeep
|turn|2
|
|t:|1620180220
|move|p2a: Alloy|Ice Punch|p1a: Pelipper
|-damage|p1a: Pelipper|29\/48
|-zpower|p2b: Clypeum
|move|p2b: Clypeum|Clangorous Soulblaze|p1b: Incineroar|[zeffect]|[spread] p1a,p1b
|-damage|p1a: Pelipper|0 fnt
|-damage|p1b: Incineroar|27\/48
|-boost|p2b: Clypeum|atk|1
|-boost|p2b: Clypeum|def|1
|-boost|p2b: Clypeum|spa|1
|-boost|p2b: Clypeum|spd|1
|-boost|p2b: Clypeum|spe|1
|faint|p1a: Pelipper
|move|p1b: Incineroar|Darkest Lariat|p2a: Alloy
|-supereffective|p2a: Alloy
|-damage|p2a: Alloy|93\/177
|
|-weather|RainDance|[upkeep]
|upkeep
|
|t:|1620180239
|switch|p1a: Empoleon|Empoleon, L50, M|48\/48
|turn|3
|
|t:|1620180255
|detailschange|p1a: Empoleon|Empoleon-Mega, L50, M
|-mega|p1a: Empoleon|Empoleon|Empoleonite
|-start|p1a: Empoleon|typechange|Water\/Steel|[silent]
|raw|<ul class="utilichart"><li class="result"><span class="col pokemonnamecol" style="white-space: nowrap">Empoleon-Mega<\/span> <span class="col typecol"><img src="https:\/\/play.pokemonshowdown.com\/sprites\/types\/Water.png" alt="Water" height="14" width="32"><img src="https:\/\/play.pokemonshowdown.com\/sprites\/types\/Steel.png" alt="Steel" height="14" width="32"><\/span> <span style="float: left ; min-height: 26px"><span class="col abilitycol">Lightning Rod<\/span><span class="col abilitycol"><\/span><\/span><span style="float: left ; min-height: 26px"><span class="col statcol"><em>HP<\/em><br>84<\/span> <span class="col statcol"><em>Atk<\/em><br>86<\/span> <span class="col statcol"><em>Def<\/em><br>103<\/span> <span class="col statcol"><em>SpA<\/em><br>131<\/span> <span class="col statcol"><em>SpD<\/em><br>141<\/span> <span class="col statcol"><em>Spe<\/em><br>85<\/span> <\/span><\/li><li style="clear: both"><\/li><\/ul>
|move|p2b: Clypeum|Aura Sphere|p1a: Empoleon
|-supereffective|p1a: Empoleon
|-damage|p1a: Empoleon|14\/48
|move|p2a: Alloy|Stomping Tantrum|p1b: Incineroar
|-supereffective|p1b: Incineroar
|-crit|p1b: Incineroar
|-damage|p1b: Incineroar|0 fnt
|faint|p1b: Incineroar
|move|p1a: Empoleon|Bulldoze|p2b: Clypeum|[spread] p2a,p2b
|-supereffective|p2a: Alloy
|-damage|p2a: Alloy|73\/177
|-damage|p2b: Clypeum|173\/182
|-unboost|p2a: Alloy|spe|1
|-unboost|p2b: Clypeum|spe|1
|
|-weather|RainDance|[upkeep]
|upkeep
|
|t:|1620180267
|switch|p1b: Zapdos|Zapdos, L50|48\/48
|turn|4
|c|☆ASnomPlaysShowdown|bulldoze heet
|
|t:|1620180281
|move|p2b: Clypeum|Protect|p2b: Clypeum
|-singleturn|p2b: Clypeum|Protect
|move|p1a: Empoleon|Protect|p1a: Empoleon
|-singleturn|p1a: Empoleon|Protect
|move|p1b: Zapdos|Tailwind|p1b: Zapdos
|-sidestart|p1: TerraTerra1|move: Tailwind
|move|p2a: Alloy|Ice Punch|p1b: Zapdos
|-supereffective|p1b: Zapdos
|-damage|p1b: Zapdos|2\/48
|
|-weather|RainDance|[upkeep]
|upkeep
|turn|5
|
|t:|1620180298
|move|p1b: Zapdos|Discharge|p2a: Alloy|[spread] p2a,p2b
|-ability|p1a: Empoleon|Lightning Rod|boost
|-boost|p1a: Empoleon|spa|1
|-resisted|p2b: Clypeum
|-damage|p2a: Alloy|11\/177
|-damage|p2b: Clypeum|154\/182
|-damage|p1b: Zapdos|0 fnt|[from] item: Life Orb
|faint|p1b: Zapdos
|move|p1a: Empoleon|Origin Pulse|p2b: Clypeum|[spread] p2a,p2b
|-resisted|p2b: Clypeum
|-damage|p2a: Alloy|0 fnt
|-damage|p2b: Clypeum|106\/182
|faint|p2a: Alloy
|move|p2b: Clypeum|Clanging Scales|p1a: Empoleon
|-resisted|p1a: Empoleon
|-damage|p1a: Empoleon|3\/48
|-unboost|p2b: Clypeum|def|1
|
|-weather|RainDance|[upkeep]
|upkeep
|
|t:|1620180305
|switch|p2a: Nightfall|Moltres-Galar, L50|196\/196
|turn|6
|c| TEST_BlueRay|Ggs
|c|☆ASnomPlaysShowdown|GG
|
|t:|1620180314
|move|p1a: Empoleon|Roost|p1a: Empoleon
|-heal|p1a: Empoleon|27\/48
|-singleturn|p1a: Empoleon|move: Roost
|move|p2b: Clypeum|Aura Sphere|p1a: Empoleon
|-supereffective|p1a: Empoleon
|-damage|p1a: Empoleon|0 fnt
|faint|p1a: Empoleon
|
|win|ASnomPlaysShowdown
|c|☆TerraTerra1|gg
|c| TEST Sticky Fingaa|Ggs
|c| JosJet|gg!!!
|c| Ninjacid|ggs both
|c|☆ASnomPlaysShowdown|oh i need to get the repalys
|c| Adidon't|kommo-o stronk</script>
</div>
<div class="battle-log battle-log-inline"><div class="inner"><div class="battle-options"><div style="padding-top: 3px; padding-right: 3px; text-align: right"><button class="icon button" name="openBattleOptions" title="Options">Battle Options</button></div></div><div class="inner message-log"><div class="chat"><small>☆TerraTerra1 and ☆ASnomPlaysShowdown joined</small></div><div class=""><small>Format:</small> <br><strong>[Gen 8] M4A VGC</strong></div><div class=""><small><em>Species Clause:</em> Limit one of each Pokémon</small></div><div class=""><small><em>Item Clause:</em> Limit one of each item</small></div><div class=""><small><em>Dynamax Clause:</em> You cannot dynamax</small></div><div class="chat"><img src="https://www.smogon.com/forums/attachments/banner_2-png.302358/" height="65" width="381"></div><div class="spacer battle-history"><br></div><div class="battle-history"><small>Welcome to Megas for All!</small><br></div><div class="battle-history"><small>This is a National Dex-based format where we aim to give a new Mega Evolution to every Pokémon.</small><br></div><div class="battle-history"><small>Just like any official format, you can still only Mega Evolve one Pokémon per team!</small><br></div><div class="battle-history"><small>You can find our thread and metagame resources here:</small><br></div><div class="battle-history"><small>https://www.smogon.com/forums/threads/3671140/</small><br></div><div class="chat battle-history"><strong>TerraTerra1's team:</strong> <em style="color:#445566;display:block;">Empoleon / Zapdos / Incineroar / Rillaboom / Pelipper / Gastrodon-East</em></div><div class="chat battle-history"><strong>ASnomPlaysShowdown's team:</strong> <em style="color:#445566;display:block;">Spectrier / Kommo-o / Metagross / Tapu Fini / Moltres-Galar / Comfey</em></div><div class="chat chatmessage-asnomplaysshowdown mine"><strong style="color:#1bb1b6"><small>☆</small><span class="username" data-name="ASnomPlaysShowdown">ASnomPlaysShowdown</span>:</strong> <em>gl hyf</em></div><div class="chat message-error">The user "blueray" was not found.</div><div class="chat"><small> JosJet,  Ninjacid, and  TEST_BlueRay joined</small></div><div class="chat chatmessage-josjet"><strong style="color:#41b2b6"><small> </small><span class="username" data-name="JosJet">JosJet</span>:</strong> <em>hf both!</em></div><div class="chat"><small> Adidon't joined</small></div><div class="chat chatmessage-ninjacid"><strong style="color:#c62447"><small> </small><span class="username" data-name="Ninjacid">Ninjacid</span>:</strong> <em>Good luck both of you!!!</em></div><div class="chat chatmessage-testblueray"><strong style="color:#7b63d0"><small> </small><span class="username" data-name="TEST_BlueRay">TEST_BlueRay</span>:</strong> <em>Glhf</em></div><div class="chat"><small> TEST Sticky Fingaa joined</small></div><div class="chat chatmessage-josjet"><strong style="color:#41b2b6"><small> </small><span class="username" data-name="JosJet">JosJet</span>:</strong> <em>great job both!</em></div><div class="spacer battle-history"><br></div><div class="battle-history">Battle started between TerraTerra1 and ASnomPlaysShowdown!<br></div><div class="spacer battle-history"><br></div><div class="battle-history">TerraTerra1 sent out <strong>Pelipper</strong>!<br></div><div class="spacer battle-history"><br></div><div class="battle-history">TerraTerra1 sent out <strong>Incineroar</strong>!<br></div><div class="spacer battle-history"><br></div><div class="battle-history">Go! Alloy (<strong>Metagross</strong>)!<br></div><div class="spacer battle-history"><br></div><div class="battle-history">Go! Clypeum (<strong>Kommo-o</strong>)!<br></div><div class="battle-history">[The opposing Pelipper's Drizzle]<br><small>It started to rain!</small><br></div><div class="battle-history">[The opposing Incineroar's Intimidate]<br></div><div class="battle-history">[Alloy's Clear Body]<br><small>Alloy's stats were not lowered!</small><br></div><div class="battle-history"><small>Clypeum's Attack fell!</small><br></div><div class="spacer battle-history"><br></div><h2 class="battle-history">Turn 1</h2><div class="chat chatmessage-teststickyfingaa"><strong style="color:#437bad"><small> </small><span class="username" data-name="TEST Sticky Fingaa">TEST Sticky Fingaa</span>:</strong> <em>gl to both</em></div><div class="spacer battle-history"><br></div><div class="battle-history"><small>Alloy's Metagrossite is reacting to the Key Stone!</small><br>Alloy has Mega Evolved into Mega Metagross!<br></div><div class="chat"><ul class="utilichart"><li class="result"><span class="col pokemonnamecol" style="white-space: nowrap">Metagross-Mega</span> <span class="col typecol"><img src="https://play.pokemonshowdown.com/sprites/types/Steel.png" alt="Steel" height="14" width="32"><img src="https://play.pokemonshowdown.com/sprites/types/Psychic.png" alt="Psychic" height="14" width="32"></span> <span style="float: left ; min-height: 26px"><span class="col abilitycol">Tough Claws</span><span class="col abilitycol"></span></span><span style="float: left ; min-height: 26px"><span class="col statcol"><em>HP</em><br>80</span> <span class="col statcol"><em>Atk</em><br>145</span> <span class="col statcol"><em>Def</em><br>150</span> <span class="col statcol"><em>SpA</em><br>105</span> <span class="col statcol"><em>SpD</em><br>110</span> <span class="col statcol"><em>Spe</em><br>110</span> </span></li><li style="clear: both"></li></ul></div><div class="spacer battle-history"><br></div><div class="battle-history">Alloy used <strong>Protect</strong>!<br></div><div class="battle-history"><small>Alloy protected itself!</small><br></div><div class="spacer battle-history"><br></div><div class="battle-history">Clypeum used <strong>Protect</strong>!<br></div><div class="battle-history"><small>Clypeum protected itself!</small><br></div><div class="spacer battle-history"><br></div><div class="battle-history">The opposing Incineroar used <strong>Fake Out</strong>!<br></div><div class="battle-history"><small>Clypeum protected itself!</small><br></div><div class="spacer battle-history"><br></div><div class="battle-history">The opposing Pelipper used <strong>Hurricane</strong>!<br></div><div class="battle-history"><small>Clypeum protected itself!</small><br></div><div class="spacer battle-history"><br></div><div class="battle-history"><small>(Rain continues to fall.)</small><br></div><div class="spacer battle-history"><br></div><h2 class="battle-history">Turn 2</h2><div class="spacer battle-history"><br></div><div class="battle-history">Alloy used <strong>Ice Punch</strong>!<br></div><div class="battle-history"><small>(The opposing Pelipper lost <abbr title="−19/48 pixels">37.6–39.6%</abbr> of its health!)</small><br></div><div class="battle-history"><small>Clypeum surrounded itself with its Z-Power!</small><br></div><div class="spacer battle-history"><br></div><div class="battle-history"><small>Clypeum unleashes its full-force Z-Move!</small><br>Clypeum used <strong>Clangorous Soulblaze</strong>!<br></div><div class="battle-history"><small>(The opposing Pelipper lost <abbr title="−29/48 pixels">60.4–62.4%</abbr> of its health!)</small><br></div><div class="battle-history"><small>(The opposing Incineroar lost <abbr title="−21/48 pixels">41.7–43.8%</abbr> of its health!)</small><br></div><div class="battle-history"><small>Clypeum's Attack rose!</small><br></div><div class="battle-history"><small>Clypeum's Defense rose!</small><br></div><div class="battle-history"><small>Clypeum's Sp. Atk rose!</small><br></div><div class="battle-history"><small>Clypeum's Sp. Def rose!</small><br></div><div class="battle-history"><small>Clypeum's Speed rose!</small><br></div><div class="spacer battle-history"><br></div><div class="battle-history">The opposing Pelipper fainted!<br></div><div class="battle-history">The opposing Incineroar used <strong>Darkest Lariat</strong>!<br></div><div class="battle-history"><small>It's super effective!</small><br></div><div class="battle-history"><small>(Alloy lost <abbr title="−84/177">47.5%</abbr> of its health!)</small><br></div><div class="spacer battle-history"><br></div><div class="battle-history"><small>(Rain continues to fall.)</small><br></div><div class="spacer battle-history"><br></div><div class="battle-history">TerraTerra1 sent out <strong>Empoleon</strong>!<br></div><div class="spacer battle-history"><br></div><h2 class="battle-history">Turn 3</h2><div class="spacer battle-history"><br></div><div class="battle-history"><small>The opposing Empoleon's Empoleonite is reacting to the Key Stone!</small><br>The opposing Empoleon has Mega Evolved into Mega Empoleon!<br></div><div class="chat"><ul class="utilichart"><li class="result"><span class="col pokemonnamecol" style="white-space: nowrap">Empoleon-Mega</span> <span class="col typecol"><img src="https://play.pokemonshowdown.com/sprites/types/Water.png" alt="Water" height="14" width="32"><img src="https://play.pokemonshowdown.com/sprites/types/Steel.png" alt="Steel" height="14" width="32"></span> <span style="float: left ; min-height: 26px"><span class="col abilitycol">Lightning Rod</span><span class="col abilitycol"></span></span><span style="float: left ; min-height: 26px"><span class="col statcol"><em>HP</em><br>84</span> <span class="col statcol"><em>Atk</em><br>86</span> <span class="col statcol"><em>Def</em><br>103</span> <span class="col statcol"><em>SpA</em><br>131</span> <span class="col statcol"><em>SpD</em><br>141</span> <span class="col statcol"><em>Spe</em><br>85</span> </span></li><li style="clear: both"></li></ul></div><div class="spacer battle-history"><br></div><div class="battle-history">Clypeum used <strong>Aura Sphere</strong>!<br></div><div class="battle-history"><small>It's super effective!</small><br></div><div class="battle-history"><small>(The opposing Empoleon lost <abbr title="−34/48 pixels">68.8–70.8%</abbr> of its health!)</small><br></div><div class="spacer battle-history"><br></div><div class="battle-history">Alloy used <strong>Stomping Tantrum</strong>!<br></div><div class="battle-history"><small>It's super effective!</small><br></div><div class="battle-history"><small>A critical hit!</small><br></div><div class="battle-history"><small>(The opposing Incineroar lost <abbr title="−27/48 pixels">56.3–58.3%</abbr> of its health!)</small><br></div><div class="spacer battle-history"><br></div><div class="battle-history">The opposing Incineroar fainted!<br></div><div class="battle-history">The opposing Empoleon used <strong>Bulldoze</strong>!<br></div><div class="battle-history"><small>It's super effective on Alloy!</small><br></div><div class="battle-history"><small>(Alloy lost <abbr title="−20/177">11.3%</abbr> of its health!)</small><br></div><div class="battle-history"><small>(Clypeum lost <abbr title="−9/182">4.9%</abbr> of its health!)</small><br></div><div class="battle-history"><small>Alloy's Speed fell!</small><br></div><div class="battle-history"><small>Clypeum's Speed fell!</small><br></div><div class="spacer battle-history"><br></div><div class="battle-history"><small>(Rain continues to fall.)</small><br></div><div class="spacer battle-history"><br></div><div class="battle-history">TerraTerra1 sent out <strong>Zapdos</strong>!<br></div><div class="spacer battle-history"><br></div><h2 class="battle-history">Turn 4</h2><div class="chat chatmessage-asnomplaysshowdown mine"><strong style="color:#1bb1b6"><small>☆</small><span class="username" data-name="ASnomPlaysShowdown">ASnomPlaysShowdown</span>:</strong> <em>bulldoze heet</em></div><div class="spacer battle-history"><br></div><div class="battle-history">Clypeum used <strong>Protect</strong>!<br></div><div class="battle-history"><small>Clypeum protected itself!</small><br></div><div class="spacer battle-history"><br></div><div class="battle-history">The opposing Empoleon used <strong>Protect</strong>!<br></div><div class="battle-history"><small>The opposing Empoleon protected itself!</small><br></div><div class="spacer battle-history"><br></div><div class="battle-history">The opposing Zapdos used <strong>Tailwind</strong>!<br></div><div class="battle-history"><small>The Tailwind blew from behind the opposing team!</small><br></div><div class="spacer battle-history"><br></div><div class="battle-history">Alloy used <strong>Ice Punch</strong>!<br></div><div class="battle-history"><small>It's super effective!</small><br></div><div class="battle-history"><small>(The opposing Zapdos lost <abbr title="−46/48 pixels">93.8–95.8%</abbr> of its health!)</small><br></div><div class="spacer battle-history"><br></div><div class="battle-history"><small>(Rain continues to fall.)</small><br></div><div class="spacer battle-history"><br></div><h2 class="battle-history">Turn 5</h2><div class="spacer battle-history"><br></div><div class="battle-history">The opposing Zapdos used <strong>Discharge</strong>!<br></div><div class="battle-history">[The opposing Empoleon's Lightning Rod]<br></div><div class="battle-history"><small>The opposing Empoleon's Sp. Atk rose!</small><br></div><div class="battle-history"><small>It's not very effective on Clypeum.</small><br></div><div class="battle-history"><small>(Alloy lost <abbr title="−62/177">35.0%</abbr> of its health!)</small><br></div><div class="battle-history"><small>(Clypeum lost <abbr title="−19/182">10.4%</abbr> of its health!)</small><br></div><div class="battle-history"><small>The opposing Zapdos lost some of its HP!</small><br></div><div class="spacer battle-history"><br></div><div class="battle-history">The opposing Zapdos fainted!<br></div><div class="battle-history">The opposing Empoleon used <strong>Origin Pulse</strong>!<br></div><div class="battle-history"><small>It's not very effective on Clypeum.</small><br></div><div class="battle-history"><small>(Alloy lost <abbr title="−11/177">6.2%</abbr> of its health!)</small><br></div><div class="battle-history"><small>(Clypeum lost <abbr title="−48/182">26.4%</abbr> of its health!)</small><br></div><div class="spacer battle-history"><br></div><div class="battle-history">Alloy fainted!<br></div><div class="battle-history">Clypeum used <strong>Clanging Scales</strong>!<br></div><div class="battle-history"><small>It's not very effective...</small><br></div><div class="battle-history"><small>(The opposing Empoleon lost <abbr title="−11/48 pixels">20.9–24.9%</abbr> of its health!)</small><br></div><div class="battle-history"><small>Clypeum's Defense fell!</small><br></div><div class="spacer battle-history"><br></div><div class="battle-history"><small>(Rain continues to fall.)</small><br></div><div class="spacer battle-history"><br></div><div class="battle-history">Go! Nightfall (<strong>Moltres-Galar</strong>)!<br></div><div class="spacer battle-history"><br></div><h2 class="battle-history">Turn 6</h2><div class="chat chatmessage-testblueray"><strong style="color:#7b63d0"><small> </small><span class="username" data-name="TEST_BlueRay">TEST_BlueRay</span>:</strong> <em>Ggs</em></div><div class="chat chatmessage-asnomplaysshowdown mine"><strong style="color:#1bb1b6"><small>☆</small><span class="username" data-name="ASnomPlaysShowdown">ASnomPlaysShowdown</span>:</strong> <em>GG</em></div><div class="spacer battle-history"><br></div><div class="battle-history">The opposing Empoleon used <strong>Roost</strong>!<br></div><div class="battle-history"><small>The opposing Empoleon had its HP restored.</small><br></div><div class="spacer battle-history"><br></div><div class="battle-history">Clypeum used <strong>Aura Sphere</strong>!<br></div><div class="battle-history"><small>It's super effective!</small><br></div><div class="battle-history"><small>(The opposing Empoleon lost <abbr title="−27/48 pixels">56.3–58.3%</abbr> of its health!)</small><br></div><div class="spacer battle-history"><br></div><div class="battle-history">The opposing Empoleon fainted!<br></div><div class="spacer battle-history"><br></div><div class="battle-history"><strong>ASnomPlaysShowdown</strong> won the battle!<br></div><div class="chat chatmessage-terraterra1"><strong style="color:#cb4134"><small>☆</small><span class="username" data-name="TerraTerra1">TerraTerra1</span>:</strong> <em>gg</em></div><div class="chat chatmessage-teststickyfingaa"><strong style="color:#437bad"><small> </small><span class="username" data-name="TEST Sticky Fingaa">TEST Sticky Fingaa</span>:</strong> <em>Ggs</em></div><div class="chat chatmessage-josjet"><strong style="color:#41b2b6"><small> </small><span class="username" data-name="JosJet">JosJet</span>:</strong> <em>gg!!!</em></div><div class="chat chatmessage-ninjacid"><strong style="color:#c62447"><small> </small><span class="username" data-name="Ninjacid">Ninjacid</span>:</strong> <em>ggs both</em></div><div class="chat chatmessage-asnomplaysshowdown mine"><strong style="color:#1bb1b6"><small>☆</small><span class="username" data-name="ASnomPlaysShowdown">ASnomPlaysShowdown</span>:</strong> <em>oh i need to get the repalys</em></div><div class="chat chatmessage-adidont"><strong style="color:#3463e7"><small> </small><span class="username" data-name="Adidon't">Adidon't</span>:</strong> <em>kommo-o stronk</em></div></div><div class="inner-preempt message-log"></div></div></div>
</div>
<script>
let daily = Math.floor(Date.now()/1000/60/60/24);document.write('<script src="https://play.pokemonshowdown.com/js/replay-embed.js?version'+daily+'"></'+'script>');
</script>
