<!DOCTYPE html>
<meta charset="utf-8" />
<!-- version 1 -->
<title>[Gen 8] M4A Random Battle replay: T+L=The Legend vs. abismal</title>
<style>
html,body {font-family:Verdana, sans-serif;font-size:10pt;margin:0;padding:0;}body{padding:12px 0;} .battle-log {font-family:Verdana, sans-serif;font-size:10pt;} .battle-log-inline {border:1px solid #AAAAAA;background:#EEF2F5;color:black;max-width:640px;margin:0 auto 80px;padding-bottom:5px;} .battle-log .inner {padding:4px 8px 0px 8px;} .battle-log .inner-preempt {padding:0 8px 4px 8px;} .battle-log .inner-after {margin-top:0.5em;} .battle-log h2 {margin:0.5em -8px;padding:4px 8px;border:1px solid #AAAAAA;background:#E0E7EA;border-left:0;border-right:0;font-family:Verdana, sans-serif;font-size:13pt;} .battle-log .chat {vertical-align:middle;padding:3px 0 3px 0;font-size:8pt;} .battle-log .chat strong {color:#40576A;} .battle-log .chat em {padding:1px 4px 1px 3px;color:#000000;font-style:normal;} .chat.mine {background:rgba(0,0,0,0.05);margin-left:-8px;margin-right:-8px;padding-left:8px;padding-right:8px;} .spoiler {color:#BBBBBB;background:#BBBBBB;padding:0px 3px;} .spoiler:hover, .spoiler:active, .spoiler-shown {color:#000000;background:#E2E2E2;padding:0px 3px;} .spoiler a {color:#BBBBBB;} .spoiler:hover a, .spoiler:active a, .spoiler-shown a {color:#2288CC;} .chat code, .chat .spoiler:hover code, .chat .spoiler:active code, .chat .spoiler-shown code {border:1px solid #C0C0C0;background:#EEEEEE;color:black;padding:0 2px;} .chat .spoiler code {border:1px solid #CCCCCC;background:#CCCCCC;color:#CCCCCC;} .battle-log .rated {padding:3px 4px;} .battle-log .rated strong {color:white;background:#89A;padding:1px 4px;border-radius:4px;} .spacer {margin-top:0.5em;} .message-announce {background:#6688AA;color:white;padding:1px 4px 2px;} .message-announce a, .broadcast-green a, .broadcast-blue a, .broadcast-red a {color:#DDEEFF;} .broadcast-green {background-color:#559955;color:white;padding:2px 4px;} .broadcast-blue {background-color:#6688AA;color:white;padding:2px 4px;} .infobox {border:1px solid #6688AA;padding:2px 4px;} .infobox-limited {max-height:200px;overflow:auto;overflow-x:hidden;} .broadcast-red {background-color:#AA5544;color:white;padding:2px 4px;} .message-learn-canlearn {font-weight:bold;color:#228822;text-decoration:underline;} .message-learn-cannotlearn {font-weight:bold;color:#CC2222;text-decoration:underline;} .message-effect-weak {font-weight:bold;color:#CC2222;} .message-effect-resist {font-weight:bold;color:#6688AA;} .message-effect-immune {font-weight:bold;color:#666666;} .message-learn-list {margin-top:0;margin-bottom:0;} .message-throttle-notice, .message-error {color:#992222;} .message-overflow, .chat small.message-overflow {font-size:0pt;} .message-overflow::before {font-size:9pt;content:'...';} .subtle {color:#3A4A66;}
</style>
<div class="wrapper replay-wrapper" style="max-width:1180px;margin:0 auto">
<input type="hidden" name="replayid" value="dragonheaven-gen8m4arandombattle-336" />
<div class="battle"></div><div class="battle-log"></div><div class="replay-controls"></div><div class="replay-controls-2"></div>
<h1 style="font-weight:normal;text-align:center"><strong>[Gen 8] M4A Random Battle</strong><br /><a href="http://pokemonshowdown.com/users/tlthelegend" class="subtle" target="_blank">T+L=The Legend</a> vs. <a href="http://pokemonshowdown.com/users/abismal" class="subtle" target="_blank">abismal</a></h1>
<script type="text/plain" class="battle-log-data">|j|☆T+L=The Legend
|j|☆abismal
|t:|1616125939
|player|p1|T+L=The Legend|169|
|player|p2|abismal|leaf-gen3|
|teamsize|p1|6
|teamsize|p2|6
|gametype|singles
|gen|8
|tier|[Gen 8] M4A Random Battle
|rule|Dynamax Clause: You cannot dynamax
|rule|Species Clause: Limit one of each Pokémon
|rule|HP Percentage Mod: HP is shown in percentages
|rule|Sleep Clause Mod: Limit one foe put to sleep
|rule|Freeze Clause Mod: Limit one foe frozen
|raw|<img src="https:\/\/www.smogon.com\/forums\/attachments\/banner_2-png.302358\/" height="65" width="381">
|-message|Welcome to Megas for All!
|-message|This is a National Dex-based format where we aim to give a new Mega Evolution to every Pokémon.
|-message|Just like any official format, you can still only Mega Evolve one Pokémon per team!
|-message|You can find our thread and metagame resources here:
|-message|https:\/\/www.smogon.com\/forums\/threads\/3671140\/
|-message|Your Mega Evolution this match is:
|-message|Use the command \/dt for more information!
|
|t:|1616125939
|start
|switch|p1a: Dugtrio|Dugtrio, L82, F|100\/100
|switch|p2a: Lurantis|Lurantis, L80, M|100\/100
|turn|1
|j|+inkbug1

|c|☆T+L=The Legend|hmmm
|c|☆abismal|oh no no no
|c|☆abismal|pls
|c|☆T+L=The Legend|this seems
|c|+inkbug1|man i forgot how fun these are to watch
|c|☆T+L=The Legend|good
|c|☆abismal|is it now?
|c|☆T+L=The Legend|:think:
|c|☆abismal|i'd be very cautious 
|c|☆abismal|with your next move
|c|+inkbug1|i would not recommend stayin in no matter what your mega is
|
|t:|1616125978
|detailschange|p1a: Dugtrio|Dugtrio-Mega, L82, F
|-mega|p1a: Dugtrio|Dugtrio|Dugtrionite
|-start|p1a: Dugtrio|typechange|Ground|[silent]
|raw|<ul class="utilichart"><li class="result"><span class="col pokemonnamecol" style="white-space: nowrap">Dugtrio-Mega<\/span> <span class="col typecol"><img src="https:\/\/play.pokemonshowdown.com\/sprites\/types\/Ground.png" alt="Ground" height="14" width="32"><\/span> <span style="float: left ; min-height: 26px"><span class="col abilitycol">Mole-a-Whac<\/span><span class="col abilitycol"><\/span><\/span><span style="float: left ; min-height: 26px"><span class="col statcol"><em>HP<\/em><br>35<\/span> <span class="col statcol"><em>Atk<\/em><br>112<\/span> <span class="col statcol"><em>Def<\/em><br>84<\/span> <span class="col statcol"><em>SpA<\/em><br>70<\/span> <span class="col statcol"><em>SpD<\/em><br>98<\/span> <span class="col statcol"><em>Spe<\/em><br>126<\/span> <\/span><\/li><li style="clear: both"><\/li><\/ul>
|detailschange|p2a: Lurantis|Lurantis-Mega, L80, M
|-mega|p2a: Lurantis|Lurantis|Lurantisite
|-start|p2a: Lurantis|typechange|Grass\/Fairy|[silent]
|raw|<ul class="utilichart"><li class="result"><span class="col pokemonnamecol" style="white-space: nowrap">Lurantis-Mega<\/span> <span class="col typecol"><img src="https:\/\/play.pokemonshowdown.com\/sprites\/types\/Grass.png" alt="Grass" height="14" width="32"><img src="https:\/\/play.pokemonshowdown.com\/sprites\/types\/Fairy.png" alt="Fairy" height="14" width="32"><\/span> <span style="float: left ; min-height: 26px"><span class="col abilitycol">Elegance<\/span><span class="col abilitycol"><\/span><\/span><span style="float: left ; min-height: 26px"><span class="col statcol"><em>HP<\/em><br>70<\/span> <span class="col statcol"><em>Atk<\/em><br>125<\/span> <span class="col statcol"><em>Def<\/em><br>110<\/span> <span class="col statcol"><em>SpA<\/em><br>100<\/span> <span class="col statcol"><em>SpD<\/em><br>110<\/span> <span class="col statcol"><em>Spe<\/em><br>65<\/span> <\/span><\/li><li style="clear: both"><\/li><\/ul>
|move|p1a: Dugtrio|Dig||[still]
|-prepare|p1a: Dugtrio|Dig
|move|p2a: Lurantis|Silver Wind|p1a: Dugtrio|[miss]
|-miss|p2a: Lurantis|p1a: Dugtrio
|
|-ability|p1a: Dugtrio|Mole-a-Whac|boost
|-boost|p1a: Dugtrio|atk|1
|upkeep
|turn|2
|c|☆abismal|ah
|c|☆T+L=The Legend|oh
|
|t:|1616125993
|move|p1a: Dugtrio|Dig|p2a: Lurantis|[from]lockedmove
|-resisted|p2a: Lurantis
|-damage|p2a: Lurantis|77\/100
|move|p2a: Lurantis|Silver Wind|p1a: Dugtrio
|-damage|p1a: Dugtrio|81\/100
|-boost|p2a: Lurantis|atk|1
|-boost|p2a: Lurantis|def|1
|-boost|p2a: Lurantis|spa|1
|-boost|p2a: Lurantis|spd|1
|-boost|p2a: Lurantis|spe|1
|
|-ability|p1a: Dugtrio|Mole-a-Whac|boost
|-boost|p1a: Dugtrio|atk|1
|upkeep
|turn|3
|c|☆abismal|that might be a problem too
|c|+inkbug1|mega lurantis my beloved
|
|t:|1616126010
|move|p1a: Dugtrio|Dig||[still]
|-prepare|p1a: Dugtrio|Dig
|move|p2a: Lurantis|Substitute|p2a: Lurantis
|-start|p2a: Lurantis|Substitute
|-damage|p2a: Lurantis|52\/100
|
|-ability|p1a: Dugtrio|Mole-a-Whac|boost
|-boost|p1a: Dugtrio|atk|1
|upkeep
|turn|4
|
|t:|1616126013
|move|p1a: Dugtrio|Dig|p2a: Lurantis|[from]lockedmove
|-resisted|p2a: Lurantis
|-end|p2a: Lurantis|Substitute
|move|p2a: Lurantis|Silver Wind|p1a: Dugtrio
|-damage|p1a: Dugtrio|50\/100
|-boost|p2a: Lurantis|atk|1
|-boost|p2a: Lurantis|def|1
|-boost|p2a: Lurantis|spa|1
|-boost|p2a: Lurantis|spd|1
|-boost|p2a: Lurantis|spe|1
|
|-ability|p1a: Dugtrio|Mole-a-Whac|boost
|-boost|p1a: Dugtrio|atk|1
|upkeep
|turn|5
|
|t:|1616126017
|move|p2a: Lurantis|Moonlight|p2a: Lurantis
|-heal|p2a: Lurantis|100\/100
|move|p1a: Dugtrio|Earthquake|p2a: Lurantis
|-resisted|p2a: Lurantis
|-damage|p2a: Lurantis|67\/100
|
|-ability|p1a: Dugtrio|Mole-a-Whac|boost
|-boost|p1a: Dugtrio|atk|1
|upkeep
|turn|6
|
|t:|1616126024
|move|p2a: Lurantis|Silver Wind|p1a: Dugtrio
|-damage|p1a: Dugtrio|9\/100
|-boost|p2a: Lurantis|atk|1
|-boost|p2a: Lurantis|def|1
|-boost|p2a: Lurantis|spa|1
|-boost|p2a: Lurantis|spd|1
|-boost|p2a: Lurantis|spe|1
|move|p1a: Dugtrio|Earthquake|p2a: Lurantis
|-resisted|p2a: Lurantis
|-damage|p2a: Lurantis|38\/100
|
|-ability|p1a: Dugtrio|Mole-a-Whac|boost
|-boost|p1a: Dugtrio|atk|1
|upkeep
|turn|7
|
|t:|1616126037
|move|p2a: Lurantis|Moonlight|p2a: Lurantis
|-heal|p2a: Lurantis|87\/100
|move|p1a: Dugtrio|Earthquake|p2a: Lurantis
|-resisted|p2a: Lurantis
|-damage|p2a: Lurantis|53\/100
|
|upkeep
|turn|8
|
|t:|1616126042
|move|p2a: Lurantis|Silver Wind|p1a: Dugtrio
|-damage|p1a: Dugtrio|0 fnt
|-boost|p2a: Lurantis|atk|1
|-boost|p2a: Lurantis|def|1
|-boost|p2a: Lurantis|spa|1
|-boost|p2a: Lurantis|spd|1
|-boost|p2a: Lurantis|spe|1
|faint|p1a: Dugtrio
|
|upkeep
|
|t:|1616126048
|switch|p1a: Xurkitree|Xurkitree, L82|100\/100
|turn|9
|j| ASnomPlaysShowdown
|c|☆T+L=The Legend|>electric terrain xurkitree
|
|t:|1616126060
|move|p2a: Lurantis|Energy Ball|p1a: Xurkitree
|-damage|p1a: Xurkitree|0 fnt
|faint|p1a: Xurkitree
|
|upkeep
|c|☆abismal|xurkitreen't
|
|t:|1616126065
|switch|p1a: Spectrier|Spectrier, L80|100\/100
|turn|10
|c|☆T+L=The Legend|indeed
|c|☆abismal|spectrier i thought we banned you a while ago
|
|t:|1616126076
|move|p2a: Lurantis|Energy Ball|p1a: Spectrier
|-crit|p1a: Spectrier
|-damage|p1a: Spectrier|0 fnt
|faint|p1a: Spectrier
|
|upkeep
|c|☆T+L=The Legend|nah
|
|t:|1616126080
|switch|p1a: Marshadow|Marshadow, L78|100\/100
|turn|11
|c|+inkbug1|we did but randbats
|c|☆abismal|spectrier aint welcome here no more
|c|☆T+L=The Legend|if i can live this
|
|t:|1616126089
|move|p2a: Lurantis|Energy Ball|p1a: Marshadow
|-damage|p1a: Marshadow|0 fnt
|faint|p1a: Marshadow
|
|upkeep
|c|☆abismal|nope
|c|☆T+L=The Legend|a
|
|t:|1616126094
|switch|p1a: Alomomola|Alomomola, L82, M|100\/100
|turn|12
|c|☆T+L=The Legend|gg
|c|☆abismal|you'd need scarf
|
|t:|1616126098
|move|p2a: Lurantis|Energy Ball|p1a: Alomomola
|-supereffective|p1a: Alomomola
|-damage|p1a: Alomomola|0 fnt
|faint|p1a: Alomomola
|
|upkeep
|
|t:|1616126100
|switch|p1a: Xatu|Xatu, L86, F|100\/100
|turn|13
|c|☆abismal|funny thing
|c|☆T+L=The Legend|should've
|c|☆abismal|i have a torkoal and a venusaur
|c|☆T+L=The Legend|brought that out earlier
|c|☆T+L=The Legend|tbh
|
|t:|1616126120
|move|p2a: Lurantis|Energy Ball|p1a: Xatu
|-resisted|p1a: Xatu
|-damage|p1a: Xatu|34\/100
|-unboost|p1a: Xatu|spd|1
|move|p1a: Xatu|Heat Wave|p2a: Lurantis
|-supereffective|p2a: Lurantis
|-damage|p2a: Lurantis|35\/100
|
|upkeep
|turn|14
|c|☆T+L=The Legend|cool
|c| ASnomPlaysShowdown|True
|c|☆T+L=The Legend|well gg
|
|t:|1616126128
|move|p2a: Lurantis|Energy Ball|p1a: Xatu
|-resisted|p1a: Xatu
|-damage|p1a: Xatu|0 fnt
|faint|p1a: Xatu
|
|win|abismal
|l|☆T+L=The Legend
|c|☆abismal|gg</script>
</div>
<div class="battle-log battle-log-inline"><div class="inner"><div class="battle-options"><div style="padding-top: 3px; padding-right: 3px; text-align: right"><button class="icon button" name="openBattleOptions" title="Options">Battle Options</button></div></div><div class="inner message-log"><div class="chat"><small>☆T+L=The Legend and ☆abismal joined</small></div><div class=""><small>Format:</small> <br><strong>[Gen 8] M4A Random Battle</strong></div><div class=""><small><em>Dynamax Clause:</em> You cannot dynamax</small></div><div class=""><small><em>Species Clause:</em> Limit one of each Pokémon</small></div><div class=""><small><em>HP Percentage Mod:</em> HP is shown in percentages</small></div><div class=""><small><em>Sleep Clause Mod:</em> Limit one foe put to sleep</small></div><div class=""><small><em>Freeze Clause Mod:</em> Limit one foe frozen</small></div><div class="chat"><img src="https://www.smogon.com/forums/attachments/banner_2-png.302358/" height="65" width="381"></div><div class="spacer battle-history"><br></div><div class="battle-history"><small>Welcome to Megas for All!</small><br></div><div class="battle-history"><small>This is a National Dex-based format where we aim to give a new Mega Evolution to every Pokémon.</small><br></div><div class="battle-history"><small>Just like any official format, you can still only Mega Evolve one Pokémon per team!</small><br></div><div class="battle-history"><small>You can find our thread and metagame resources here:</small><br></div><div class="battle-history"><small>https://www.smogon.com/forums/threads/3671140/</small><br></div><div class="battle-history"><small>Your Mega Evolution this match is:</small><br></div><div class="battle-history"><small>Use the command /dt for more information!</small><br></div><div class="spacer battle-history"><br></div><div class="battle-history">Battle started between T+L=The Legend and abismal!<br></div><div class="spacer battle-history"><br></div><div class="battle-history">Go! <strong>Dugtrio</strong>!<br></div><div class="spacer battle-history"><br></div><div class="battle-history">abismal sent out <strong>Lurantis</strong>!<br></div><div class="spacer battle-history"><br></div><h2 class="battle-history">Turn 1</h2><div class="chat"><small>+inkbug1 joined</small></div><div class="chat chatmessage-tlthelegend"><strong style="color:#107694"><small>☆</small><span class="username" data-name="T+L=The Legend">T+L=The Legend</span>:</strong> <em>hmmm</em></div><div class="chat chatmessage-abismal"><strong style="color:#68a730"><small>☆</small><span class="username" data-name="abismal">abismal</span>:</strong> <em>oh no no no</em></div><div class="chat chatmessage-abismal"><strong style="color:#68a730"><small>☆</small><span class="username" data-name="abismal">abismal</span>:</strong> <em>pls</em></div><div class="chat chatmessage-tlthelegend"><strong style="color:#107694"><small>☆</small><span class="username" data-name="T+L=The Legend">T+L=The Legend</span>:</strong> <em>this seems</em></div><div class="chat chatmessage-inkbug1 mine"><strong style="color:#e46e0f"><small>+</small><span class="username" data-name="inkbug1">inkbug1</span>:</strong> <em>man i forgot how fun these are to watch</em></div><div class="chat chatmessage-tlthelegend"><strong style="color:#107694"><small>☆</small><span class="username" data-name="T+L=The Legend">T+L=The Legend</span>:</strong> <em>good</em></div><div class="chat chatmessage-abismal"><strong style="color:#68a730"><small>☆</small><span class="username" data-name="abismal">abismal</span>:</strong> <em>is it now?</em></div><div class="chat chatmessage-tlthelegend"><strong style="color:#107694"><small>☆</small><span class="username" data-name="T+L=The Legend">T+L=The Legend</span>:</strong> <em>:think:</em></div><div class="chat chatmessage-abismal"><strong style="color:#68a730"><small>☆</small><span class="username" data-name="abismal">abismal</span>:</strong> <em>i'd be very cautious </em></div><div class="chat chatmessage-abismal"><strong style="color:#68a730"><small>☆</small><span class="username" data-name="abismal">abismal</span>:</strong> <em>with your next move</em></div><div class="chat chatmessage-inkbug1 mine"><strong style="color:#e46e0f"><small>+</small><span class="username" data-name="inkbug1">inkbug1</span>:</strong> <em>i would not recommend stayin in no matter what your mega is</em></div><div class="spacer battle-history"><br></div><div class="battle-history"><small>Dugtrio's Dugtrionite is reacting to the Key Stone!</small><br>Dugtrio has Mega Evolved into Mega Dugtrio!<br></div><div class="chat"><ul class="utilichart"><li class="result"><span class="col pokemonnamecol" style="white-space: nowrap">Dugtrio-Mega</span> <span class="col typecol"><img src="https://play.pokemonshowdown.com/sprites/types/Ground.png" alt="Ground" height="14" width="32"></span> <span style="float: left ; min-height: 26px"><span class="col abilitycol">Mole-a-Whac</span><span class="col abilitycol"></span></span><span style="float: left ; min-height: 26px"><span class="col statcol"><em>HP</em><br>35</span> <span class="col statcol"><em>Atk</em><br>112</span> <span class="col statcol"><em>Def</em><br>84</span> <span class="col statcol"><em>SpA</em><br>70</span> <span class="col statcol"><em>SpD</em><br>98</span> <span class="col statcol"><em>Spe</em><br>126</span> </span></li><li style="clear: both"></li></ul></div><div class="spacer battle-history"><br></div><div class="battle-history"><small>The opposing Lurantis's Lurantisite is reacting to the Key Stone!</small><br>The opposing Lurantis has Mega Evolved into Mega Lurantis!<br></div><div class="chat"><ul class="utilichart"><li class="result"><span class="col pokemonnamecol" style="white-space: nowrap">Lurantis-Mega</span> <span class="col typecol"><img src="https://play.pokemonshowdown.com/sprites/types/Grass.png" alt="Grass" height="14" width="32"><img src="https://play.pokemonshowdown.com/sprites/types/Fairy.png" alt="Fairy" height="14" width="32"></span> <span style="float: left ; min-height: 26px"><span class="col abilitycol">Elegance</span><span class="col abilitycol"></span></span><span style="float: left ; min-height: 26px"><span class="col statcol"><em>HP</em><br>70</span> <span class="col statcol"><em>Atk</em><br>125</span> <span class="col statcol"><em>Def</em><br>110</span> <span class="col statcol"><em>SpA</em><br>100</span> <span class="col statcol"><em>SpD</em><br>110</span> <span class="col statcol"><em>Spe</em><br>65</span> </span></li><li style="clear: both"></li></ul></div><div class="spacer battle-history"><br></div><div class="battle-history">Dugtrio used <strong>Dig</strong>!<br></div><div class="battle-history">Dugtrio burrowed its way under the ground!<br></div><div class="spacer battle-history"><br></div><div class="battle-history">The opposing Lurantis used <strong>Silver Wind</strong>!<br></div><div class="battle-history"><small>Dugtrio avoided the attack!</small><br></div><div class="spacer battle-history"><br></div><div class="battle-history">[Dugtrio's Mole-a-Whac]<br></div><div class="battle-history"><small>Dugtrio's Attack rose!</small><br></div><div class="spacer battle-history"><br></div><h2 class="battle-history">Turn 2</h2><div class="chat chatmessage-abismal"><strong style="color:#68a730"><small>☆</small><span class="username" data-name="abismal">abismal</span>:</strong> <em>ah</em></div><div class="chat chatmessage-tlthelegend"><strong style="color:#107694"><small>☆</small><span class="username" data-name="T+L=The Legend">T+L=The Legend</span>:</strong> <em>oh</em></div><div class="spacer battle-history"><br></div><div class="battle-history">Dugtrio used <strong>Dig</strong>!<br></div><div class="battle-history"><small>It's not very effective...</small><br></div><div class="battle-history"><small>(The opposing Lurantis lost 23% of its health!)</small><br></div><div class="spacer battle-history"><br></div><div class="battle-history">The opposing Lurantis used <strong>Silver Wind</strong>!<br></div><div class="battle-history"><small>(Dugtrio lost 19% of its health!)</small><br></div><div class="battle-history"><small>The opposing Lurantis's Attack rose!</small><br></div><div class="battle-history"><small>The opposing Lurantis's Defense rose!</small><br></div><div class="battle-history"><small>The opposing Lurantis's Sp. Atk rose!</small><br></div><div class="battle-history"><small>The opposing Lurantis's Sp. Def rose!</small><br></div><div class="battle-history"><small>The opposing Lurantis's Speed rose!</small><br></div><div class="spacer battle-history"><br></div><div class="battle-history">[Dugtrio's Mole-a-Whac]<br></div><div class="battle-history"><small>Dugtrio's Attack rose!</small><br></div><div class="spacer battle-history"><br></div><h2 class="battle-history">Turn 3</h2><div class="chat chatmessage-abismal"><strong style="color:#68a730"><small>☆</small><span class="username" data-name="abismal">abismal</span>:</strong> <em>that might be a problem too</em></div><div class="chat chatmessage-inkbug1 mine"><strong style="color:#e46e0f"><small>+</small><span class="username" data-name="inkbug1">inkbug1</span>:</strong> <em>mega lurantis my beloved</em></div><div class="spacer battle-history"><br></div><div class="battle-history">Dugtrio used <strong>Dig</strong>!<br></div><div class="battle-history">Dugtrio burrowed its way under the ground!<br></div><div class="spacer battle-history"><br></div><div class="battle-history">The opposing Lurantis used <strong>Substitute</strong>!<br></div><div class="battle-history"><small>The opposing Lurantis put in a substitute!</small><br></div><div class="battle-history"><small>(The opposing Lurantis lost 25% of its health!)</small><br></div><div class="spacer battle-history"><br></div><div class="battle-history">[Dugtrio's Mole-a-Whac]<br></div><div class="battle-history"><small>Dugtrio's Attack rose!</small><br></div><div class="spacer battle-history"><br></div><h2 class="battle-history">Turn 4</h2><div class="spacer battle-history"><br></div><div class="battle-history">Dugtrio used <strong>Dig</strong>!<br></div><div class="battle-history"><small>It's not very effective...</small><br></div><div class="battle-history"><small>The opposing Lurantis's substitute faded!</small><br></div><div class="spacer battle-history"><br></div><div class="battle-history">The opposing Lurantis used <strong>Silver Wind</strong>!<br></div><div class="battle-history"><small>(Dugtrio lost 31% of its health!)</small><br></div><div class="battle-history"><small>The opposing Lurantis's Attack rose!</small><br></div><div class="battle-history"><small>The opposing Lurantis's Defense rose!</small><br></div><div class="battle-history"><small>The opposing Lurantis's Sp. Atk rose!</small><br></div><div class="battle-history"><small>The opposing Lurantis's Sp. Def rose!</small><br></div><div class="battle-history"><small>The opposing Lurantis's Speed rose!</small><br></div><div class="spacer battle-history"><br></div><div class="battle-history">[Dugtrio's Mole-a-Whac]<br></div><div class="battle-history"><small>Dugtrio's Attack rose!</small><br></div><div class="spacer battle-history"><br></div><h2 class="battle-history">Turn 5</h2><div class="spacer battle-history"><br></div><div class="battle-history">The opposing Lurantis used <strong>Moonlight</strong>!<br></div><div class="battle-history"><small>The opposing Lurantis had its HP restored.</small><br></div><div class="spacer battle-history"><br></div><div class="battle-history">Dugtrio used <strong>Earthquake</strong>!<br></div><div class="battle-history"><small>It's not very effective...</small><br></div><div class="battle-history"><small>(The opposing Lurantis lost 33% of its health!)</small><br></div><div class="spacer battle-history"><br></div><div class="battle-history">[Dugtrio's Mole-a-Whac]<br></div><div class="battle-history"><small>Dugtrio's Attack rose!</small><br></div><div class="spacer battle-history"><br></div><h2 class="battle-history">Turn 6</h2><div class="spacer battle-history"><br></div><div class="battle-history">The opposing Lurantis used <strong>Silver Wind</strong>!<br></div><div class="battle-history"><small>(Dugtrio lost 41% of its health!)</small><br></div><div class="battle-history"><small>The opposing Lurantis's Attack rose!</small><br></div><div class="battle-history"><small>The opposing Lurantis's Defense rose!</small><br></div><div class="battle-history"><small>The opposing Lurantis's Sp. Atk rose!</small><br></div><div class="battle-history"><small>The opposing Lurantis's Sp. Def rose!</small><br></div><div class="battle-history"><small>The opposing Lurantis's Speed rose!</small><br></div><div class="spacer battle-history"><br></div><div class="battle-history">Dugtrio used <strong>Earthquake</strong>!<br></div><div class="battle-history"><small>It's not very effective...</small><br></div><div class="battle-history"><small>(The opposing Lurantis lost 29% of its health!)</small><br></div><div class="spacer battle-history"><br></div><div class="battle-history">[Dugtrio's Mole-a-Whac]<br></div><div class="battle-history"><small>Dugtrio's Attack rose!</small><br></div><div class="spacer battle-history"><br></div><h2 class="battle-history">Turn 7</h2><div class="spacer battle-history"><br></div><div class="battle-history">The opposing Lurantis used <strong>Moonlight</strong>!<br></div><div class="battle-history"><small>The opposing Lurantis had its HP restored.</small><br></div><div class="spacer battle-history"><br></div><div class="battle-history">Dugtrio used <strong>Earthquake</strong>!<br></div><div class="battle-history"><small>It's not very effective...</small><br></div><div class="battle-history"><small>(The opposing Lurantis lost 34% of its health!)</small><br></div><div class="spacer battle-history"><br></div><h2 class="battle-history">Turn 8</h2><div class="spacer battle-history"><br></div><div class="battle-history">The opposing Lurantis used <strong>Silver Wind</strong>!<br></div><div class="battle-history"><small>(Dugtrio lost 9% of its health!)</small><br></div><div class="battle-history"><small>The opposing Lurantis's Attack rose!</small><br></div><div class="battle-history"><small>The opposing Lurantis's Defense rose!</small><br></div><div class="battle-history"><small>The opposing Lurantis's Sp. Atk rose!</small><br></div><div class="battle-history"><small>The opposing Lurantis's Sp. Def rose!</small><br></div><div class="battle-history"><small>The opposing Lurantis's Speed rose!</small><br></div><div class="spacer battle-history"><br></div><div class="battle-history">Dugtrio fainted!<br></div><div class="spacer battle-history"><br></div><div class="battle-history">Go! <strong>Xurkitree</strong>!<br></div><div class="spacer battle-history"><br></div><h2 class="battle-history">Turn 9</h2><div class="chat"><small> ASnomPlaysShowdown joined</small></div><div class="chat chatmessage-tlthelegend"><strong style="color:#107694"><small>☆</small><span class="username" data-name="T+L=The Legend">T+L=The Legend</span>:</strong> <em><span class="greentext">&gt;electric terrain xurkitree</span></em></div><div class="spacer battle-history"><br></div><div class="battle-history">The opposing Lurantis used <strong>Energy Ball</strong>!<br></div><div class="battle-history"><small>(Xurkitree lost 100% of its health!)</small><br></div><div class="spacer battle-history"><br></div><div class="battle-history">Xurkitree fainted!<br></div><div class="chat chatmessage-abismal"><strong style="color:#68a730"><small>☆</small><span class="username" data-name="abismal">abismal</span>:</strong> <em>xurkitreen't</em></div><div class="spacer battle-history"><br></div><div class="battle-history">Go! <strong>Spectrier</strong>!<br></div><div class="spacer battle-history"><br></div><h2 class="battle-history">Turn 10</h2><div class="chat chatmessage-tlthelegend"><strong style="color:#107694"><small>☆</small><span class="username" data-name="T+L=The Legend">T+L=The Legend</span>:</strong> <em>indeed</em></div><div class="chat chatmessage-abismal"><strong style="color:#68a730"><small>☆</small><span class="username" data-name="abismal">abismal</span>:</strong> <em>spectrier i thought we banned you a while ago</em></div><div class="spacer battle-history"><br></div><div class="battle-history">The opposing Lurantis used <strong>Energy Ball</strong>!<br></div><div class="battle-history"><small>A critical hit!</small><br></div><div class="battle-history"><small>(Spectrier lost 100% of its health!)</small><br></div><div class="spacer battle-history"><br></div><div class="battle-history">Spectrier fainted!<br></div><div class="chat chatmessage-tlthelegend"><strong style="color:#107694"><small>☆</small><span class="username" data-name="T+L=The Legend">T+L=The Legend</span>:</strong> <em>nah</em></div><div class="spacer battle-history"><br></div><div class="battle-history">Go! <strong>Marshadow</strong>!<br></div><div class="spacer battle-history"><br></div><h2 class="battle-history">Turn 11</h2><div class="chat chatmessage-inkbug1 mine"><strong style="color:#e46e0f"><small>+</small><span class="username" data-name="inkbug1">inkbug1</span>:</strong> <em>we did but randbats</em></div><div class="chat chatmessage-abismal"><strong style="color:#68a730"><small>☆</small><span class="username" data-name="abismal">abismal</span>:</strong> <em>spectrier aint welcome here no more</em></div><div class="chat chatmessage-tlthelegend"><strong style="color:#107694"><small>☆</small><span class="username" data-name="T+L=The Legend">T+L=The Legend</span>:</strong> <em>if i can live this</em></div><div class="spacer battle-history"><br></div><div class="battle-history">The opposing Lurantis used <strong>Energy Ball</strong>!<br></div><div class="battle-history"><small>(Marshadow lost 100% of its health!)</small><br></div><div class="spacer battle-history"><br></div><div class="battle-history">Marshadow fainted!<br></div><div class="chat chatmessage-abismal"><strong style="color:#68a730"><small>☆</small><span class="username" data-name="abismal">abismal</span>:</strong> <em>nope</em></div><div class="chat chatmessage-tlthelegend"><strong style="color:#107694"><small>☆</small><span class="username" data-name="T+L=The Legend">T+L=The Legend</span>:</strong> <em>a</em></div><div class="spacer battle-history"><br></div><div class="battle-history">Go! <strong>Alomomola</strong>!<br></div><div class="spacer battle-history"><br></div><h2 class="battle-history">Turn 12</h2><div class="chat chatmessage-tlthelegend"><strong style="color:#107694"><small>☆</small><span class="username" data-name="T+L=The Legend">T+L=The Legend</span>:</strong> <em>gg</em></div><div class="chat chatmessage-abismal"><strong style="color:#68a730"><small>☆</small><span class="username" data-name="abismal">abismal</span>:</strong> <em>you'd need scarf</em></div><div class="spacer battle-history"><br></div><div class="battle-history">The opposing Lurantis used <strong>Energy Ball</strong>!<br></div><div class="battle-history"><small>It's super effective!</small><br></div><div class="battle-history"><small>(Alomomola lost 100% of its health!)</small><br></div><div class="spacer battle-history"><br></div><div class="battle-history">Alomomola fainted!<br></div><div class="spacer battle-history"><br></div><div class="battle-history">Go! <strong>Xatu</strong>!<br></div><div class="spacer battle-history"><br></div><h2 class="battle-history">Turn 13</h2><div class="chat chatmessage-abismal"><strong style="color:#68a730"><small>☆</small><span class="username" data-name="abismal">abismal</span>:</strong> <em>funny thing</em></div><div class="chat chatmessage-tlthelegend"><strong style="color:#107694"><small>☆</small><span class="username" data-name="T+L=The Legend">T+L=The Legend</span>:</strong> <em>should've</em></div><div class="chat chatmessage-abismal"><strong style="color:#68a730"><small>☆</small><span class="username" data-name="abismal">abismal</span>:</strong> <em>i have a torkoal and a venusaur</em></div><div class="chat chatmessage-tlthelegend"><strong style="color:#107694"><small>☆</small><span class="username" data-name="T+L=The Legend">T+L=The Legend</span>:</strong> <em>brought that out earlier</em></div><div class="chat chatmessage-tlthelegend"><strong style="color:#107694"><small>☆</small><span class="username" data-name="T+L=The Legend">T+L=The Legend</span>:</strong> <em>tbh</em></div><div class="spacer battle-history"><br></div><div class="battle-history">The opposing Lurantis used <strong>Energy Ball</strong>!<br></div><div class="battle-history"><small>It's not very effective...</small><br></div><div class="battle-history"><small>(Xatu lost 66% of its health!)</small><br></div><div class="battle-history"><small>Xatu's Sp. Def fell!</small><br></div><div class="spacer battle-history"><br></div><div class="battle-history">Xatu used <strong>Heat Wave</strong>!<br></div><div class="battle-history"><small>It's super effective!</small><br></div><div class="battle-history"><small>(The opposing Lurantis lost 18% of its health!)</small><br></div><div class="spacer battle-history"><br></div><h2 class="battle-history">Turn 14</h2><div class="chat chatmessage-tlthelegend"><strong style="color:#107694"><small>☆</small><span class="username" data-name="T+L=The Legend">T+L=The Legend</span>:</strong> <em>cool</em></div><div class="chat chatmessage-asnomplaysshowdown"><strong style="color:#1bb1b6"><small> </small><span class="username" data-name="ASnomPlaysShowdown">ASnomPlaysShowdown</span>:</strong> <em>True</em></div><div class="chat chatmessage-tlthelegend"><strong style="color:#107694"><small>☆</small><span class="username" data-name="T+L=The Legend">T+L=The Legend</span>:</strong> <em>well gg</em></div><div class="spacer battle-history"><br></div><div class="battle-history">The opposing Lurantis used <strong>Energy Ball</strong>!<br></div><div class="battle-history"><small>It's not very effective...</small><br></div><div class="battle-history"><small>(Xatu lost 34% of its health!)</small><br></div><div class="spacer battle-history"><br></div><div class="battle-history">Xatu fainted!<br></div><div class="spacer battle-history"><br></div><div class="battle-history"><strong>abismal</strong> won the battle!<br></div><div class="chat"><small>☆T+L=The Legend left</small></div><div class="chat chatmessage-abismal"><strong style="color:#68a730"><small>☆</small><span class="username" data-name="abismal">abismal</span>:</strong> <em>gg</em></div></div><div class="inner-preempt message-log"></div></div></div>
</div>
<script>
let daily = Math.floor(Date.now()/1000/60/60/24);document.write('<script src="https://dragonheaven.herokuapp.com/js/replay-embed.js?version'+daily+'"></'+'script>');
</script>
