<!DOCTYPE html>
<meta charset="utf-8" />
<!-- version 1 -->
<title>[Gen 8] Megas for All replay: Mossy Sandwich vs. TheUltraFinder</title>
<style>
html,body {font-family:Verdana, sans-serif;font-size:10pt;margin:0;padding:0;}body{padding:12px 0;} .battle-log {font-family:Verdana, sans-serif;font-size:10pt;} .battle-log-inline {border:1px solid #AAAAAA;background:#EEF2F5;color:black;max-width:640px;margin:0 auto 80px;padding-bottom:5px;} .battle-log .inner {padding:4px 8px 0px 8px;} .battle-log .inner-preempt {padding:0 8px 4px 8px;} .battle-log .inner-after {margin-top:0.5em;} .battle-log h2 {margin:0.5em -8px;padding:4px 8px;border:1px solid #AAAAAA;background:#E0E7EA;border-left:0;border-right:0;font-family:Verdana, sans-serif;font-size:13pt;} .battle-log .chat {vertical-align:middle;padding:3px 0 3px 0;font-size:8pt;} .battle-log .chat strong {color:#40576A;} .battle-log .chat em {padding:1px 4px 1px 3px;color:#000000;font-style:normal;} .chat.mine {background:rgba(0,0,0,0.05);margin-left:-8px;margin-right:-8px;padding-left:8px;padding-right:8px;} .spoiler {color:#BBBBBB;background:#BBBBBB;padding:0px 3px;} .spoiler:hover, .spoiler:active, .spoiler-shown {color:#000000;background:#E2E2E2;padding:0px 3px;} .spoiler a {color:#BBBBBB;} .spoiler:hover a, .spoiler:active a, .spoiler-shown a {color:#2288CC;} .chat code, .chat .spoiler:hover code, .chat .spoiler:active code, .chat .spoiler-shown code {border:1px solid #C0C0C0;background:#EEEEEE;color:black;padding:0 2px;} .chat .spoiler code {border:1px solid #CCCCCC;background:#CCCCCC;color:#CCCCCC;} .battle-log .rated {padding:3px 4px;} .battle-log .rated strong {color:white;background:#89A;padding:1px 4px;border-radius:4px;} .spacer {margin-top:0.5em;} .message-announce {background:#6688AA;color:white;padding:1px 4px 2px;} .message-announce a, .broadcast-green a, .broadcast-blue a, .broadcast-red a {color:#DDEEFF;} .broadcast-green {background-color:#559955;color:white;padding:2px 4px;} .broadcast-blue {background-color:#6688AA;color:white;padding:2px 4px;} .infobox {border:1px solid #6688AA;padding:2px 4px;} .infobox-limited {max-height:200px;overflow:auto;overflow-x:hidden;} .broadcast-red {background-color:#AA5544;color:white;padding:2px 4px;} .message-learn-canlearn {font-weight:bold;color:#228822;text-decoration:underline;} .message-learn-cannotlearn {font-weight:bold;color:#CC2222;text-decoration:underline;} .message-effect-weak {font-weight:bold;color:#CC2222;} .message-effect-resist {font-weight:bold;color:#6688AA;} .message-effect-immune {font-weight:bold;color:#666666;} .message-learn-list {margin-top:0;margin-bottom:0;} .message-throttle-notice, .message-error {color:#992222;} .message-overflow, .chat small.message-overflow {font-size:0pt;} .message-overflow::before {font-size:9pt;content:'...';} .subtle {color:#3A4A66;}
</style>
<div class="wrapper replay-wrapper" style="max-width:1180px;margin:0 auto">
<input type="hidden" name="replayid" value="dragonheaven-gen8megasforall-1049" />
<div class="battle"></div><div class="battle-log"></div><div class="replay-controls"></div><div class="replay-controls-2"></div>
<h1 style="font-weight:normal;text-align:center"><strong>[Gen 8] Megas for All</strong><br /><a href="http://pokemonshowdown.com/users/mossysandwich" class="subtle" target="_blank">Mossy Sandwich</a> vs. <a href="http://pokemonshowdown.com/users/theultrafinder" class="subtle" target="_blank">TheUltraFinder</a></h1>
<script type="text/plain" class="battle-log-data">|j|☆Mossy Sandwich
|j|☆TheUltraFinder
|t:|1609626628
|player|p1|Mossy Sandwich|101|
|player|p2|TheUltraFinder|266|
|teamsize|p1|6
|teamsize|p2|6
|gametype|singles
|gen|8
|tier|[Gen 8] Megas for All
|clearpoke
|poke|p1|Clefable, M|
|poke|p1|Blissey, F|
|poke|p1|Corviknight, F|
|poke|p1|Buzzwole|
|poke|p1|Tapu Lele|
|poke|p1|Landorus-Therian, M|
|poke|p2|Parasect, F|
|poke|p2|Nidoking, M|
|poke|p2|Magnezone|
|poke|p2|Corviknight, M|
|poke|p2|Blissey, F|
|poke|p2|Scizor, M|
|rule|HP Percentage Mod: HP is shown in percentages
|rule|Endless Battle Clause: Forcing endless battles is banned
|rule|OHKO Clause: OHKO moves are banned
|rule|Evasion Moves Clause: Evasion moves are banned
|rule|Species Clause: Limit one of each Pokémon
|rule|Dynamax Clause: You cannot dynamax
|rule|Sleep Clause Mod: Limit one foe put to sleep
|rule|Freeze Clause Mod: Limit one foe frozen
|teampreview
|c|☆TheUltraFinder|glhf
|j| inkbug1

|c|☆Mossy Sandwich|gl hf!
|
|t:|1609626747
|start
|switch|p1a: Clefable|Clefable, M|100\/100
|switch|p2a: inkbug's incarnate|Parasect, F|100\/100
|turn|1
|
|t:|1609626754
|switch|p1a: Buzzwole|Buzzwole|100\/100
|detailschange|p2a: inkbug's incarnate|Parasect-Mega, F
|-mega|p2a: inkbug's incarnate|Parasect|Parasite
|-start|p2a: inkbug's incarnate|typechange|Bug\/Dark|[silent]
|raw|<ul class="utilichart"><li class="result"><span class="col pokemonnamecol" style="white-space: nowrap">Parasect-Mega<\/span> <span class="col typecol"><img src="https:\/\/play.pokemonshowdown.com\/sprites\/types\/Bug.png" alt="Bug" height="14" width="32"><img src="https:\/\/play.pokemonshowdown.com\/sprites\/types\/Dark.png" alt="Dark" height="14" width="32"><\/span> <span style="float: left ; min-height: 26px"><span class="col abilitycol">Tinted Lens<\/span><span class="col abilitycol"><\/span><\/span><span style="float: left ; min-height: 26px"><span class="col statcol"><em>HP<\/em><br>60<\/span> <span class="col statcol"><em>Atk<\/em><br>130<\/span> <span class="col statcol"><em>Def<\/em><br>80<\/span> <span class="col statcol"><em>SpA<\/em><br>40<\/span> <span class="col statcol"><em>SpD<\/em><br>80<\/span> <span class="col statcol"><em>Spe<\/em><br>115<\/span> <\/span><\/li><li style="clear: both"><\/li><\/ul>
|move|p2a: inkbug's incarnate|Spore|p1a: Buzzwole
|-status|p1a: Buzzwole|slp|[from] move: Spore
|
|upkeep
|turn|2
|
|t:|1609626764
|move|p2a: inkbug's incarnate|Swords Dance|p2a: inkbug's incarnate
|-boost|p2a: inkbug's incarnate|atk|2
|cant|p1a: Buzzwole|slp
|
|upkeep
|turn|3
|
|t:|1609626771
|move|p2a: inkbug's incarnate|Throat Chop|p1a: Buzzwole
|-resisted|p1a: Buzzwole
|-damage|p1a: Buzzwole|57\/100 slp
|-start|p1a: Buzzwole|Throat Chop|[silent]
|-curestatus|p1a: Buzzwole|slp|[msg]
|move|p1a: Buzzwole|Drain Punch|p2a: inkbug's incarnate
|-damage|p2a: inkbug's incarnate|58\/100
|-heal|p1a: Buzzwole|73\/100|[from] drain|[of] p2a: inkbug's incarnate
|
|-heal|p1a: Buzzwole|79\/100|[from] item: Leftovers
|upkeep
|turn|4
|
|t:|1609626783
|switch|p1a: Corviknight|Corviknight, F|100\/100
|-ability|p1a: Corviknight|Pressure
|move|p2a: inkbug's incarnate|Spore|p1a: Corviknight
|-status|p1a: Corviknight|slp|[from] move: Spore
|
|upkeep
|turn|5
|
|t:|1609626797
|switch|p1a: Landorus|Landorus-Therian, M|100\/100
|-ability|p1a: Landorus|Intimidate|boost
|-unboost|p2a: inkbug's incarnate|atk|1
|move|p2a: inkbug's incarnate|Leech Life|p1a: Landorus
|-resisted|p1a: Landorus
|-damage|p1a: Landorus|20\/100
|-heal|p2a: inkbug's incarnate|98\/100|[from] drain|[of] p1a: Landorus
|
|upkeep
|turn|6
|
|t:|1609626808
|switch|p1a: Buzzwole|Buzzwole|79\/100
|move|p2a: inkbug's incarnate|Leech Life|p1a: Buzzwole
|-resisted|p1a: Buzzwole
|-damage|p1a: Buzzwole|49\/100
|-heal|p2a: inkbug's incarnate|100\/100|[from] drain|[of] p1a: Buzzwole
|
|-heal|p1a: Buzzwole|55\/100|[from] item: Leftovers
|upkeep
|turn|7
|
|t:|1609626816
|move|p2a: inkbug's incarnate|Spore|p1a: Buzzwole
|-message|Sleep Clause Mod activated.
|move|p1a: Buzzwole|Roost|p1a: Buzzwole
|-heal|p1a: Buzzwole|100\/100
|-singleturn|p1a: Buzzwole|move: Roost
|
|upkeep
|turn|8
|
|t:|1609626822
|move|p2a: inkbug's incarnate|Throat Chop|p1a: Buzzwole
|-resisted|p1a: Buzzwole
|-damage|p1a: Buzzwole|67\/100
|-start|p1a: Buzzwole|Throat Chop|[silent]
|move|p1a: Buzzwole|Bulk Up|p1a: Buzzwole
|-boost|p1a: Buzzwole|atk|1
|-boost|p1a: Buzzwole|def|1
|
|-heal|p1a: Buzzwole|74\/100|[from] item: Leftovers
|upkeep
|turn|9
|c|☆Mossy Sandwich|Wait isn't parasect illegal?
|
|t:|1609626863
|switch|p2a: Scizor|Scizor, M|100\/100
|move|p1a: Buzzwole|Drain Punch|p2a: Scizor
|-crit|p2a: Scizor
|-damage|p2a: Scizor|19\/100
|-heal|p1a: Buzzwole|100\/100|[from] drain|[of] p2a: Scizor
|
|-end|p1a: Buzzwole|Throat Chop|[silent]
|upkeep
|turn|10
|c|☆TheUltraFinder|idk
|c|☆Mossy Sandwich|It's A-
|
|t:|1609626872
|move|p1a: Buzzwole|Bulk Up|p1a: Buzzwole
|-boost|p1a: Buzzwole|atk|1
|-boost|p1a: Buzzwole|def|1
|move|p2a: Scizor|Dual Wingbeat|p1a: Buzzwole
|-supereffective|p1a: Buzzwole
|-damage|p1a: Buzzwole|70\/100
|-supereffective|p1a: Buzzwole
|-damage|p1a: Buzzwole|35\/100
|-hitcount|p1a: Buzzwole|2
|
|-heal|p1a: Buzzwole|42\/100|[from] item: Leftovers
|upkeep
|turn|11
|c|☆TheUltraFinder|FU-
|
|t:|1609626883
|move|p1a: Buzzwole|Drain Punch|p2a: Scizor
|-damage|p2a: Scizor|0 fnt
|-heal|p1a: Buzzwole|49\/100|[from] drain|[of] p2a: Scizor
|faint|p2a: Scizor
|-ability|p1a: Buzzwole|Beast Boost|boost
|-boost|p1a: Buzzwole|def|1
|
|-heal|p1a: Buzzwole|56\/100|[from] item: Leftovers
|upkeep
|
|t:|1609626904
|switch|p2a: Magnezone|Magnezone|100\/100
|turn|12
|
|t:|1609626908
|move|p1a: Buzzwole|Drain Punch|p2a: Magnezone
|-supereffective|p2a: Magnezone
|-damage|p2a: Magnezone|0 fnt
|-heal|p1a: Buzzwole|97\/100|[from] drain|[of] p2a: Magnezone
|faint|p2a: Magnezone
|-ability|p1a: Buzzwole|Beast Boost|boost
|-boost|p1a: Buzzwole|def|1
|
|-heal|p1a: Buzzwole|100\/100|[from] item: Leftovers
|upkeep
|
|t:|1609626923
|switch|p2a: Corviknight|Corviknight, M|100\/100
|turn|13
|
|t:|1609626947
|move|p1a: Buzzwole|Drain Punch|p2a: Corviknight
|-damage|p2a: Corviknight|58\/100
|move|p2a: Corviknight|Tailwind|p2a: Corviknight
|-sidestart|p2: TheUltraFinder|move: Tailwind
|
|-heal|p2a: Corviknight|64\/100|[from] item: Leftovers
|upkeep
|turn|14
|
|t:|1609626956
|move|p2a: Corviknight|Taunt|p1a: Buzzwole
|-start|p1a: Buzzwole|move: Taunt
|cant|p1a: Buzzwole|move: Taunt|Bulk Up
|
|-heal|p2a: Corviknight|70\/100|[from] item: Leftovers
|upkeep
|turn|15
|
|t:|1609626966
|switch|p2a: Nidoking|Nidoking, M|100\/100
|move|p1a: Buzzwole|Drain Punch|p2a: Nidoking
|-resisted|p2a: Nidoking
|-damage|p2a: Nidoking|60\/100
|
|upkeep
|turn|16
|
|t:|1609626973
|move|p2a: Nidoking|Stealth Rock|p1a: Buzzwole
|-sidestart|p1: Mossy Sandwich|move: Stealth Rock
|move|p1a: Buzzwole|Ice Punch|p2a: Nidoking
|-supereffective|p2a: Nidoking
|-damage|p2a: Nidoking|0 fnt
|faint|p2a: Nidoking
|-ability|p1a: Buzzwole|Beast Boost|boost
|-boost|p1a: Buzzwole|def|1
|
|-end|p1a: Buzzwole|move: Taunt
|-sideend|p2: TheUltraFinder|move: Tailwind
|upkeep
|
|t:|1609626982
|switch|p2a: Corviknight|Corviknight, M|70\/100
|turn|17
|
|t:|1609626989
|move|p1a: Buzzwole|Bulk Up|p1a: Buzzwole
|-boost|p1a: Buzzwole|atk|1
|-boost|p1a: Buzzwole|def|1
|move|p2a: Corviknight|Tailwind|p2a: Corviknight
|-sidestart|p2: TheUltraFinder|move: Tailwind
|
|-heal|p2a: Corviknight|76\/100|[from] item: Leftovers
|upkeep
|turn|18
|
|t:|1609626997
|move|p2a: Corviknight|Taunt|p1a: Buzzwole
|-start|p1a: Buzzwole|move: Taunt
|cant|p1a: Buzzwole|move: Taunt|Bulk Up
|
|-heal|p2a: Corviknight|83\/100|[from] item: Leftovers
|upkeep
|turn|19
|
|t:|1609627004
|switch|p2a: inkbug's incarnate|Parasect-Mega, F|100\/100
|-start|p2a: inkbug's incarnate|typechange|Bug\/Dark|[silent]
|move|p1a: Buzzwole|Drain Punch|p2a: inkbug's incarnate
|-damage|p2a: inkbug's incarnate|0 fnt
|faint|p2a: inkbug's incarnate
|
|upkeep
|
|t:|1609627011
|switch|p2a: Corviknight|Corviknight, M|83\/100
|turn|20
|
|t:|1609627020
|move|p2a: Corviknight|Body Press|p1a: Buzzwole
|-resisted|p1a: Buzzwole
|-damage|p1a: Buzzwole|99\/100
|move|p1a: Buzzwole|Drain Punch|p2a: Corviknight
|-damage|p2a: Corviknight|34\/100
|-heal|p1a: Buzzwole|100\/100|[from] drain|[of] p2a: Corviknight
|
|-heal|p2a: Corviknight|40\/100|[from] item: Leftovers
|-end|p1a: Buzzwole|move: Taunt
|-sideend|p2: TheUltraFinder|move: Tailwind
|upkeep
|turn|21
|
|t:|1609627040
|move|p1a: Buzzwole|Drain Punch|p2a: Corviknight
|-damage|p2a: Corviknight|0 fnt
|faint|p2a: Corviknight
|
|upkeep
|
|t:|1609627044
|switch|p2a: Blissey|Blissey, F|100\/100
|turn|22
|c|☆TheUltraFinder|gg
|c|☆Mossy Sandwich|well... does this game count?
|c|☆Mossy Sandwich|gg
|c|☆TheUltraFinder|idk
|
|t:|1609627055
|move|p1a: Buzzwole|Drain Punch|p2a: Blissey
|-supereffective|p2a: Blissey
|-damage|p2a: Blissey|0 fnt
|faint|p2a: Blissey
|
|win|Mossy Sandwich
|l|☆TheUltraFinder
|j| pokisokis
|l|☆Mossy Sandwich
|l| pokisokis
|j| pokisokis
|l| pokisokis</script>
</div>
<div class="battle-log battle-log-inline"><div class="inner"><div class="battle-options"><div style="padding-top: 3px; padding-right: 3px; text-align: right"><button class="icon button" name="openBattleOptions" title="Options">Battle Options</button></div></div><div class="inner message-log"><div class="chat"><small>☆Mossy Sandwich and ☆TheUltraFinder joined</small></div><div class=""><small>Format:</small> <br><strong>[Gen 8] Megas for All</strong></div><div class=""><small><em>HP Percentage Mod:</em> HP is shown in percentages</small></div><div class=""><small><em>Endless Battle Clause:</em> Forcing endless battles is banned</small></div><div class=""><small><em>OHKO Clause:</em> OHKO moves are banned</small></div><div class=""><small><em>Evasion Moves Clause:</em> Evasion moves are banned</small></div><div class=""><small><em>Species Clause:</em> Limit one of each Pokémon</small></div><div class=""><small><em>Dynamax Clause:</em> You cannot dynamax</small></div><div class=""><small><em>Sleep Clause Mod:</em> Limit one foe put to sleep</small></div><div class=""><small><em>Freeze Clause Mod:</em> Limit one foe frozen</small></div><div class="chat battle-history"><strong>Mossy Sandwich's team:</strong> <em style="color:#445566;display:block;">Clefable / Blissey / Corviknight / Buzzwole / Tapu Lele / Landorus-Therian</em></div><div class="chat battle-history"><strong>TheUltraFinder's team:</strong> <em style="color:#445566;display:block;">Parasect / Nidoking / Magnezone / Corviknight / Blissey / Scizor</em></div><div class="chat chatmessage-theultrafinder"><strong style="color:#946524"><small>☆</small><span class="username" data-name="TheUltraFinder">TheUltraFinder</span>:</strong> <em>glhf</em></div><div class="chat"><small> inkbug1 joined</small></div><div class="chat chatmessage-mossysandwich"><strong style="color:#ba49a2"><small>☆</small><span class="username" data-name="Mossy Sandwich">Mossy Sandwich</span>:</strong> <em>gl hf!</em></div><div class="spacer battle-history"><br></div><div class="battle-history">Battle started between Mossy Sandwich and TheUltraFinder!<br></div><div class="spacer battle-history"><br></div><div class="battle-history">Go! <strong>Clefable</strong>!<br></div><div class="spacer battle-history"><br></div><div class="battle-history">TheUltraFinder sent out inkbug's incarnate (<strong>Parasect</strong>)!<br></div><div class="spacer battle-history"><br></div><h2 class="battle-history">Turn 1</h2><div class="spacer battle-history"><br></div><div class="battle-history">Clefable, come back!<br></div><div class="battle-history">Go! <strong>Buzzwole</strong>!<br></div><div class="spacer battle-history"><br></div><div class="battle-history"><small>The opposing inkbug's incarnate's Parasite is reacting to the Key Stone!</small><br>The opposing inkbug's incarnate has Mega Evolved into Mega Parasect!<br></div><div class="chat"><ul class="utilichart"><li class="result"><span class="col pokemonnamecol" style="white-space: nowrap">Parasect-Mega</span> <span class="col typecol"><img src="https://play.pokemonshowdown.com/sprites/types/Bug.png" alt="Bug" height="14" width="32"><img src="https://play.pokemonshowdown.com/sprites/types/Dark.png" alt="Dark" height="14" width="32"></span> <span style="float: left ; min-height: 26px"><span class="col abilitycol">Tinted Lens</span><span class="col abilitycol"></span></span><span style="float: left ; min-height: 26px"><span class="col statcol"><em>HP</em><br>60</span> <span class="col statcol"><em>Atk</em><br>130</span> <span class="col statcol"><em>Def</em><br>80</span> <span class="col statcol"><em>SpA</em><br>40</span> <span class="col statcol"><em>SpD</em><br>80</span> <span class="col statcol"><em>Spe</em><br>115</span> </span></li><li style="clear: both"></li></ul></div><div class="spacer battle-history"><br></div><div class="battle-history">The opposing inkbug's incarnate used <strong>Spore</strong>!<br></div><div class="battle-history"><small>Buzzwole fell asleep!</small><br></div><div class="spacer battle-history"><br></div><h2 class="battle-history">Turn 2</h2><div class="spacer battle-history"><br></div><div class="battle-history">The opposing inkbug's incarnate used <strong>Swords Dance</strong>!<br></div><div class="battle-history"><small>The opposing inkbug's incarnate's Attack rose sharply!</small><br></div><div class="spacer battle-history"><br></div><div class="battle-history">Buzzwole is fast asleep.<br></div><div class="spacer battle-history"><br></div><h2 class="battle-history">Turn 3</h2><div class="spacer battle-history"><br></div><div class="battle-history">The opposing inkbug's incarnate used <strong>Throat Chop</strong>!<br></div><div class="battle-history"><small>It's not very effective...</small><br></div><div class="battle-history"><small>(Buzzwole lost 43% of its health!)</small><br></div><div class="battle-history"><small>Buzzwole woke up!</small><br></div><div class="spacer battle-history"><br></div><div class="battle-history">Buzzwole used <strong>Drain Punch</strong>!<br></div><div class="battle-history"><small>(The opposing inkbug's incarnate lost 42% of its health!)</small><br></div><div class="battle-history"><small>The opposing inkbug's incarnate had its energy drained!</small><br></div><div class="spacer battle-history"><br></div><div class="battle-history"><small>Buzzwole restored a little HP using its Leftovers!</small><br></div><div class="spacer battle-history"><br></div><h2 class="battle-history">Turn 4</h2><div class="spacer battle-history"><br></div><div class="battle-history">Buzzwole, come back!<br></div><div class="battle-history">Go! <strong>Corviknight</strong>!<br></div><div class="battle-history">[Corviknight's Pressure]<br><small>Corviknight is exerting its pressure!</small><br></div><div class="spacer battle-history"><br></div><div class="battle-history">The opposing inkbug's incarnate used <strong>Spore</strong>!<br></div><div class="battle-history"><small>Corviknight fell asleep!</small><br></div><div class="spacer battle-history"><br></div><h2 class="battle-history">Turn 5</h2><div class="spacer battle-history"><br></div><div class="battle-history">Corviknight, come back!<br></div><div class="battle-history">Go! Landorus (<strong>Landorus-Therian</strong>)!<br></div><div class="battle-history">[Landorus's Intimidate]<br></div><div class="battle-history"><small>The opposing inkbug's incarnate's Attack fell!</small><br></div><div class="spacer battle-history"><br></div><div class="battle-history">The opposing inkbug's incarnate used <strong>Leech Life</strong>!<br></div><div class="battle-history"><small>It's not very effective...</small><br></div><div class="battle-history"><small>(Landorus lost 80% of its health!)</small><br></div><div class="battle-history"><small>Landorus had its energy drained!</small><br></div><div class="spacer battle-history"><br></div><h2 class="battle-history">Turn 6</h2><div class="spacer battle-history"><br></div><div class="battle-history">Landorus, come back!<br></div><div class="battle-history">Go! <strong>Buzzwole</strong>!<br></div><div class="spacer battle-history"><br></div><div class="battle-history">The opposing inkbug's incarnate used <strong>Leech Life</strong>!<br></div><div class="battle-history"><small>It's not very effective...</small><br></div><div class="battle-history"><small>(Buzzwole lost 30% of its health!)</small><br></div><div class="battle-history"><small>Buzzwole had its energy drained!</small><br></div><div class="spacer battle-history"><br></div><div class="battle-history"><small>Buzzwole restored a little HP using its Leftovers!</small><br></div><div class="spacer battle-history"><br></div><h2 class="battle-history">Turn 7</h2><div class="spacer battle-history"><br></div><div class="battle-history">The opposing inkbug's incarnate used <strong>Spore</strong>!<br></div><div class="battle-history"><small>Sleep Clause Mod activated.</small><br></div><div class="spacer battle-history"><br></div><div class="battle-history">Buzzwole used <strong>Roost</strong>!<br></div><div class="battle-history"><small>Buzzwole had its HP restored.</small><br></div><div class="spacer battle-history"><br></div><h2 class="battle-history">Turn 8</h2><div class="spacer battle-history"><br></div><div class="battle-history">The opposing inkbug's incarnate used <strong>Throat Chop</strong>!<br></div><div class="battle-history"><small>It's not very effective...</small><br></div><div class="battle-history"><small>(Buzzwole lost 33% of its health!)</small><br></div><div class="spacer battle-history"><br></div><div class="battle-history">Buzzwole used <strong>Bulk Up</strong>!<br></div><div class="battle-history"><small>Buzzwole's Attack rose!</small><br></div><div class="battle-history"><small>Buzzwole's Defense rose!</small><br></div><div class="spacer battle-history"><br></div><div class="battle-history"><small>Buzzwole restored a little HP using its Leftovers!</small><br></div><div class="spacer battle-history"><br></div><h2 class="battle-history">Turn 9</h2><div class="chat chatmessage-mossysandwich"><strong style="color:#ba49a2"><small>☆</small><span class="username" data-name="Mossy Sandwich">Mossy Sandwich</span>:</strong> <em>Wait isn't parasect illegal?</em></div><div class="spacer battle-history"><br></div><div class="battle-history">TheUltraFinder withdrew inkbug's incarnate!<br></div><div class="battle-history">TheUltraFinder sent out <strong>Scizor</strong>!<br></div><div class="spacer battle-history"><br></div><div class="battle-history">Buzzwole used <strong>Drain Punch</strong>!<br></div><div class="battle-history"><small>A critical hit!</small><br></div><div class="battle-history"><small>(The opposing Scizor lost 81% of its health!)</small><br></div><div class="battle-history"><small>The opposing Scizor had its energy drained!</small><br></div><div class="spacer battle-history"><br></div><h2 class="battle-history">Turn 10</h2><div class="chat chatmessage-theultrafinder"><strong style="color:#946524"><small>☆</small><span class="username" data-name="TheUltraFinder">TheUltraFinder</span>:</strong> <em>idk</em></div><div class="chat chatmessage-mossysandwich"><strong style="color:#ba49a2"><small>☆</small><span class="username" data-name="Mossy Sandwich">Mossy Sandwich</span>:</strong> <em>It's A-</em></div><div class="spacer battle-history"><br></div><div class="battle-history">Buzzwole used <strong>Bulk Up</strong>!<br></div><div class="battle-history"><small>Buzzwole's Attack rose!</small><br></div><div class="battle-history"><small>Buzzwole's Defense rose!</small><br></div><div class="spacer battle-history"><br></div><div class="battle-history">The opposing Scizor used <strong>Dual Wingbeat</strong>!<br></div><div class="battle-history"><small>It's super effective!</small><br></div><div class="battle-history"><small>(Buzzwole lost 30% of its health!)</small><br></div><div class="battle-history"><small>It's super effective!</small><br></div><div class="battle-history"><small>(Buzzwole lost 35% of its health!)</small><br></div><div class="battle-history"><small>The Pokémon was hit 2 times!</small><br></div><div class="spacer battle-history"><br></div><div class="battle-history"><small>Buzzwole restored a little HP using its Leftovers!</small><br></div><div class="spacer battle-history"><br></div><h2 class="battle-history">Turn 11</h2><div class="chat chatmessage-theultrafinder"><strong style="color:#946524"><small>☆</small><span class="username" data-name="TheUltraFinder">TheUltraFinder</span>:</strong> <em>FU-</em></div><div class="spacer battle-history"><br></div><div class="battle-history">Buzzwole used <strong>Drain Punch</strong>!<br></div><div class="battle-history"><small>(The opposing Scizor lost 19% of its health!)</small><br></div><div class="battle-history"><small>The opposing Scizor had its energy drained!</small><br></div><div class="spacer battle-history"><br></div><div class="battle-history">The opposing Scizor fainted!<br></div><div class="battle-history">[Buzzwole's Beast Boost]<br></div><div class="battle-history"><small>Buzzwole's Defense rose!</small><br></div><div class="spacer battle-history"><br></div><div class="battle-history"><small>Buzzwole restored a little HP using its Leftovers!</small><br></div><div class="spacer battle-history"><br></div><div class="battle-history">TheUltraFinder sent out <strong>Magnezone</strong>!<br></div><div class="spacer battle-history"><br></div><h2 class="battle-history">Turn 12</h2><div class="spacer battle-history"><br></div><div class="battle-history">Buzzwole used <strong>Drain Punch</strong>!<br></div><div class="battle-history"><small>It's super effective!</small><br></div><div class="battle-history"><small>(The opposing Magnezone lost 100% of its health!)</small><br></div><div class="battle-history"><small>The opposing Magnezone had its energy drained!</small><br></div><div class="spacer battle-history"><br></div><div class="battle-history">The opposing Magnezone fainted!<br></div><div class="battle-history">[Buzzwole's Beast Boost]<br></div><div class="battle-history"><small>Buzzwole's Defense rose!</small><br></div><div class="spacer battle-history"><br></div><div class="battle-history"><small>Buzzwole restored a little HP using its Leftovers!</small><br></div><div class="spacer battle-history"><br></div><div class="battle-history">TheUltraFinder sent out <strong>Corviknight</strong>!<br></div><div class="spacer battle-history"><br></div><h2 class="battle-history">Turn 13</h2><div class="spacer battle-history"><br></div><div class="battle-history">Buzzwole used <strong>Drain Punch</strong>!<br></div><div class="battle-history"><small>(The opposing Corviknight lost 42% of its health!)</small><br></div><div class="spacer battle-history"><br></div><div class="battle-history">The opposing Corviknight used <strong>Tailwind</strong>!<br></div><div class="battle-history"><small>The Tailwind blew from behind the opposing team!</small><br></div><div class="spacer battle-history"><br></div><div class="battle-history"><small>The opposing Corviknight restored a little HP using its Leftovers!</small><br></div><div class="spacer battle-history"><br></div><h2 class="battle-history">Turn 14</h2><div class="spacer battle-history"><br></div><div class="battle-history">The opposing Corviknight used <strong>Taunt</strong>!<br></div><div class="battle-history"><small>Buzzwole fell for the taunt!</small><br></div><div class="spacer battle-history"><br></div><div class="battle-history">Buzzwole can't use Bulk Up after the taunt!<br></div><div class="spacer battle-history"><br></div><div class="battle-history"><small>The opposing Corviknight restored a little HP using its Leftovers!</small><br></div><div class="spacer battle-history"><br></div><h2 class="battle-history">Turn 15</h2><div class="spacer battle-history"><br></div><div class="battle-history">TheUltraFinder withdrew Corviknight!<br></div><div class="battle-history">TheUltraFinder sent out <strong>Nidoking</strong>!<br></div><div class="spacer battle-history"><br></div><div class="battle-history">Buzzwole used <strong>Drain Punch</strong>!<br></div><div class="battle-history"><small>It's not very effective...</small><br></div><div class="battle-history"><small>(The opposing Nidoking lost 40% of its health!)</small><br></div><div class="spacer battle-history"><br></div><h2 class="battle-history">Turn 16</h2><div class="spacer battle-history"><br></div><div class="battle-history">The opposing Nidoking used <strong>Stealth Rock</strong>!<br></div><div class="battle-history"><small>Pointed stones float in the air around your team!</small><br></div><div class="spacer battle-history"><br></div><div class="battle-history">Buzzwole used <strong>Ice Punch</strong>!<br></div><div class="battle-history"><small>It's super effective!</small><br></div><div class="battle-history"><small>(The opposing Nidoking lost 60% of its health!)</small><br></div><div class="spacer battle-history"><br></div><div class="battle-history">The opposing Nidoking fainted!<br></div><div class="battle-history">[Buzzwole's Beast Boost]<br></div><div class="battle-history"><small>Buzzwole's Defense rose!</small><br></div><div class="spacer battle-history"><br></div><div class="battle-history"><small>Buzzwole shook off the taunt!</small><br></div><div class="battle-history"><small>The opposing team's Tailwind petered out!</small><br></div><div class="spacer battle-history"><br></div><div class="battle-history">TheUltraFinder sent out <strong>Corviknight</strong>!<br></div><div class="spacer battle-history"><br></div><h2 class="battle-history">Turn 17</h2><div class="spacer battle-history"><br></div><div class="battle-history">Buzzwole used <strong>Bulk Up</strong>!<br></div><div class="battle-history"><small>Buzzwole's Attack rose!</small><br></div><div class="battle-history"><small>Buzzwole's Defense rose!</small><br></div><div class="spacer battle-history"><br></div><div class="battle-history">The opposing Corviknight used <strong>Tailwind</strong>!<br></div><div class="battle-history"><small>The Tailwind blew from behind the opposing team!</small><br></div><div class="spacer battle-history"><br></div><div class="battle-history"><small>The opposing Corviknight restored a little HP using its Leftovers!</small><br></div><div class="spacer battle-history"><br></div><h2 class="battle-history">Turn 18</h2><div class="spacer battle-history"><br></div><div class="battle-history">The opposing Corviknight used <strong>Taunt</strong>!<br></div><div class="battle-history"><small>Buzzwole fell for the taunt!</small><br></div><div class="spacer battle-history"><br></div><div class="battle-history">Buzzwole can't use Bulk Up after the taunt!<br></div><div class="spacer battle-history"><br></div><div class="battle-history"><small>The opposing Corviknight restored a little HP using its Leftovers!</small><br></div><div class="spacer battle-history"><br></div><h2 class="battle-history">Turn 19</h2><div class="spacer battle-history"><br></div><div class="battle-history">TheUltraFinder withdrew Corviknight!<br></div><div class="battle-history">TheUltraFinder sent out inkbug's incarnate (<strong>Parasect-Mega</strong>)!<br></div><div class="spacer battle-history"><br></div><div class="battle-history">Buzzwole used <strong>Drain Punch</strong>!<br></div><div class="battle-history"><small>(The opposing inkbug's incarnate lost 100% of its health!)</small><br></div><div class="spacer battle-history"><br></div><div class="battle-history">The opposing inkbug's incarnate fainted!<br></div><div class="spacer battle-history"><br></div><div class="battle-history">TheUltraFinder sent out <strong>Corviknight</strong>!<br></div><div class="spacer battle-history"><br></div><h2 class="battle-history">Turn 20</h2><div class="spacer battle-history"><br></div><div class="battle-history">The opposing Corviknight used <strong>Body Press</strong>!<br></div><div class="battle-history"><small>It's not very effective...</small><br></div><div class="battle-history"><small>(Buzzwole lost 1% of its health!)</small><br></div><div class="spacer battle-history"><br></div><div class="battle-history">Buzzwole used <strong>Drain Punch</strong>!<br></div><div class="battle-history"><small>(The opposing Corviknight lost 49% of its health!)</small><br></div><div class="battle-history"><small>The opposing Corviknight had its energy drained!</small><br></div><div class="spacer battle-history"><br></div><div class="battle-history"><small>The opposing Corviknight restored a little HP using its Leftovers!</small><br></div><div class="battle-history"><small>Buzzwole shook off the taunt!</small><br></div><div class="battle-history"><small>The opposing team's Tailwind petered out!</small><br></div><div class="spacer battle-history"><br></div><h2 class="battle-history">Turn 21</h2><div class="spacer battle-history"><br></div><div class="battle-history">Buzzwole used <strong>Drain Punch</strong>!<br></div><div class="battle-history"><small>(The opposing Corviknight lost 40% of its health!)</small><br></div><div class="spacer battle-history"><br></div><div class="battle-history">The opposing Corviknight fainted!<br></div><div class="spacer battle-history"><br></div><div class="battle-history">TheUltraFinder sent out <strong>Blissey</strong>!<br></div><div class="spacer battle-history"><br></div><h2 class="battle-history">Turn 22</h2><div class="chat chatmessage-theultrafinder"><strong style="color:#946524"><small>☆</small><span class="username" data-name="TheUltraFinder">TheUltraFinder</span>:</strong> <em>gg</em></div><div class="chat chatmessage-mossysandwich"><strong style="color:#ba49a2"><small>☆</small><span class="username" data-name="Mossy Sandwich">Mossy Sandwich</span>:</strong> <em>well... does this game count?</em></div><div class="chat chatmessage-mossysandwich"><strong style="color:#ba49a2"><small>☆</small><span class="username" data-name="Mossy Sandwich">Mossy Sandwich</span>:</strong> <em>gg</em></div><div class="chat chatmessage-theultrafinder"><strong style="color:#946524"><small>☆</small><span class="username" data-name="TheUltraFinder">TheUltraFinder</span>:</strong> <em>idk</em></div><div class="spacer battle-history"><br></div><div class="battle-history">Buzzwole used <strong>Drain Punch</strong>!<br></div><div class="battle-history"><small>It's super effective!</small><br></div><div class="battle-history"><small>(The opposing Blissey lost 100% of its health!)</small><br></div><div class="spacer battle-history"><br></div><div class="battle-history">The opposing Blissey fainted!<br></div><div class="spacer battle-history"><br></div><div class="battle-history"><strong>Mossy Sandwich</strong> won the battle!<br></div><div class="chat"><small> pokisokis joined; ☆TheUltraFinder, ☆Mossy Sandwich, and  pokisokis left</small></div></div><div class="inner-preempt message-log"></div></div></div>
</div>
<script>
let daily = Math.floor(Date.now()/1000/60/60/24);document.write('<script src="https://dragonheaven.herokuapp.com/js/replay-embed.js?version'+daily+'"></'+'script>');
</script>
