<!DOCTYPE html>
<meta charset="utf-8" />
<!-- version 1 -->
<title>[Gen 8] Megas for All replay: Sticky Fingaa vs. BlaueBrause</title>
<style>
html,body {font-family:Verdana, sans-serif;font-size:10pt;margin:0;padding:0;}body{padding:12px 0;} .battle-log {font-family:Verdana, sans-serif;font-size:10pt;} .battle-log-inline {border:1px solid #AAAAAA;background:#EEF2F5;color:black;max-width:640px;margin:0 auto 80px;padding-bottom:5px;} .battle-log .inner {padding:4px 8px 0px 8px;} .battle-log .inner-preempt {padding:0 8px 4px 8px;} .battle-log .inner-after {margin-top:0.5em;} .battle-log h2 {margin:0.5em -8px;padding:4px 8px;border:1px solid #AAAAAA;background:#E0E7EA;border-left:0;border-right:0;font-family:Verdana, sans-serif;font-size:13pt;} .battle-log .chat {vertical-align:middle;padding:3px 0 3px 0;font-size:8pt;} .battle-log .chat strong {color:#40576A;} .battle-log .chat em {padding:1px 4px 1px 3px;color:#000000;font-style:normal;} .chat.mine {background:rgba(0,0,0,0.05);margin-left:-8px;margin-right:-8px;padding-left:8px;padding-right:8px;} .spoiler {color:#BBBBBB;background:#BBBBBB;padding:0px 3px;} .spoiler:hover, .spoiler:active, .spoiler-shown {color:#000000;background:#E2E2E2;padding:0px 3px;} .spoiler a {color:#BBBBBB;} .spoiler:hover a, .spoiler:active a, .spoiler-shown a {color:#2288CC;} .chat code, .chat .spoiler:hover code, .chat .spoiler:active code, .chat .spoiler-shown code {border:1px solid #C0C0C0;background:#EEEEEE;color:black;padding:0 2px;} .chat .spoiler code {border:1px solid #CCCCCC;background:#CCCCCC;color:#CCCCCC;} .battle-log .rated {padding:3px 4px;} .battle-log .rated strong {color:white;background:#89A;padding:1px 4px;border-radius:4px;} .spacer {margin-top:0.5em;} .message-announce {background:#6688AA;color:white;padding:1px 4px 2px;} .message-announce a, .broadcast-green a, .broadcast-blue a, .broadcast-red a {color:#DDEEFF;} .broadcast-green {background-color:#559955;color:white;padding:2px 4px;} .broadcast-blue {background-color:#6688AA;color:white;padding:2px 4px;} .infobox {border:1px solid #6688AA;padding:2px 4px;} .infobox-limited {max-height:200px;overflow:auto;overflow-x:hidden;} .broadcast-red {background-color:#AA5544;color:white;padding:2px 4px;} .message-learn-canlearn {font-weight:bold;color:#228822;text-decoration:underline;} .message-learn-cannotlearn {font-weight:bold;color:#CC2222;text-decoration:underline;} .message-effect-weak {font-weight:bold;color:#CC2222;} .message-effect-resist {font-weight:bold;color:#6688AA;} .message-effect-immune {font-weight:bold;color:#666666;} .message-learn-list {margin-top:0;margin-bottom:0;} .message-throttle-notice, .message-error {color:#992222;} .message-overflow, .chat small.message-overflow {font-size:0pt;} .message-overflow::before {font-size:9pt;content:'...';} .subtle {color:#3A4A66;}
</style>
<div class="wrapper replay-wrapper" style="max-width:1180px;margin:0 auto">
<input type="hidden" name="replayid" value="dragonheaven-gen8megasforall-281" />
<div class="battle"></div><div class="battle-log"></div><div class="replay-controls"></div><div class="replay-controls-2"></div>
<h1 style="font-weight:normal;text-align:center"><strong>[Gen 8] Megas for All</strong><br /><a href="http://pokemonshowdown.com/users/stickyfingaa" class="subtle" target="_blank">Sticky Fingaa</a> vs. <a href="http://pokemonshowdown.com/users/blauebrause" class="subtle" target="_blank">BlaueBrause</a></h1>
<script type="text/plain" class="battle-log-data">|j|☆Sticky Fingaa
|j|☆BlaueBrause
|t:|1615666020
|player|p1|Sticky Fingaa|cress|
|player|p2|BlaueBrause|psychic|
|teamsize|p1|6
|teamsize|p2|6
|gametype|singles
|gen|8
|tier|[Gen 8] Megas for All
|clearpoke
|poke|p1|Flygon, F|
|poke|p1|Rotom-Wash|
|poke|p1|Clefable, F|
|poke|p1|Tangrowth, F|
|poke|p1|Volcanion|
|poke|p1|Landorus-Therian, M|
|poke|p2|Araquanid, F|
|poke|p2|Nidoqueen, F|
|poke|p2|Slowking, M|
|poke|p2|Weavile, M|
|poke|p2|Zapdos|
|poke|p2|Victini|
|rule|HP Percentage Mod: HP is shown in percentages
|rule|Endless Battle Clause: Forcing endless battles is banned
|rule|OHKO Clause: OHKO moves are banned
|rule|Evasion Moves Clause: Evasion moves are banned
|rule|Species Clause: Limit one of each Pokémon
|rule|Dynamax Clause: You cannot dynamax
|rule|Sleep Clause Mod: Limit one foe put to sleep
|rule|Freeze Clause Mod: Limit one foe frozen
|raw|<img src="https:\/\/www.smogon.com\/forums\/attachments\/banner_2-png.302358\/" height="65" width="381">
|-message|Welcome to Megas for All!
|-message|This is a National Dex-based format where we aim to give a new Mega Evolution to every Pokémon.
|-message|Just like any official format, you can still only Mega Evolve one Pokémon per team!
|-message|You can find our thread and metagame resources here:
|-message|https:\/\/www.smogon.com\/forums\/threads\/3671140\/
|teampreview
|c|☆Sticky Fingaa|hf
|j|+inkbug1

|c|☆BlaueBrause|glhf!
|
|t:|1615666040
|start
|switch|p1a: Rotom|Rotom-Wash|100\/100
|switch|p2a: Louis|Slowking, M|100\/100
|turn|1
|
|t:|1615666046
|move|p1a: Rotom|Thunder Wave|p2a: Louis
|-status|p2a: Louis|par
|move|p2a: Louis|Future Sight|p1a: Rotom
|-start|p2a: Louis|move: Future Sight
|
|upkeep
|turn|2
|
|t:|1615666052
|move|p1a: Rotom|Volt Switch|p2a: Louis
|-supereffective|p2a: Louis
|-damage|p2a: Louis|70\/100 par
|
|t:|1615666063
|switch|p1a: Landorus|Landorus-Therian, M|100\/100|[from]move: Volt Switch
|-ability|p1a: Landorus|Intimidate|boost
|-unboost|p2a: Louis|atk|1
|move|p2a: Louis|Teleport|p2a: Louis
|
|t:|1615666081
|switch|p2a: Guitar Hero|Zapdos|100\/100|[from]move: Teleport
|
|upkeep
|turn|3
|
|t:|1615666090
|switch|p1a: Tangrowth|Tangrowth, F|100\/100
|move|p2a: Guitar Hero|Hurricane|p1a: Tangrowth
|-supereffective|p1a: Tangrowth
|-damage|p1a: Tangrowth|43\/100
|-start|p1a: Tangrowth|confusion
|
|-end|p1a: Tangrowth|move: Future Sight
|-damage|p1a: Tangrowth|15\/100
|upkeep
|turn|4
|
|t:|1615666123
|switch|p1a: Rotom|Rotom-Wash|100\/100
|move|p2a: Guitar Hero|Discharge|p1a: Rotom
|-damage|p1a: Rotom|66\/100
|
|-heal|p1a: Rotom|72\/100|[from] item: Leftovers
|upkeep
|turn|5
|
|t:|1615666132
|switch|p2a: Louis|Slowking, M|100\/100 par
|move|p1a: Rotom|Hydro Pump|p2a: Louis
|-resisted|p2a: Louis
|-damage|p2a: Louis|89\/100 par
|
|-heal|p1a: Rotom|78\/100|[from] item: Leftovers
|upkeep
|turn|6
|
|t:|1615666139
|move|p1a: Rotom|Volt Switch|p2a: Louis
|-supereffective|p2a: Louis
|-damage|p2a: Louis|58\/100 par
|
|t:|1615666144
|switch|p1a: Tangrowth|Tangrowth, F|48\/100|[from]move: Volt Switch
|move|p2a: Louis|Teleport|p2a: Louis
|
|t:|1615666151
|switch|p2a: Out of the Blue|Weavile, M|100\/100|[from]move: Teleport
|-ability|p2a: Out of the Blue|Pressure
|
|upkeep
|turn|7
|
|t:|1615666160
|switch|p1a: Volcanion|Volcanion|100\/100
|move|p2a: Out of the Blue|Knock Off|p1a: Volcanion
|-damage|p1a: Volcanion|48\/100
|-enditem|p1a: Volcanion|Choice Specs|[from] move: Knock Off|[of] p2a: Out of the Blue
|
|upkeep
|turn|8
|
|t:|1615666175
|switch|p2a: Louis|Slowking, M|91\/100 par
|switch|p1a: Landorus|Landorus-Therian, M|100\/100
|-ability|p1a: Landorus|Intimidate|boost
|-unboost|p2a: Louis|atk|1
|
|upkeep
|turn|9
|
|t:|1615666183
|move|p1a: Landorus|Stealth Rock|p2a: Louis
|-sidestart|p2: BlaueBrause|move: Stealth Rock
|move|p2a: Louis|Scald|p1a: Landorus
|-supereffective|p1a: Landorus
|-damage|p1a: Landorus|32\/100
|
|upkeep
|turn|10
|
|t:|1615666190
|move|p1a: Landorus|U-turn|p2a: Louis
|-supereffective|p2a: Louis
|-damage|p2a: Louis|38\/100 par
|
|t:|1615666203
|switch|p1a: Tangrowth|Tangrowth, F|81\/100|[from]move: U-turn
|move|p2a: Louis|Teleport|p2a: Louis
|
|t:|1615666209
|switch|p2a: Guitar Hero|Zapdos|100\/100|[from]move: Teleport
|
|upkeep
|turn|11
|
|t:|1615666228
|switch|p1a: Clefable|Clefable, F|100\/100
|move|p2a: Guitar Hero|Defog|p1a: Clefable
|-unboost|p1a: Clefable|evasion|1
|-sideend|p2: BlaueBrause|Stealth Rock|[from] move: Defog|[of] p2a: Guitar Hero
|
|upkeep
|turn|12
|
|t:|1615666235
|switch|p2a: Jane|Nidoqueen, F|100\/100
|move|p1a: Clefable|Calm Mind|p1a: Clefable
|-boost|p1a: Clefable|spa|1
|-boost|p1a: Clefable|spd|1
|
|upkeep
|turn|13
|
|t:|1615666249
|switch|p1a: Flygon|Flygon, F|100\/100
|move|p2a: Jane|Taunt|p1a: Flygon
|-start|p1a: Flygon|move: Taunt
|
|upkeep
|turn|14
|
|t:|1615666262
|switch|p2a: Guitar Hero|Zapdos|100\/100
|detailschange|p1a: Flygon|Flygon-Mega, F
|-mega|p1a: Flygon|Flygon|Flygonite
|-ability|p1a: Flygon|Desert Gales
|-weather|Desert Gales|[silent]
|-message|Desert gales kicked up!
|-message|Normal-type moves will become Ground-type.
|-message|Rock-, Ground- and Steel-type moves will also have their power increased.
|-message|Other weather-related moves and Abilities will behave as they do in sandstorm.
|-start|p1a: Flygon|typechange|Ground\/Dragon|[silent]
|raw|<ul class="utilichart"><li class="result"><span class="col pokemonnamecol" style="white-space: nowrap">Flygon-Mega<\/span> <span class="col typecol"><img src="https:\/\/play.pokemonshowdown.com\/sprites\/types\/Ground.png" alt="Ground" height="14" width="32"><img src="https:\/\/play.pokemonshowdown.com\/sprites\/types\/Dragon.png" alt="Dragon" height="14" width="32"><\/span> <span style="float: left ; min-height: 26px"><span class="col abilitycol">Desert Gales<\/span><span class="col abilitycol"><\/span><\/span><span style="float: left ; min-height: 26px"><span class="col statcol"><em>HP<\/em><br>80<\/span> <span class="col statcol"><em>Atk<\/em><br>130<\/span> <span class="col statcol"><em>Def<\/em><br>95<\/span> <span class="col statcol"><em>SpA<\/em><br>105<\/span> <span class="col statcol"><em>SpD<\/em><br>105<\/span> <span class="col statcol"><em>Spe<\/em><br>105<\/span> <\/span><\/li><li style="clear: both"><\/li><\/ul>
|-message|Extreme Speed became Ground-type in the desert gales!
|move|p1a: Flygon|Extreme Speed|p2a: Guitar Hero
|-immune|p2a: Guitar Hero
|
|-weather|Desert Gales|[upkeep]
|-message|The desert gales are raging!
|upkeep
|turn|15
|
|t:|1615666276
|move|p1a: Flygon|Dragon Claw|p2a: Guitar Hero
|-damage|p2a: Guitar Hero|63\/100
|move|p2a: Guitar Hero|Hurricane|p1a: Flygon
|-damage|p1a: Flygon|48\/100
|
|-end|p1a: Flygon|move: Taunt
|-weather|Desert Gales|[upkeep]
|-message|The desert gales are raging!
|upkeep
|turn|16
|
|t:|1615666296
|switch|p1a: Rotom|Rotom-Wash|78\/100
|move|p2a: Guitar Hero|Roost|p2a: Guitar Hero
|-heal|p2a: Guitar Hero|100\/100
|-singleturn|p2a: Guitar Hero|move: Roost
|
|-heal|p1a: Rotom|84\/100|[from] item: Leftovers
|-weather|Desert Gales|[upkeep]
|-message|The desert gales are raging!
|upkeep
|turn|17
|
|t:|1615666305
|switch|p2a: Louis|Slowking, M|71\/100 par
|move|p1a: Rotom|Volt Switch|p2a: Louis
|-supereffective|p2a: Louis
|-damage|p2a: Louis|42\/100 par
|
|t:|1615666309
|switch|p1a: Flygon|Flygon-Mega, F|48\/100|[from]move: Volt Switch
|-start|p1a: Flygon|typechange|Ground\/Dragon|[silent]
|
|-weather|Desert Gales|[upkeep]
|-message|The desert gales are raging!
|upkeep
|turn|18
|
|t:|1615666315
|switch|p2a: Guitar Hero|Zapdos|100\/100
|move|p1a: Flygon|Dragon Dance|p1a: Flygon
|-boost|p1a: Flygon|atk|1
|-boost|p1a: Flygon|spe|1
|
|-weather|none|[silent]
|-message|The desert gales subsided!
|upkeep
|turn|19
|
|t:|1615666322
|move|p1a: Flygon|Dragon Claw|p2a: Guitar Hero
|-crit|p2a: Guitar Hero
|-damage|p2a: Guitar Hero|22\/100
|move|p2a: Guitar Hero|Hurricane|p1a: Flygon
|-damage|p1a: Flygon|0 fnt
|faint|p1a: Flygon
|
|upkeep
|
|t:|1615666331
|switch|p1a: Rotom|Rotom-Wash|84\/100
|turn|20
|
|t:|1615666336
|switch|p2a: Louis|Slowking, M|75\/100 par
|move|p1a: Rotom|Volt Switch|p2a: Louis
|-supereffective|p2a: Louis
|-damage|p2a: Louis|48\/100 par
|
|t:|1615666343
|switch|p1a: Tangrowth|Tangrowth, F|100\/100|[from]move: Volt Switch
|
|upkeep
|turn|21
|
|t:|1615666366
|switch|p2a: Jane|Nidoqueen, F|100\/100
|move|p1a: Tangrowth|Sludge Bomb|p2a: Jane
|-resisted|p2a: Jane
|-damage|p2a: Jane|96\/100
|
|upkeep
|turn|22
|
|t:|1615666375
|switch|p1a: Landorus|Landorus-Therian, M|32\/100
|-ability|p1a: Landorus|Intimidate|boost
|-unboost|p2a: Jane|atk|1
|move|p2a: Jane|Stealth Rock|p1a: Landorus
|-sidestart|p1: Sticky Fingaa|move: Stealth Rock
|
|upkeep
|turn|23
|
|t:|1615666391
|switch|p2a: My Immortal|Araquanid, F|100\/100
|move|p1a: Landorus|Stealth Rock|p2a: My Immortal
|-sidestart|p2: BlaueBrause|move: Stealth Rock
|
|upkeep
|turn|24
|
|t:|1615666399
|detailschange|p2a: My Immortal|Araquanid-Mega, F
|-mega|p2a: My Immortal|Araquanid|Araquanite
|-start|p2a: My Immortal|typechange|Water\/Bug|[silent]
|raw|<ul class="utilichart"><li class="result"><span class="col pokemonnamecol" style="white-space: nowrap">Araquanid-Mega<\/span> <span class="col typecol"><img src="https:\/\/play.pokemonshowdown.com\/sprites\/types\/Water.png" alt="Water" height="14" width="32"><img src="https:\/\/play.pokemonshowdown.com\/sprites\/types\/Bug.png" alt="Bug" height="14" width="32"><\/span> <span style="float: left ; min-height: 26px"><span class="col abilitycol">Body of Water<\/span><span class="col abilitycol"><\/span><\/span><span style="float: left ; min-height: 26px"><span class="col statcol"><em>HP<\/em><br>68<\/span> <span class="col statcol"><em>Atk<\/em><br>70<\/span> <span class="col statcol"><em>Def<\/em><br>147<\/span> <span class="col statcol"><em>SpA<\/em><br>50<\/span> <span class="col statcol"><em>SpD<\/em><br>177<\/span> <span class="col statcol"><em>Spe<\/em><br>42<\/span> <\/span><\/li><li style="clear: both"><\/li><\/ul>
|move|p1a: Landorus|Stone Edge|p2a: My Immortal
|-supereffective|p2a: My Immortal
|-damage|p2a: My Immortal|49\/100
|move|p2a: My Immortal|Substitute|p2a: My Immortal
|-start|p2a: My Immortal|Substitute
|-damage|p2a: My Immortal|24\/100
|
|upkeep
|turn|25
|
|t:|1615666408
|move|p1a: Landorus|Earthquake|p2a: My Immortal
|-resisted|p2a: My Immortal
|-activate|p2a: My Immortal|move: Substitute|[damage]
|move|p2a: My Immortal|Scald|p1a: Landorus
|-supereffective|p1a: Landorus
|-damage|p1a: Landorus|0 fnt
|faint|p1a: Landorus
|
|upkeep
|
|t:|1615666416
|switch|p1a: Volcanion|Volcanion|48\/100
|-damage|p1a: Volcanion|23\/100|[from] Stealth Rock
|turn|26
|
|t:|1615666423
|move|p1a: Volcanion|Steam Eruption|p2a: My Immortal
|-resisted|p2a: My Immortal
|-end|p2a: My Immortal|Substitute
|move|p2a: My Immortal|Rest|p2a: My Immortal
|-status|p2a: My Immortal|slp|[from] move: Rest
|-heal|p2a: My Immortal|100\/100 slp|[silent]
|
|upkeep
|turn|27
|
|t:|1615666443
|move|p1a: Volcanion|Flamethrower|p2a: My Immortal
|-damage|p2a: My Immortal|77\/100 slp
|cant|p2a: My Immortal|slp
|
|upkeep
|turn|28
|
|t:|1615666457
|switch|p1a: Rotom|Rotom-Wash|84\/100
|-damage|p1a: Rotom|72\/100|[from] Stealth Rock
|cant|p2a: My Immortal|slp
|
|-heal|p1a: Rotom|78\/100|[from] item: Leftovers
|upkeep
|turn|29
|
|t:|1615666466
|move|p1a: Rotom|Volt Switch|p2a: My Immortal
|-supereffective|p2a: My Immortal
|-damage|p2a: My Immortal|51\/100 slp
|
|t:|1615666469
|switch|p1a: Volcanion|Volcanion|23\/100|[from]move: Volt Switch
|-damage|p1a: Volcanion|0 fnt|[from] Stealth Rock
|faint|p1a: Volcanion
|-curestatus|p2a: My Immortal|slp|[msg]
|move|p2a: My Immortal|Stockpile|p2a: My Immortal
|-start|p2a: My Immortal|stockpile1
|-boost|p2a: My Immortal|def|1
|-boost|p2a: My Immortal|spd|1
|
|upkeep
|
|t:|1615666473
|switch|p1a: Clefable|Clefable, F|100\/100
|turn|30
|
|t:|1615666483
|switch|p2a: Jane|Nidoqueen, F|96\/100
|-damage|p2a: Jane|90\/100|[from] Stealth Rock
|move|p1a: Clefable|Calm Mind|p1a: Clefable
|-boost|p1a: Clefable|spa|1
|-boost|p1a: Clefable|spd|1
|
|upkeep
|turn|31
|
|t:|1615666490
|move|p2a: Jane|Taunt|p1a: Clefable
|-start|p1a: Clefable|move: Taunt
|cant|p1a: Clefable|move: Taunt|Calm Mind
|
|upkeep
|turn|32
|
|t:|1615666496
|switch|p1a: Rotom|Rotom-Wash|78\/100
|-damage|p1a: Rotom|66\/100|[from] Stealth Rock
|move|p2a: Jane|Earthquake|p1a: Rotom
|-immune|p1a: Rotom|[from] ability: Levitate
|
|-heal|p1a: Rotom|72\/100|[from] item: Leftovers
|upkeep
|turn|33
|
|t:|1615666505
|switch|p2a: Louis|Slowking, M|81\/100 par
|move|p1a: Rotom|Hydro Pump|p2a: Louis
|-resisted|p2a: Louis
|-damage|p2a: Louis|69\/100 par
|
|-heal|p1a: Rotom|78\/100|[from] item: Leftovers
|upkeep
|turn|34
|
|t:|1615666513
|move|p1a: Rotom|Volt Switch|p2a: Louis
|-supereffective|p2a: Louis
|-damage|p2a: Louis|41\/100 par
|
|t:|1615666516
|switch|p1a: Clefable|Clefable, F|100\/100|[from]move: Volt Switch
|move|p2a: Louis|Future Sight|p1a: Clefable
|-start|p2a: Louis|move: Future Sight
|
|upkeep
|turn|35
|
|t:|1615666522
|switch|p2a: Jane|Nidoqueen, F|90\/100
|-damage|p2a: Jane|84\/100|[from] Stealth Rock
|move|p1a: Clefable|Calm Mind|p1a: Clefable
|-boost|p1a: Clefable|spa|1
|-boost|p1a: Clefable|spd|1
|
|upkeep
|turn|36
|
|t:|1615666529
|move|p2a: Jane|Taunt|p1a: Clefable
|-start|p1a: Clefable|move: Taunt
|move|p1a: Clefable|Moonblast|p2a: Jane
|-resisted|p2a: Jane
|-damage|p2a: Jane|63\/100
|-unboost|p2a: Jane|spa|1
|
|-end|p1a: Clefable|move: Future Sight
|-damage|p1a: Clefable|72\/100
|upkeep
|turn|37
|
|t:|1615666538
|switch|p1a: Rotom|Rotom-Wash|78\/100
|-damage|p1a: Rotom|66\/100|[from] Stealth Rock
|move|p2a: Jane|Milk Drink|p2a: Jane
|-heal|p2a: Jane|100\/100
|
|-heal|p1a: Rotom|72\/100|[from] item: Leftovers
|upkeep
|turn|38
|
|t:|1615666547
|switch|p2a: Louis|Slowking, M|74\/100 par
|move|p1a: Rotom|Volt Switch|p2a: Louis
|-supereffective|p2a: Louis
|-damage|p2a: Louis|45\/100 par
|
|t:|1615666550
|switch|p1a: Tangrowth|Tangrowth, F|100\/100|[from]move: Volt Switch
|-damage|p1a: Tangrowth|88\/100|[from] Stealth Rock
|
|upkeep
|turn|39
|
|t:|1615666559
|switch|p2a: Jane|Nidoqueen, F|100\/100
|-damage|p2a: Jane|94\/100|[from] Stealth Rock
|move|p1a: Tangrowth|Knock Off|p2a: Jane
|-damage|p2a: Jane|76\/100
|-damage|p1a: Tangrowth|72\/100|[from] item: Rocky Helmet|[of] p2a: Jane
|-status|p1a: Tangrowth|psn|[from] ability: Poison Point|[of] p2a: Jane
|-enditem|p2a: Jane|Rocky Helmet|[from] move: Knock Off|[of] p1a: Tangrowth
|
|-damage|p1a: Tangrowth|59\/100 psn|[from] psn
|upkeep
|turn|40
|
|t:|1615666575
|move|p2a: Jane|Earthquake|p1a: Tangrowth
|-resisted|p1a: Tangrowth
|-damage|p1a: Tangrowth|50\/100 psn
|move|p1a: Tangrowth|Giga Drain|p2a: Jane
|-damage|p2a: Jane|50\/100
|-heal|p1a: Tangrowth|62\/100 psn|[from] drain|[of] p2a: Jane
|
|-damage|p1a: Tangrowth|49\/100 psn|[from] psn
|upkeep
|turn|41
|
|t:|1615666584
|move|p2a: Jane|Milk Drink|p2a: Jane
|-heal|p2a: Jane|100\/100
|move|p1a: Tangrowth|Sludge Bomb|p2a: Jane
|-resisted|p2a: Jane
|-damage|p2a: Jane|96\/100
|
|-damage|p1a: Tangrowth|37\/100 psn|[from] psn
|upkeep
|turn|42
|
|t:|1615666592
|switch|p1a: Rotom|Rotom-Wash|72\/100
|-damage|p1a: Rotom|59\/100|[from] Stealth Rock
|move|p2a: Jane|Earthquake|p1a: Rotom
|-immune|p1a: Rotom|[from] ability: Levitate
|
|-heal|p1a: Rotom|66\/100|[from] item: Leftovers
|upkeep
|turn|43
|
|t:|1615666600
|switch|p2a: Louis|Slowking, M|78\/100 par
|move|p1a: Rotom|Hydro Pump|p2a: Louis
|-resisted|p2a: Louis
|-damage|p2a: Louis|66\/100 par
|
|-heal|p1a: Rotom|72\/100|[from] item: Leftovers
|upkeep
|turn|44
|
|t:|1615666609
|move|p1a: Rotom|Volt Switch|p2a: Louis
|-supereffective|p2a: Louis
|-damage|p2a: Louis|34\/100 par
|
|t:|1615666612
|switch|p1a: Tangrowth|Tangrowth, F|70\/100 psn|[from]move: Volt Switch
|-damage|p1a: Tangrowth|58\/100 psn|[from] Stealth Rock
|move|p2a: Louis|Teleport|p2a: Louis
|
|t:|1615666619
|switch|p2a: Guitar Hero|Zapdos|22\/100|[from]move: Teleport
|
|-damage|p1a: Tangrowth|45\/100 psn|[from] psn
|upkeep
|turn|45
|
|t:|1615666626
|move|p2a: Guitar Hero|Roost|p2a: Guitar Hero
|-heal|p2a: Guitar Hero|72\/100
|-singleturn|p2a: Guitar Hero|move: Roost
|move|p1a: Tangrowth|Knock Off|p2a: Guitar Hero
|-damage|p2a: Guitar Hero|53\/100
|-enditem|p2a: Guitar Hero|Heavy-Duty Boots|[from] move: Knock Off|[of] p1a: Tangrowth
|
|-damage|p1a: Tangrowth|33\/100 psn|[from] psn
|upkeep
|turn|46
|
|t:|1615666635
|switch|p1a: Rotom|Rotom-Wash|72\/100
|-damage|p1a: Rotom|59\/100|[from] Stealth Rock
|move|p2a: Guitar Hero|Defog|p1a: Rotom
|-unboost|p1a: Rotom|evasion|1
|-sideend|p1: Sticky Fingaa|Stealth Rock|[from] move: Defog|[of] p2a: Guitar Hero
|-sideend|p2: BlaueBrause|Stealth Rock|[from] move: Defog|[of] p2a: Guitar Hero
|
|-heal|p1a: Rotom|66\/100|[from] item: Leftovers
|upkeep
|turn|47
|
|t:|1615666646
|move|p1a: Rotom|Hydro Pump|p2a: Guitar Hero
|-damage|p2a: Guitar Hero|16\/100
|move|p2a: Guitar Hero|Roost|p2a: Guitar Hero
|-heal|p2a: Guitar Hero|66\/100
|-singleturn|p2a: Guitar Hero|move: Roost
|
|-heal|p1a: Rotom|72\/100|[from] item: Leftovers
|upkeep
|turn|48
|
|t:|1615666654
|move|p1a: Rotom|Volt Switch|p2a: Guitar Hero
|-damage|p2a: Guitar Hero|42\/100
|
|t:|1615666657
|switch|p1a: Clefable|Clefable, F|72\/100|[from]move: Volt Switch
|move|p2a: Guitar Hero|Roost|p2a: Guitar Hero
|-heal|p2a: Guitar Hero|92\/100
|-singleturn|p2a: Guitar Hero|move: Roost
|
|upkeep
|turn|49
|
|t:|1615666665
|switch|p2a: Jane|Nidoqueen, F|96\/100
|switch|p1a: Tangrowth|Tangrowth, F|66\/100 psn
|
|-damage|p1a: Tangrowth|54\/100 psn|[from] psn
|upkeep
|turn|50
|
|t:|1615666673
|move|p2a: Jane|Stealth Rock|p1a: Tangrowth
|-sidestart|p1: Sticky Fingaa|move: Stealth Rock
|move|p1a: Tangrowth|Earthquake|p2a: Jane
|-supereffective|p2a: Jane
|-damage|p2a: Jane|61\/100
|
|-damage|p1a: Tangrowth|41\/100 psn|[from] psn
|upkeep
|turn|51
|
|t:|1615666681
|switch|p1a: Rotom|Rotom-Wash|72\/100
|-damage|p1a: Rotom|59\/100|[from] Stealth Rock
|move|p2a: Jane|Milk Drink|p2a: Jane
|-heal|p2a: Jane|100\/100
|
|-heal|p1a: Rotom|66\/100|[from] item: Leftovers
|upkeep
|turn|52
|
|t:|1615666689
|switch|p2a: Louis|Slowking, M|67\/100 par
|move|p1a: Rotom|Defog|p2a: Louis
|-unboost|p2a: Louis|evasion|1
|-sideend|p1: Sticky Fingaa|Stealth Rock|[from] move: Defog|[of] p1a: Rotom
|
|-heal|p1a: Rotom|72\/100|[from] item: Leftovers
|upkeep
|turn|53
|
|t:|1615666697
|move|p1a: Rotom|Volt Switch|p2a: Louis
|-supereffective|p2a: Louis
|-damage|p2a: Louis|35\/100 par
|
|t:|1615666701
|switch|p1a: Clefable|Clefable, F|72\/100|[from]move: Volt Switch
|move|p2a: Louis|Teleport|p2a: Louis
|
|t:|1615666709
|switch|p2a: Nimm zwei!|Victini|100\/100|[from]move: Teleport
|
|upkeep
|turn|54
|
|t:|1615666719
|switch|p1a: Rotom|Rotom-Wash|72\/100
|move|p2a: Nimm zwei!|V-create|p1a: Rotom
|-resisted|p1a: Rotom
|-damage|p1a: Rotom|32\/100
|-unboost|p2a: Nimm zwei!|spe|1
|-unboost|p2a: Nimm zwei!|def|1
|-unboost|p2a: Nimm zwei!|spd|1
|
|-heal|p1a: Rotom|39\/100|[from] item: Leftovers
|upkeep
|turn|55
|
|t:|1615666729
|move|p2a: Nimm zwei!|V-create|p1a: Rotom
|-resisted|p1a: Rotom
|-damage|p1a: Rotom|0 fnt
|-unboost|p2a: Nimm zwei!|spe|1
|-unboost|p2a: Nimm zwei!|def|1
|-unboost|p2a: Nimm zwei!|spd|1
|faint|p1a: Rotom
|
|upkeep
|
|t:|1615666734
|switch|p1a: Clefable|Clefable, F|72\/100
|turn|56
|
|t:|1615666739
|switch|p2a: Jane|Nidoqueen, F|100\/100
|move|p1a: Clefable|Calm Mind|p1a: Clefable
|-boost|p1a: Clefable|spa|1
|-boost|p1a: Clefable|spd|1
|
|upkeep
|turn|57
|
|t:|1615666745
|move|p2a: Jane|Taunt|p1a: Clefable
|-start|p1a: Clefable|move: Taunt
|move|p1a: Clefable|Moonblast|p2a: Jane
|-resisted|p2a: Jane
|-damage|p2a: Jane|82\/100
|-unboost|p2a: Jane|spa|1
|
|upkeep
|turn|58
|
|t:|1615666755
|move|p2a: Jane|Stealth Rock|p1a: Clefable
|-sidestart|p1: Sticky Fingaa|move: Stealth Rock
|move|p1a: Clefable|Moonblast|p2a: Jane
|-resisted|p2a: Jane
|-damage|p2a: Jane|63\/100
|
|upkeep
|turn|59
|
|t:|1615666761
|move|p2a: Jane|Milk Drink|p2a: Jane
|-heal|p2a: Jane|100\/100
|move|p1a: Clefable|Moonblast|p2a: Jane
|-resisted|p2a: Jane
|-damage|p2a: Jane|81\/100
|
|-end|p1a: Clefable|move: Taunt
|upkeep
|turn|60
|-message|Sticky Fingaa forfeited.
|
|win|BlaueBrause
|l|☆Sticky Fingaa
|c|☆BlaueBrause|gg</script>
</div>
<div class="battle-log battle-log-inline"><div class="inner"><div class="battle-options"><div style="padding-top: 3px; padding-right: 3px; text-align: right"><button class="icon button" name="openBattleOptions" title="Options">Battle Options</button></div></div><div class="inner message-log"><div class="chat"><small>☆Sticky Fingaa and ☆BlaueBrause joined</small></div><div class=""><small>Format:</small> <br><strong>[Gen 8] Megas for All</strong></div><div class=""><small><em>HP Percentage Mod:</em> HP is shown in percentages</small></div><div class=""><small><em>Endless Battle Clause:</em> Forcing endless battles is banned</small></div><div class=""><small><em>OHKO Clause:</em> OHKO moves are banned</small></div><div class=""><small><em>Evasion Moves Clause:</em> Evasion moves are banned</small></div><div class=""><small><em>Species Clause:</em> Limit one of each Pokémon</small></div><div class=""><small><em>Dynamax Clause:</em> You cannot dynamax</small></div><div class=""><small><em>Sleep Clause Mod:</em> Limit one foe put to sleep</small></div><div class=""><small><em>Freeze Clause Mod:</em> Limit one foe frozen</small></div><div class="chat"><img src="https://www.smogon.com/forums/attachments/banner_2-png.302358/" height="65" width="381"></div><div class="spacer battle-history"><br></div><div class="battle-history"><small>Welcome to Megas for All!</small><br></div><div class="battle-history"><small>This is a National Dex-based format where we aim to give a new Mega Evolution to every Pokémon.</small><br></div><div class="battle-history"><small>Just like any official format, you can still only Mega Evolve one Pokémon per team!</small><br></div><div class="battle-history"><small>You can find our thread and metagame resources here:</small><br></div><div class="battle-history"><small>https://www.smogon.com/forums/threads/3671140/</small><br></div><div class="chat battle-history"><strong>Sticky Fingaa's team:</strong> <em style="color:#445566;display:block;">Flygon / Rotom-Wash / Clefable / Tangrowth / Volcanion / Landorus-Therian</em></div><div class="chat battle-history"><strong>BlaueBrause's team:</strong> <em style="color:#445566;display:block;">Araquanid / Nidoqueen / Slowking / Weavile / Zapdos / Victini</em></div><div class="chat chatmessage-stickyfingaa"><strong style="color:#e76311"><small>☆</small><span class="username" data-name="Sticky Fingaa">Sticky Fingaa</span>:</strong> <em>hf</em></div><div class="chat"><small>+inkbug1 joined</small></div><div class="chat chatmessage-blauebrause"><strong style="color:#6b66e4"><small>☆</small><span class="username" data-name="BlaueBrause">BlaueBrause</span>:</strong> <em>glhf!</em></div><div class="spacer battle-history"><br></div><div class="battle-history">Battle started between Sticky Fingaa and BlaueBrause!<br></div><div class="spacer battle-history"><br></div><div class="battle-history">Go! Rotom (<strong>Rotom-Wash</strong>)!<br></div><div class="spacer battle-history"><br></div><div class="battle-history">BlaueBrause sent out Louis (<strong>Slowking</strong>)!<br></div><div class="spacer battle-history"><br></div><h2 class="battle-history">Turn 1</h2><div class="spacer battle-history"><br></div><div class="battle-history">Rotom used <strong>Thunder Wave</strong>!<br></div><div class="battle-history"><small>The opposing Louis is paralyzed! It may be unable to move!</small><br></div><div class="spacer battle-history"><br></div><div class="battle-history">The opposing Louis used <strong>Future Sight</strong>!<br></div><div class="battle-history"><small>The opposing Louis foresaw an attack!</small><br></div><div class="spacer battle-history"><br></div><h2 class="battle-history">Turn 2</h2><div class="spacer battle-history"><br></div><div class="battle-history">Rotom used <strong>Volt Switch</strong>!<br></div><div class="battle-history"><small>It's super effective!</small><br></div><div class="battle-history"><small>(The opposing Louis lost 30% of its health!)</small><br></div><div class="spacer battle-history"><br></div><div class="battle-history">Rotom went back to Sticky Fingaa!<br></div><div class="battle-history">Go! Landorus (<strong>Landorus-Therian</strong>)!<br></div><div class="battle-history">[Landorus's Intimidate]<br></div><div class="battle-history"><small>The opposing Louis's Attack fell!</small><br></div><div class="spacer battle-history"><br></div><div class="battle-history">The opposing Louis used <strong>Teleport</strong>!<br></div><div class="spacer battle-history"><br></div><div class="battle-history">BlaueBrause withdrew Louis!<br></div><div class="battle-history">BlaueBrause sent out Guitar Hero (<strong>Zapdos</strong>)!<br></div><div class="spacer battle-history"><br></div><h2 class="battle-history">Turn 3</h2><div class="spacer battle-history"><br></div><div class="battle-history">Landorus, come back!<br></div><div class="battle-history">Go! <strong>Tangrowth</strong>!<br></div><div class="spacer battle-history"><br></div><div class="battle-history">The opposing Guitar Hero used <strong>Hurricane</strong>!<br></div><div class="battle-history"><small>It's super effective!</small><br></div><div class="battle-history"><small>(Tangrowth lost 57% of its health!)</small><br></div><div class="battle-history"><small>Tangrowth became confused!</small><br></div><div class="spacer battle-history"><br></div><div class="battle-history"><small>Tangrowth took the Future Sight attack!</small><br></div><div class="battle-history"><small>(Tangrowth lost 28% of its health!)</small><br></div><div class="spacer battle-history"><br></div><h2 class="battle-history">Turn 4</h2><div class="spacer battle-history"><br></div><div class="battle-history">Tangrowth, come back!<br></div><div class="battle-history">Go! Rotom (<strong>Rotom-Wash</strong>)!<br></div><div class="spacer battle-history"><br></div><div class="battle-history">The opposing Guitar Hero used <strong>Discharge</strong>!<br></div><div class="battle-history"><small>(Rotom lost 34% of its health!)</small><br></div><div class="spacer battle-history"><br></div><div class="battle-history"><small>Rotom restored a little HP using its Leftovers!</small><br></div><div class="spacer battle-history"><br></div><h2 class="battle-history">Turn 5</h2><div class="spacer battle-history"><br></div><div class="battle-history">BlaueBrause withdrew Guitar Hero!<br></div><div class="battle-history">BlaueBrause sent out Louis (<strong>Slowking</strong>)!<br></div><div class="spacer battle-history"><br></div><div class="battle-history">Rotom used <strong>Hydro Pump</strong>!<br></div><div class="battle-history"><small>It's not very effective...</small><br></div><div class="battle-history"><small>(The opposing Louis lost 11% of its health!)</small><br></div><div class="spacer battle-history"><br></div><div class="battle-history"><small>Rotom restored a little HP using its Leftovers!</small><br></div><div class="spacer battle-history"><br></div><h2 class="battle-history">Turn 6</h2><div class="spacer battle-history"><br></div><div class="battle-history">Rotom used <strong>Volt Switch</strong>!<br></div><div class="battle-history"><small>It's super effective!</small><br></div><div class="battle-history"><small>(The opposing Louis lost 31% of its health!)</small><br></div><div class="spacer battle-history"><br></div><div class="battle-history">Rotom went back to Sticky Fingaa!<br></div><div class="battle-history">Go! <strong>Tangrowth</strong>!<br></div><div class="spacer battle-history"><br></div><div class="battle-history">The opposing Louis used <strong>Teleport</strong>!<br></div><div class="spacer battle-history"><br></div><div class="battle-history">BlaueBrause withdrew Louis!<br></div><div class="battle-history">BlaueBrause sent out Out of the Blue (<strong>Weavile</strong>)!<br></div><div class="battle-history">[The opposing Out of the Blue's Pressure]<br><small>The opposing Out of the Blue is exerting its pressure!</small><br></div><div class="spacer battle-history"><br></div><h2 class="battle-history">Turn 7</h2><div class="spacer battle-history"><br></div><div class="battle-history">Tangrowth, come back!<br></div><div class="battle-history">Go! <strong>Volcanion</strong>!<br></div><div class="spacer battle-history"><br></div><div class="battle-history">The opposing Out of the Blue used <strong>Knock Off</strong>!<br></div><div class="battle-history"><small>(Volcanion lost 52% of its health!)</small><br></div><div class="battle-history"><small>The opposing Out of the Blue knocked off Volcanion's Choice Specs!</small><br></div><div class="spacer battle-history"><br></div><h2 class="battle-history">Turn 8</h2><div class="spacer battle-history"><br></div><div class="battle-history">BlaueBrause withdrew Out of the Blue!<br></div><div class="battle-history">BlaueBrause sent out Louis (<strong>Slowking</strong>)!<br></div><div class="spacer battle-history"><br></div><div class="battle-history">Volcanion, come back!<br></div><div class="battle-history">Go! Landorus (<strong>Landorus-Therian</strong>)!<br></div><div class="battle-history">[Landorus's Intimidate]<br></div><div class="battle-history"><small>The opposing Louis's Attack fell!</small><br></div><div class="spacer battle-history"><br></div><h2 class="battle-history">Turn 9</h2><div class="spacer battle-history"><br></div><div class="battle-history">Landorus used <strong>Stealth Rock</strong>!<br></div><div class="battle-history"><small>Pointed stones float in the air around the opposing team!</small><br></div><div class="spacer battle-history"><br></div><div class="battle-history">The opposing Louis used <strong>Scald</strong>!<br></div><div class="battle-history"><small>It's super effective!</small><br></div><div class="battle-history"><small>(Landorus lost 68% of its health!)</small><br></div><div class="spacer battle-history"><br></div><h2 class="battle-history">Turn 10</h2><div class="spacer battle-history"><br></div><div class="battle-history">Landorus used <strong>U-turn</strong>!<br></div><div class="battle-history"><small>It's super effective!</small><br></div><div class="battle-history"><small>(The opposing Louis lost 53% of its health!)</small><br></div><div class="spacer battle-history"><br></div><div class="battle-history">Landorus went back to Sticky Fingaa!<br></div><div class="battle-history">Go! <strong>Tangrowth</strong>!<br></div><div class="spacer battle-history"><br></div><div class="battle-history">The opposing Louis used <strong>Teleport</strong>!<br></div><div class="spacer battle-history"><br></div><div class="battle-history">BlaueBrause withdrew Louis!<br></div><div class="battle-history">BlaueBrause sent out Guitar Hero (<strong>Zapdos</strong>)!<br></div><div class="spacer battle-history"><br></div><h2 class="battle-history">Turn 11</h2><div class="spacer battle-history"><br></div><div class="battle-history">Tangrowth, come back!<br></div><div class="battle-history">Go! <strong>Clefable</strong>!<br></div><div class="spacer battle-history"><br></div><div class="battle-history">The opposing Guitar Hero used <strong>Defog</strong>!<br></div><div class="battle-history"><small>Clefable's evasiveness fell!</small><br></div><div class="battle-history"><small>The pointed stones disappeared from around the opposing team!</small><br></div><div class="spacer battle-history"><br></div><h2 class="battle-history">Turn 12</h2><div class="spacer battle-history"><br></div><div class="battle-history">BlaueBrause withdrew Guitar Hero!<br></div><div class="battle-history">BlaueBrause sent out Jane (<strong>Nidoqueen</strong>)!<br></div><div class="spacer battle-history"><br></div><div class="battle-history">Clefable used <strong>Calm Mind</strong>!<br></div><div class="battle-history"><small>Clefable's Sp. Atk rose!</small><br></div><div class="battle-history"><small>Clefable's Sp. Def rose!</small><br></div><div class="spacer battle-history"><br></div><h2 class="battle-history">Turn 13</h2><div class="spacer battle-history"><br></div><div class="battle-history">Clefable, come back!<br></div><div class="battle-history">Go! <strong>Flygon</strong>!<br></div><div class="spacer battle-history"><br></div><div class="battle-history">The opposing Jane used <strong>Taunt</strong>!<br></div><div class="battle-history"><small>Flygon fell for the taunt!</small><br></div><div class="spacer battle-history"><br></div><h2 class="battle-history">Turn 14</h2><div class="spacer battle-history"><br></div><div class="battle-history">BlaueBrause withdrew Jane!<br></div><div class="battle-history">BlaueBrause sent out Guitar Hero (<strong>Zapdos</strong>)!<br></div><div class="spacer battle-history"><br></div><div class="battle-history"><small>Flygon's Flygonite is reacting to the Key Stone!</small><br>Flygon has Mega Evolved into Mega Flygon!<br></div><div class="battle-history">[Flygon's Desert Gales]<br></div><div class="battle-history"><small>Desert gales kicked up!</small><br></div><div class="battle-history"><small>Normal-type moves will become Ground-type.</small><br></div><div class="battle-history"><small>Rock-, Ground- and Steel-type moves will also have their power increased.</small><br></div><div class="battle-history"><small>Other weather-related moves and Abilities will behave as they do in sandstorm.</small><br></div><div class="chat"><ul class="utilichart"><li class="result"><span class="col pokemonnamecol" style="white-space: nowrap">Flygon-Mega</span> <span class="col typecol"><img src="https://play.pokemonshowdown.com/sprites/types/Ground.png" alt="Ground" height="14" width="32"><img src="https://play.pokemonshowdown.com/sprites/types/Dragon.png" alt="Dragon" height="14" width="32"></span> <span style="float: left ; min-height: 26px"><span class="col abilitycol">Desert Gales</span><span class="col abilitycol"></span></span><span style="float: left ; min-height: 26px"><span class="col statcol"><em>HP</em><br>80</span> <span class="col statcol"><em>Atk</em><br>130</span> <span class="col statcol"><em>Def</em><br>95</span> <span class="col statcol"><em>SpA</em><br>105</span> <span class="col statcol"><em>SpD</em><br>105</span> <span class="col statcol"><em>Spe</em><br>105</span> </span></li><li style="clear: both"></li></ul></div><div class="battle-history"><small>Extreme Speed became Ground-type in the desert gales!</small><br></div><div class="spacer battle-history"><br></div><div class="battle-history">Flygon used <strong>Extreme Speed</strong>!<br></div><div class="battle-history"><small>It doesn't affect the opposing Guitar Hero...</small><br></div><div class="spacer battle-history"><br></div><div class="battle-history"><small>The desert gales are raging!</small><br></div><div class="spacer battle-history"><br></div><h2 class="battle-history">Turn 15</h2><div class="spacer battle-history"><br></div><div class="battle-history">Flygon used <strong>Dragon Claw</strong>!<br></div><div class="battle-history"><small>(The opposing Guitar Hero lost 37% of its health!)</small><br></div><div class="spacer battle-history"><br></div><div class="battle-history">The opposing Guitar Hero used <strong>Hurricane</strong>!<br></div><div class="battle-history"><small>(Flygon lost 52% of its health!)</small><br></div><div class="spacer battle-history"><br></div><div class="battle-history"><small>Flygon shook off the taunt!</small><br></div><div class="battle-history"><small>The desert gales are raging!</small><br></div><div class="spacer battle-history"><br></div><h2 class="battle-history">Turn 16</h2><div class="spacer battle-history"><br></div><div class="battle-history">Flygon, come back!<br></div><div class="battle-history">Go! Rotom (<strong>Rotom-Wash</strong>)!<br></div><div class="spacer battle-history"><br></div><div class="battle-history">The opposing Guitar Hero used <strong>Roost</strong>!<br></div><div class="battle-history"><small>The opposing Guitar Hero had its HP restored.</small><br></div><div class="battle-history"><small>(The opposing Guitar Hero loses Flying type this turn.)</small><br></div><div class="spacer battle-history"><br></div><div class="battle-history"><small>Rotom restored a little HP using its Leftovers!</small><br></div><div class="battle-history"><small>The desert gales are raging!</small><br></div><div class="spacer battle-history"><br></div><h2 class="battle-history">Turn 17</h2><div class="spacer battle-history"><br></div><div class="battle-history">BlaueBrause withdrew Guitar Hero!<br></div><div class="battle-history">BlaueBrause sent out Louis (<strong>Slowking</strong>)!<br></div><div class="spacer battle-history"><br></div><div class="battle-history">Rotom used <strong>Volt Switch</strong>!<br></div><div class="battle-history"><small>It's super effective!</small><br></div><div class="battle-history"><small>(The opposing Louis lost 29% of its health!)</small><br></div><div class="spacer battle-history"><br></div><div class="battle-history">Rotom went back to Sticky Fingaa!<br></div><div class="battle-history">Go! Flygon (<strong>Flygon-Mega</strong>)!<br></div><div class="spacer battle-history"><br></div><div class="battle-history"><small>The desert gales are raging!</small><br></div><div class="spacer battle-history"><br></div><h2 class="battle-history">Turn 18</h2><div class="spacer battle-history"><br></div><div class="battle-history">BlaueBrause withdrew Louis!<br></div><div class="battle-history">BlaueBrause sent out Guitar Hero (<strong>Zapdos</strong>)!<br></div><div class="spacer battle-history"><br></div><div class="battle-history">Flygon used <strong>Dragon Dance</strong>!<br></div><div class="battle-history"><small>Flygon's Attack rose!</small><br></div><div class="battle-history"><small>Flygon's Speed rose!</small><br></div><div class="spacer battle-history"><br></div><div class="battle-history"><small>The desert gales subsided!</small><br></div><div class="spacer battle-history"><br></div><h2 class="battle-history">Turn 19</h2><div class="spacer battle-history"><br></div><div class="battle-history">Flygon used <strong>Dragon Claw</strong>!<br></div><div class="battle-history"><small>A critical hit!</small><br></div><div class="battle-history"><small>(The opposing Guitar Hero lost 78% of its health!)</small><br></div><div class="spacer battle-history"><br></div><div class="battle-history">The opposing Guitar Hero used <strong>Hurricane</strong>!<br></div><div class="battle-history"><small>(Flygon lost 48% of its health!)</small><br></div><div class="spacer battle-history"><br></div><div class="battle-history">Flygon fainted!<br></div><div class="spacer battle-history"><br></div><div class="battle-history">Go! Rotom (<strong>Rotom-Wash</strong>)!<br></div><div class="spacer battle-history"><br></div><h2 class="battle-history">Turn 20</h2><div class="spacer battle-history"><br></div><div class="battle-history">BlaueBrause withdrew Guitar Hero!<br></div><div class="battle-history">BlaueBrause sent out Louis (<strong>Slowking</strong>)!<br></div><div class="spacer battle-history"><br></div><div class="battle-history">Rotom used <strong>Volt Switch</strong>!<br></div><div class="battle-history"><small>It's super effective!</small><br></div><div class="battle-history"><small>(The opposing Louis lost 27% of its health!)</small><br></div><div class="spacer battle-history"><br></div><div class="battle-history">Rotom went back to Sticky Fingaa!<br></div><div class="battle-history">Go! <strong>Tangrowth</strong>!<br></div><div class="spacer battle-history"><br></div><h2 class="battle-history">Turn 21</h2><div class="spacer battle-history"><br></div><div class="battle-history">BlaueBrause withdrew Louis!<br></div><div class="battle-history">BlaueBrause sent out Jane (<strong>Nidoqueen</strong>)!<br></div><div class="spacer battle-history"><br></div><div class="battle-history">Tangrowth used <strong>Sludge Bomb</strong>!<br></div><div class="battle-history"><small>It's not very effective...</small><br></div><div class="battle-history"><small>(The opposing Jane lost 4% of its health!)</small><br></div><div class="spacer battle-history"><br></div><h2 class="battle-history">Turn 22</h2><div class="spacer battle-history"><br></div><div class="battle-history">Tangrowth, come back!<br></div><div class="battle-history">Go! Landorus (<strong>Landorus-Therian</strong>)!<br></div><div class="battle-history">[Landorus's Intimidate]<br></div><div class="battle-history"><small>The opposing Jane's Attack fell!</small><br></div><div class="spacer battle-history"><br></div><div class="battle-history">The opposing Jane used <strong>Stealth Rock</strong>!<br></div><div class="battle-history"><small>Pointed stones float in the air around your team!</small><br></div><div class="spacer battle-history"><br></div><h2 class="battle-history">Turn 23</h2><div class="spacer battle-history"><br></div><div class="battle-history">BlaueBrause withdrew Jane!<br></div><div class="battle-history">BlaueBrause sent out My Immortal (<strong>Araquanid</strong>)!<br></div><div class="spacer battle-history"><br></div><div class="battle-history">Landorus used <strong>Stealth Rock</strong>!<br></div><div class="battle-history"><small>Pointed stones float in the air around the opposing team!</small><br></div><div class="spacer battle-history"><br></div><h2 class="battle-history">Turn 24</h2><div class="spacer battle-history"><br></div><div class="battle-history"><small>The opposing My Immortal's Araquanite is reacting to the Key Stone!</small><br>The opposing My Immortal has Mega Evolved into Mega Araquanid!<br></div><div class="chat"><ul class="utilichart"><li class="result"><span class="col pokemonnamecol" style="white-space: nowrap">Araquanid-Mega</span> <span class="col typecol"><img src="https://play.pokemonshowdown.com/sprites/types/Water.png" alt="Water" height="14" width="32"><img src="https://play.pokemonshowdown.com/sprites/types/Bug.png" alt="Bug" height="14" width="32"></span> <span style="float: left ; min-height: 26px"><span class="col abilitycol">Body of Water</span><span class="col abilitycol"></span></span><span style="float: left ; min-height: 26px"><span class="col statcol"><em>HP</em><br>68</span> <span class="col statcol"><em>Atk</em><br>70</span> <span class="col statcol"><em>Def</em><br>147</span> <span class="col statcol"><em>SpA</em><br>50</span> <span class="col statcol"><em>SpD</em><br>177</span> <span class="col statcol"><em>Spe</em><br>42</span> </span></li><li style="clear: both"></li></ul></div><div class="spacer battle-history"><br></div><div class="battle-history">Landorus used <strong>Stone Edge</strong>!<br></div><div class="battle-history"><small>It's super effective!</small><br></div><div class="battle-history"><small>(The opposing My Immortal lost 51% of its health!)</small><br></div><div class="spacer battle-history"><br></div><div class="battle-history">The opposing My Immortal used <strong>Substitute</strong>!<br></div><div class="battle-history"><small>The opposing My Immortal put in a substitute!</small><br></div><div class="battle-history"><small>(The opposing My Immortal lost 25% of its health!)</small><br></div><div class="spacer battle-history"><br></div><h2 class="battle-history">Turn 25</h2><div class="spacer battle-history"><br></div><div class="battle-history">Landorus used <strong>Earthquake</strong>!<br></div><div class="battle-history"><small>It's not very effective...</small><br></div><div class="battle-history"><small>The substitute took damage for the opposing My Immortal!</small><br></div><div class="spacer battle-history"><br></div><div class="battle-history">The opposing My Immortal used <strong>Scald</strong>!<br></div><div class="battle-history"><small>It's super effective!</small><br></div><div class="battle-history"><small>(Landorus lost 32% of its health!)</small><br></div><div class="spacer battle-history"><br></div><div class="battle-history">Landorus fainted!<br></div><div class="spacer battle-history"><br></div><div class="battle-history">Go! <strong>Volcanion</strong>!<br></div><div class="battle-history"><small>Pointed stones dug into Volcanion!</small><br></div><div class="spacer battle-history"><br></div><h2 class="battle-history">Turn 26</h2><div class="spacer battle-history"><br></div><div class="battle-history">Volcanion used <strong>Steam Eruption</strong>!<br></div><div class="battle-history"><small>It's not very effective...</small><br></div><div class="battle-history"><small>The opposing My Immortal's substitute faded!</small><br></div><div class="spacer battle-history"><br></div><div class="battle-history">The opposing My Immortal used <strong>Rest</strong>!<br></div><div class="battle-history"><small>The opposing My Immortal slept and became healthy!</small><br></div><div class="spacer battle-history"><br></div><h2 class="battle-history">Turn 27</h2><div class="spacer battle-history"><br></div><div class="battle-history">Volcanion used <strong>Flamethrower</strong>!<br></div><div class="battle-history"><small>(The opposing My Immortal lost 23% of its health!)</small><br></div><div class="spacer battle-history"><br></div><div class="battle-history">The opposing My Immortal is fast asleep.<br></div><div class="spacer battle-history"><br></div><h2 class="battle-history">Turn 28</h2><div class="spacer battle-history"><br></div><div class="battle-history">Volcanion, come back!<br></div><div class="battle-history">Go! Rotom (<strong>Rotom-Wash</strong>)!<br></div><div class="battle-history"><small>Pointed stones dug into Rotom!</small><br></div><div class="spacer battle-history"><br></div><div class="battle-history">The opposing My Immortal is fast asleep.<br></div><div class="spacer battle-history"><br></div><div class="battle-history"><small>Rotom restored a little HP using its Leftovers!</small><br></div><div class="spacer battle-history"><br></div><h2 class="battle-history">Turn 29</h2><div class="spacer battle-history"><br></div><div class="battle-history">Rotom used <strong>Volt Switch</strong>!<br></div><div class="battle-history"><small>It's super effective!</small><br></div><div class="battle-history"><small>(The opposing My Immortal lost 26% of its health!)</small><br></div><div class="spacer battle-history"><br></div><div class="battle-history">Rotom went back to Sticky Fingaa!<br></div><div class="battle-history">Go! <strong>Volcanion</strong>!<br></div><div class="battle-history"><small>Pointed stones dug into Volcanion!</small><br></div><div class="spacer battle-history"><br></div><div class="battle-history">Volcanion fainted!<br></div><div class="battle-history"><small>The opposing My Immortal woke up!</small><br></div><div class="spacer battle-history"><br></div><div class="battle-history">The opposing My Immortal used <strong>Stockpile</strong>!<br></div><div class="battle-history"><small>The opposing My Immortal stockpiled 1!</small><br></div><div class="battle-history"><small>The opposing My Immortal's Defense rose!</small><br></div><div class="battle-history"><small>The opposing My Immortal's Sp. Def rose!</small><br></div><div class="spacer battle-history"><br></div><div class="battle-history">Go! <strong>Clefable</strong>!<br></div><div class="spacer battle-history"><br></div><h2 class="battle-history">Turn 30</h2><div class="spacer battle-history"><br></div><div class="battle-history">BlaueBrause withdrew My Immortal!<br></div><div class="battle-history">BlaueBrause sent out Jane (<strong>Nidoqueen</strong>)!<br></div><div class="battle-history"><small>Pointed stones dug into the opposing Jane!</small><br></div><div class="spacer battle-history"><br></div><div class="battle-history">Clefable used <strong>Calm Mind</strong>!<br></div><div class="battle-history"><small>Clefable's Sp. Atk rose!</small><br></div><div class="battle-history"><small>Clefable's Sp. Def rose!</small><br></div><div class="spacer battle-history"><br></div><h2 class="battle-history">Turn 31</h2><div class="spacer battle-history"><br></div><div class="battle-history">The opposing Jane used <strong>Taunt</strong>!<br></div><div class="battle-history"><small>Clefable fell for the taunt!</small><br></div><div class="spacer battle-history"><br></div><div class="battle-history">Clefable can't use Calm Mind after the taunt!<br></div><div class="spacer battle-history"><br></div><h2 class="battle-history">Turn 32</h2><div class="spacer battle-history"><br></div><div class="battle-history">Clefable, come back!<br></div><div class="battle-history">Go! Rotom (<strong>Rotom-Wash</strong>)!<br></div><div class="battle-history"><small>Pointed stones dug into Rotom!</small><br></div><div class="spacer battle-history"><br></div><div class="battle-history">The opposing Jane used <strong>Earthquake</strong>!<br></div><div class="battle-history">[Rotom's Levitate]<br><small>It doesn't affect Rotom...</small><br></div><div class="spacer battle-history"><br></div><div class="battle-history"><small>Rotom restored a little HP using its Leftovers!</small><br></div><div class="spacer battle-history"><br></div><h2 class="battle-history">Turn 33</h2><div class="spacer battle-history"><br></div><div class="battle-history">BlaueBrause withdrew Jane!<br></div><div class="battle-history">BlaueBrause sent out Louis (<strong>Slowking</strong>)!<br></div><div class="spacer battle-history"><br></div><div class="battle-history">Rotom used <strong>Hydro Pump</strong>!<br></div><div class="battle-history"><small>It's not very effective...</small><br></div><div class="battle-history"><small>(The opposing Louis lost 12% of its health!)</small><br></div><div class="spacer battle-history"><br></div><div class="battle-history"><small>Rotom restored a little HP using its Leftovers!</small><br></div><div class="spacer battle-history"><br></div><h2 class="battle-history">Turn 34</h2><div class="spacer battle-history"><br></div><div class="battle-history">Rotom used <strong>Volt Switch</strong>!<br></div><div class="battle-history"><small>It's super effective!</small><br></div><div class="battle-history"><small>(The opposing Louis lost 28% of its health!)</small><br></div><div class="spacer battle-history"><br></div><div class="battle-history">Rotom went back to Sticky Fingaa!<br></div><div class="battle-history">Go! <strong>Clefable</strong>!<br></div><div class="spacer battle-history"><br></div><div class="battle-history">The opposing Louis used <strong>Future Sight</strong>!<br></div><div class="battle-history"><small>The opposing Louis foresaw an attack!</small><br></div><div class="spacer battle-history"><br></div><h2 class="battle-history">Turn 35</h2><div class="spacer battle-history"><br></div><div class="battle-history">BlaueBrause withdrew Louis!<br></div><div class="battle-history">BlaueBrause sent out Jane (<strong>Nidoqueen</strong>)!<br></div><div class="battle-history"><small>Pointed stones dug into the opposing Jane!</small><br></div><div class="spacer battle-history"><br></div><div class="battle-history">Clefable used <strong>Calm Mind</strong>!<br></div><div class="battle-history"><small>Clefable's Sp. Atk rose!</small><br></div><div class="battle-history"><small>Clefable's Sp. Def rose!</small><br></div><div class="spacer battle-history"><br></div><h2 class="battle-history">Turn 36</h2><div class="spacer battle-history"><br></div><div class="battle-history">The opposing Jane used <strong>Taunt</strong>!<br></div><div class="battle-history"><small>Clefable fell for the taunt!</small><br></div><div class="spacer battle-history"><br></div><div class="battle-history">Clefable used <strong>Moonblast</strong>!<br></div><div class="battle-history"><small>It's not very effective...</small><br></div><div class="battle-history"><small>(The opposing Jane lost 21% of its health!)</small><br></div><div class="battle-history"><small>The opposing Jane's Sp. Atk fell!</small><br></div><div class="spacer battle-history"><br></div><div class="battle-history"><small>Clefable took the Future Sight attack!</small><br></div><div class="battle-history"><small>(Clefable lost 28% of its health!)</small><br></div><div class="spacer battle-history"><br></div><h2 class="battle-history">Turn 37</h2><div class="spacer battle-history"><br></div><div class="battle-history">Clefable, come back!<br></div><div class="battle-history">Go! Rotom (<strong>Rotom-Wash</strong>)!<br></div><div class="battle-history"><small>Pointed stones dug into Rotom!</small><br></div><div class="spacer battle-history"><br></div><div class="battle-history">The opposing Jane used <strong>Milk Drink</strong>!<br></div><div class="battle-history"><small>The opposing Jane had its HP restored.</small><br></div><div class="spacer battle-history"><br></div><div class="battle-history"><small>Rotom restored a little HP using its Leftovers!</small><br></div><div class="spacer battle-history"><br></div><h2 class="battle-history">Turn 38</h2><div class="spacer battle-history"><br></div><div class="battle-history">BlaueBrause withdrew Jane!<br></div><div class="battle-history">BlaueBrause sent out Louis (<strong>Slowking</strong>)!<br></div><div class="spacer battle-history"><br></div><div class="battle-history">Rotom used <strong>Volt Switch</strong>!<br></div><div class="battle-history"><small>It's super effective!</small><br></div><div class="battle-history"><small>(The opposing Louis lost 29% of its health!)</small><br></div><div class="spacer battle-history"><br></div><div class="battle-history">Rotom went back to Sticky Fingaa!<br></div><div class="battle-history">Go! <strong>Tangrowth</strong>!<br></div><div class="battle-history"><small>Pointed stones dug into Tangrowth!</small><br></div><div class="spacer battle-history"><br></div><h2 class="battle-history">Turn 39</h2><div class="spacer battle-history"><br></div><div class="battle-history">BlaueBrause withdrew Louis!<br></div><div class="battle-history">BlaueBrause sent out Jane (<strong>Nidoqueen</strong>)!<br></div><div class="battle-history"><small>Pointed stones dug into the opposing Jane!</small><br></div><div class="spacer battle-history"><br></div><div class="battle-history">Tangrowth used <strong>Knock Off</strong>!<br></div><div class="battle-history"><small>(The opposing Jane lost 18% of its health!)</small><br></div><div class="battle-history"><small>Tangrowth was hurt by the Rocky Helmet!</small><br></div><div class="battle-history">[The opposing Jane's Poison Point]<br><small>Tangrowth was poisoned!</small><br></div><div class="battle-history"><small>Tangrowth knocked off the opposing Jane's Rocky Helmet!</small><br></div><div class="spacer battle-history"><br></div><div class="battle-history"><small>Tangrowth was hurt by poison!</small><br></div><div class="spacer battle-history"><br></div><h2 class="battle-history">Turn 40</h2><div class="spacer battle-history"><br></div><div class="battle-history">The opposing Jane used <strong>Earthquake</strong>!<br></div><div class="battle-history"><small>It's not very effective...</small><br></div><div class="battle-history"><small>(Tangrowth lost 9% of its health!)</small><br></div><div class="spacer battle-history"><br></div><div class="battle-history">Tangrowth used <strong>Giga Drain</strong>!<br></div><div class="battle-history"><small>(The opposing Jane lost 26% of its health!)</small><br></div><div class="battle-history"><small>The opposing Jane had its energy drained!</small><br></div><div class="spacer battle-history"><br></div><div class="battle-history"><small>Tangrowth was hurt by poison!</small><br></div><div class="spacer battle-history"><br></div><h2 class="battle-history">Turn 41</h2><div class="spacer battle-history"><br></div><div class="battle-history">The opposing Jane used <strong>Milk Drink</strong>!<br></div><div class="battle-history"><small>The opposing Jane had its HP restored.</small><br></div><div class="spacer battle-history"><br></div><div class="battle-history">Tangrowth used <strong>Sludge Bomb</strong>!<br></div><div class="battle-history"><small>It's not very effective...</small><br></div><div class="battle-history"><small>(The opposing Jane lost 4% of its health!)</small><br></div><div class="spacer battle-history"><br></div><div class="battle-history"><small>Tangrowth was hurt by poison!</small><br></div><div class="spacer battle-history"><br></div><h2 class="battle-history">Turn 42</h2><div class="spacer battle-history"><br></div><div class="battle-history">Tangrowth, come back!<br></div><div class="battle-history">Go! Rotom (<strong>Rotom-Wash</strong>)!<br></div><div class="battle-history"><small>Pointed stones dug into Rotom!</small><br></div><div class="spacer battle-history"><br></div><div class="battle-history">The opposing Jane used <strong>Earthquake</strong>!<br></div><div class="battle-history">[Rotom's Levitate]<br><small>It doesn't affect Rotom...</small><br></div><div class="spacer battle-history"><br></div><div class="battle-history"><small>Rotom restored a little HP using its Leftovers!</small><br></div><div class="spacer battle-history"><br></div><h2 class="battle-history">Turn 43</h2><div class="spacer battle-history"><br></div><div class="battle-history">BlaueBrause withdrew Jane!<br></div><div class="battle-history">BlaueBrause sent out Louis (<strong>Slowking</strong>)!<br></div><div class="spacer battle-history"><br></div><div class="battle-history">Rotom used <strong>Hydro Pump</strong>!<br></div><div class="battle-history"><small>It's not very effective...</small><br></div><div class="battle-history"><small>(The opposing Louis lost 12% of its health!)</small><br></div><div class="spacer battle-history"><br></div><div class="battle-history"><small>Rotom restored a little HP using its Leftovers!</small><br></div><div class="spacer battle-history"><br></div><h2 class="battle-history">Turn 44</h2><div class="spacer battle-history"><br></div><div class="battle-history">Rotom used <strong>Volt Switch</strong>!<br></div><div class="battle-history"><small>It's super effective!</small><br></div><div class="battle-history"><small>(The opposing Louis lost 32% of its health!)</small><br></div><div class="spacer battle-history"><br></div><div class="battle-history">Rotom went back to Sticky Fingaa!<br></div><div class="battle-history">Go! <strong>Tangrowth</strong>!<br></div><div class="battle-history"><small>Pointed stones dug into Tangrowth!</small><br></div><div class="spacer battle-history"><br></div><div class="battle-history">The opposing Louis used <strong>Teleport</strong>!<br></div><div class="spacer battle-history"><br></div><div class="battle-history">BlaueBrause withdrew Louis!<br></div><div class="battle-history">BlaueBrause sent out Guitar Hero (<strong>Zapdos</strong>)!<br></div><div class="spacer battle-history"><br></div><div class="battle-history"><small>Tangrowth was hurt by poison!</small><br></div><div class="spacer battle-history"><br></div><h2 class="battle-history">Turn 45</h2><div class="spacer battle-history"><br></div><div class="battle-history">The opposing Guitar Hero used <strong>Roost</strong>!<br></div><div class="battle-history"><small>The opposing Guitar Hero had its HP restored.</small><br></div><div class="battle-history"><small>(The opposing Guitar Hero loses Flying type this turn.)</small><br></div><div class="spacer battle-history"><br></div><div class="battle-history">Tangrowth used <strong>Knock Off</strong>!<br></div><div class="battle-history"><small>(The opposing Guitar Hero lost 19% of its health!)</small><br></div><div class="battle-history"><small>Tangrowth knocked off the opposing Guitar Hero's Heavy-Duty Boots!</small><br></div><div class="spacer battle-history"><br></div><div class="battle-history"><small>Tangrowth was hurt by poison!</small><br></div><div class="spacer battle-history"><br></div><h2 class="battle-history">Turn 46</h2><div class="spacer battle-history"><br></div><div class="battle-history">Tangrowth, come back!<br></div><div class="battle-history">Go! Rotom (<strong>Rotom-Wash</strong>)!<br></div><div class="battle-history"><small>Pointed stones dug into Rotom!</small><br></div><div class="spacer battle-history"><br></div><div class="battle-history">The opposing Guitar Hero used <strong>Defog</strong>!<br></div><div class="battle-history"><small>Rotom's evasiveness fell!</small><br></div><div class="battle-history"><small>The pointed stones disappeared from around your team!</small><br></div><div class="battle-history"><small>The pointed stones disappeared from around the opposing team!</small><br></div><div class="spacer battle-history"><br></div><div class="battle-history"><small>Rotom restored a little HP using its Leftovers!</small><br></div><div class="spacer battle-history"><br></div><h2 class="battle-history">Turn 47</h2><div class="spacer battle-history"><br></div><div class="battle-history">Rotom used <strong>Hydro Pump</strong>!<br></div><div class="battle-history"><small>(The opposing Guitar Hero lost 37% of its health!)</small><br></div><div class="spacer battle-history"><br></div><div class="battle-history">The opposing Guitar Hero used <strong>Roost</strong>!<br></div><div class="battle-history"><small>The opposing Guitar Hero had its HP restored.</small><br></div><div class="battle-history"><small>(The opposing Guitar Hero loses Flying type this turn.)</small><br></div><div class="spacer battle-history"><br></div><div class="battle-history"><small>Rotom restored a little HP using its Leftovers!</small><br></div><div class="spacer battle-history"><br></div><h2 class="battle-history">Turn 48</h2><div class="spacer battle-history"><br></div><div class="battle-history">Rotom used <strong>Volt Switch</strong>!<br></div><div class="battle-history"><small>(The opposing Guitar Hero lost 24% of its health!)</small><br></div><div class="spacer battle-history"><br></div><div class="battle-history">Rotom went back to Sticky Fingaa!<br></div><div class="battle-history">Go! <strong>Clefable</strong>!<br></div><div class="spacer battle-history"><br></div><div class="battle-history">The opposing Guitar Hero used <strong>Roost</strong>!<br></div><div class="battle-history"><small>The opposing Guitar Hero had its HP restored.</small><br></div><div class="battle-history"><small>(The opposing Guitar Hero loses Flying type this turn.)</small><br></div><div class="spacer battle-history"><br></div><h2 class="battle-history">Turn 49</h2><div class="spacer battle-history"><br></div><div class="battle-history">BlaueBrause withdrew Guitar Hero!<br></div><div class="battle-history">BlaueBrause sent out Jane (<strong>Nidoqueen</strong>)!<br></div><div class="spacer battle-history"><br></div><div class="battle-history">Clefable, come back!<br></div><div class="battle-history">Go! <strong>Tangrowth</strong>!<br></div><div class="spacer battle-history"><br></div><div class="battle-history"><small>Tangrowth was hurt by poison!</small><br></div><div class="spacer battle-history"><br></div><h2 class="battle-history">Turn 50</h2><div class="spacer battle-history"><br></div><div class="battle-history">The opposing Jane used <strong>Stealth Rock</strong>!<br></div><div class="battle-history"><small>Pointed stones float in the air around your team!</small><br></div><div class="spacer battle-history"><br></div><div class="battle-history">Tangrowth used <strong>Earthquake</strong>!<br></div><div class="battle-history"><small>It's super effective!</small><br></div><div class="battle-history"><small>(The opposing Jane lost 35% of its health!)</small><br></div><div class="spacer battle-history"><br></div><div class="battle-history"><small>Tangrowth was hurt by poison!</small><br></div><div class="spacer battle-history"><br></div><h2 class="battle-history">Turn 51</h2><div class="spacer battle-history"><br></div><div class="battle-history">Tangrowth, come back!<br></div><div class="battle-history">Go! Rotom (<strong>Rotom-Wash</strong>)!<br></div><div class="battle-history"><small>Pointed stones dug into Rotom!</small><br></div><div class="spacer battle-history"><br></div><div class="battle-history">The opposing Jane used <strong>Milk Drink</strong>!<br></div><div class="battle-history"><small>The opposing Jane had its HP restored.</small><br></div><div class="spacer battle-history"><br></div><div class="battle-history"><small>Rotom restored a little HP using its Leftovers!</small><br></div><div class="spacer battle-history"><br></div><h2 class="battle-history">Turn 52</h2><div class="spacer battle-history"><br></div><div class="battle-history">BlaueBrause withdrew Jane!<br></div><div class="battle-history">BlaueBrause sent out Louis (<strong>Slowking</strong>)!<br></div><div class="spacer battle-history"><br></div><div class="battle-history">Rotom used <strong>Defog</strong>!<br></div><div class="battle-history"><small>The opposing Louis's evasiveness fell!</small><br></div><div class="battle-history"><small>The pointed stones disappeared from around your team!</small><br></div><div class="spacer battle-history"><br></div><div class="battle-history"><small>Rotom restored a little HP using its Leftovers!</small><br></div><div class="spacer battle-history"><br></div><h2 class="battle-history">Turn 53</h2><div class="spacer battle-history"><br></div><div class="battle-history">Rotom used <strong>Volt Switch</strong>!<br></div><div class="battle-history"><small>It's super effective!</small><br></div><div class="battle-history"><small>(The opposing Louis lost 32% of its health!)</small><br></div><div class="spacer battle-history"><br></div><div class="battle-history">Rotom went back to Sticky Fingaa!<br></div><div class="battle-history">Go! <strong>Clefable</strong>!<br></div><div class="spacer battle-history"><br></div><div class="battle-history">The opposing Louis used <strong>Teleport</strong>!<br></div><div class="spacer battle-history"><br></div><div class="battle-history">BlaueBrause withdrew Louis!<br></div><div class="battle-history">BlaueBrause sent out Nimm zwei! (<strong>Victini</strong>)!<br></div><div class="spacer battle-history"><br></div><h2 class="battle-history">Turn 54</h2><div class="spacer battle-history"><br></div><div class="battle-history">Clefable, come back!<br></div><div class="battle-history">Go! Rotom (<strong>Rotom-Wash</strong>)!<br></div><div class="spacer battle-history"><br></div><div class="battle-history">The opposing Nimm zwei! used <strong>V-create</strong>!<br></div><div class="battle-history"><small>It's not very effective...</small><br></div><div class="battle-history"><small>(Rotom lost 40% of its health!)</small><br></div><div class="battle-history"><small>The opposing Nimm zwei!'s Speed fell!</small><br></div><div class="battle-history"><small>The opposing Nimm zwei!'s Defense fell!</small><br></div><div class="battle-history"><small>The opposing Nimm zwei!'s Sp. Def fell!</small><br></div><div class="spacer battle-history"><br></div><div class="battle-history"><small>Rotom restored a little HP using its Leftovers!</small><br></div><div class="spacer battle-history"><br></div><h2 class="battle-history">Turn 55</h2><div class="spacer battle-history"><br></div><div class="battle-history">The opposing Nimm zwei! used <strong>V-create</strong>!<br></div><div class="battle-history"><small>It's not very effective...</small><br></div><div class="battle-history"><small>(Rotom lost 39% of its health!)</small><br></div><div class="battle-history"><small>The opposing Nimm zwei!'s Speed fell!</small><br></div><div class="battle-history"><small>The opposing Nimm zwei!'s Defense fell!</small><br></div><div class="battle-history"><small>The opposing Nimm zwei!'s Sp. Def fell!</small><br></div><div class="spacer battle-history"><br></div><div class="battle-history">Rotom fainted!<br></div><div class="spacer battle-history"><br></div><div class="battle-history">Go! <strong>Clefable</strong>!<br></div><div class="spacer battle-history"><br></div><h2 class="battle-history">Turn 56</h2><div class="spacer battle-history"><br></div><div class="battle-history">BlaueBrause withdrew Nimm zwei!!<br></div><div class="battle-history">BlaueBrause sent out Jane (<strong>Nidoqueen</strong>)!<br></div><div class="spacer battle-history"><br></div><div class="battle-history">Clefable used <strong>Calm Mind</strong>!<br></div><div class="battle-history"><small>Clefable's Sp. Atk rose!</small><br></div><div class="battle-history"><small>Clefable's Sp. Def rose!</small><br></div><div class="spacer battle-history"><br></div><h2 class="battle-history">Turn 57</h2><div class="spacer battle-history"><br></div><div class="battle-history">The opposing Jane used <strong>Taunt</strong>!<br></div><div class="battle-history"><small>Clefable fell for the taunt!</small><br></div><div class="spacer battle-history"><br></div><div class="battle-history">Clefable used <strong>Moonblast</strong>!<br></div><div class="battle-history"><small>It's not very effective...</small><br></div><div class="battle-history"><small>(The opposing Jane lost 18% of its health!)</small><br></div><div class="battle-history"><small>The opposing Jane's Sp. Atk fell!</small><br></div><div class="spacer battle-history"><br></div><h2 class="battle-history">Turn 58</h2><div class="spacer battle-history"><br></div><div class="battle-history">The opposing Jane used <strong>Stealth Rock</strong>!<br></div><div class="battle-history"><small>Pointed stones float in the air around your team!</small><br></div><div class="spacer battle-history"><br></div><div class="battle-history">Clefable used <strong>Moonblast</strong>!<br></div><div class="battle-history"><small>It's not very effective...</small><br></div><div class="battle-history"><small>(The opposing Jane lost 19% of its health!)</small><br></div><div class="spacer battle-history"><br></div><h2 class="battle-history">Turn 59</h2><div class="spacer battle-history"><br></div><div class="battle-history">The opposing Jane used <strong>Milk Drink</strong>!<br></div><div class="battle-history"><small>The opposing Jane had its HP restored.</small><br></div><div class="spacer battle-history"><br></div><div class="battle-history">Clefable used <strong>Moonblast</strong>!<br></div><div class="battle-history"><small>It's not very effective...</small><br></div><div class="battle-history"><small>(The opposing Jane lost 19% of its health!)</small><br></div><div class="spacer battle-history"><br></div><div class="battle-history"><small>Clefable shook off the taunt!</small><br></div><div class="spacer battle-history"><br></div><h2 class="battle-history">Turn 60</h2><div class="spacer battle-history"><br></div><div class="battle-history"><small>Sticky Fingaa forfeited.</small><br></div><div class="spacer battle-history"><br></div><div class="battle-history"><strong>BlaueBrause</strong> won the battle!<br></div><div class="chat"><small>☆Sticky Fingaa left</small></div><div class="chat chatmessage-blauebrause"><strong style="color:#6b66e4"><small>☆</small><span class="username" data-name="BlaueBrause">BlaueBrause</span>:</strong> <em>gg</em></div></div><div class="inner-preempt message-log"></div></div></div>
</div>
<script>
let daily = Math.floor(Date.now()/1000/60/60/24);document.write('<script src="https://dragonheaven.herokuapp.com/js/replay-embed.js?version'+daily+'"></'+'script>');
</script>
