<!DOCTYPE html>
<meta charset="utf-8" />
<!-- version 1 -->
<title>[Gen 8] M4A Random Battle replay: inkbug1 vs. H2OPulse</title>
<style>
html,body {font-family:Verdana, sans-serif;font-size:10pt;margin:0;padding:0;}body{padding:12px 0;} .battle-log {font-family:Verdana, sans-serif;font-size:10pt;} .battle-log-inline {border:1px solid #AAAAAA;background:#EEF2F5;color:black;max-width:640px;margin:0 auto 80px;padding-bottom:5px;} .battle-log .inner {padding:4px 8px 0px 8px;} .battle-log .inner-preempt {padding:0 8px 4px 8px;} .battle-log .inner-after {margin-top:0.5em;} .battle-log h2 {margin:0.5em -8px;padding:4px 8px;border:1px solid #AAAAAA;background:#E0E7EA;border-left:0;border-right:0;font-family:Verdana, sans-serif;font-size:13pt;} .battle-log .chat {vertical-align:middle;padding:3px 0 3px 0;font-size:8pt;} .battle-log .chat strong {color:#40576A;} .battle-log .chat em {padding:1px 4px 1px 3px;color:#000000;font-style:normal;} .chat.mine {background:rgba(0,0,0,0.05);margin-left:-8px;margin-right:-8px;padding-left:8px;padding-right:8px;} .spoiler {color:#BBBBBB;background:#BBBBBB;padding:0px 3px;} .spoiler:hover, .spoiler:active, .spoiler-shown {color:#000000;background:#E2E2E2;padding:0px 3px;} .spoiler a {color:#BBBBBB;} .spoiler:hover a, .spoiler:active a, .spoiler-shown a {color:#2288CC;} .chat code, .chat .spoiler:hover code, .chat .spoiler:active code, .chat .spoiler-shown code {border:1px solid #C0C0C0;background:#EEEEEE;color:black;padding:0 2px;} .chat .spoiler code {border:1px solid #CCCCCC;background:#CCCCCC;color:#CCCCCC;} .battle-log .rated {padding:3px 4px;} .battle-log .rated strong {color:white;background:#89A;padding:1px 4px;border-radius:4px;} .spacer {margin-top:0.5em;} .message-announce {background:#6688AA;color:white;padding:1px 4px 2px;} .message-announce a, .broadcast-green a, .broadcast-blue a, .broadcast-red a {color:#DDEEFF;} .broadcast-green {background-color:#559955;color:white;padding:2px 4px;} .broadcast-blue {background-color:#6688AA;color:white;padding:2px 4px;} .infobox {border:1px solid #6688AA;padding:2px 4px;} .infobox-limited {max-height:200px;overflow:auto;overflow-x:hidden;} .broadcast-red {background-color:#AA5544;color:white;padding:2px 4px;} .message-learn-canlearn {font-weight:bold;color:#228822;text-decoration:underline;} .message-learn-cannotlearn {font-weight:bold;color:#CC2222;text-decoration:underline;} .message-effect-weak {font-weight:bold;color:#CC2222;} .message-effect-resist {font-weight:bold;color:#6688AA;} .message-effect-immune {font-weight:bold;color:#666666;} .message-learn-list {margin-top:0;margin-bottom:0;} .message-throttle-notice, .message-error {color:#992222;} .message-overflow, .chat small.message-overflow {font-size:0pt;} .message-overflow::before {font-size:9pt;content:'...';} .subtle {color:#3A4A66;}
</style>
<div class="wrapper replay-wrapper" style="max-width:1180px;margin:0 auto">
<input type="hidden" name="replayid" value="dragonheaven-gen8m4arandombattle-287" />
<div class="battle"></div><div class="battle-log"></div><div class="replay-controls"></div><div class="replay-controls-2"></div>
<h1 style="font-weight:normal;text-align:center"><strong>[Gen 8] M4A Random Battle</strong><br /><a href="http://pokemonshowdown.com/users/inkbug1" class="subtle" target="_blank">inkbug1</a> vs. <a href="http://pokemonshowdown.com/users/h2opulse" class="subtle" target="_blank">H2OPulse</a></h1>
<script type="text/plain" class="battle-log-data">|j|☆inkbug1

|j|☆H2OPulse
|t:|1608419887
|player|p1|inkbug1|burgh|
|player|p2|H2OPulse|aetherfoundation|
|teamsize|p1|6
|teamsize|p2|6
|gametype|singles
|gen|8
|tier|[Gen 8] M4A Random Battle
|rule|Dynamax Clause: You cannot dynamax
|rule|Species Clause: Limit one of each Pokémon
|rule|HP Percentage Mod: HP is shown in percentages
|rule|Sleep Clause Mod: Limit one foe put to sleep
|
|t:|1608419887
|start
|switch|p1a: Fearow|Fearow, L88, M|258\/258
|switch|p2a: Mawile|Mawile, L80, M|100\/100
|-ability|p2a: Mawile|Intimidate|boost
|-unboost|p1a: Fearow|atk|1
|turn|1
|
|t:|1608419918
|switch|p2a: Glastrier|Glastrier, L82|100\/100
|move|p1a: Fearow|Drill Run|p2a: Glastrier
|-damage|p2a: Glastrier|84\/100
|
|upkeep
|turn|2
|c|☆inkbug1|horsy!! 
|
|t:|1608419934
|switch|p1a: Delphox|Delphox, L86, M|269\/269
|move|p2a: Glastrier|Swords Dance|p2a: Glastrier
|-boost|p2a: Glastrier|atk|2
|
|upkeep
|turn|3
|
|t:|1608419945
|move|p1a: Delphox|Fire Blast|p2a: Glastrier
|-supereffective|p2a: Glastrier
|-damage|p2a: Glastrier|4\/100
|move|p2a: Glastrier|High Horsepower|p1a: Delphox|[miss]
|-miss|p2a: Glastrier|p1a: Delphox
|
|upkeep
|turn|4
|c|☆inkbug1|oh f 
|
|t:|1608419967
|move|p1a: Delphox|Fire Blast|p2a: Glastrier
|-supereffective|p2a: Glastrier
|-damage|p2a: Glastrier|0 fnt
|faint|p2a: Glastrier
|
|upkeep
|
|t:|1608419976
|switch|p2a: Primarina|Primarina, L82, F|100\/100
|turn|5
|
|t:|1608419989
|switch|p1a: Xurkitree|Xurkitree, L82|270\/270
|move|p2a: Primarina|Scald|p1a: Xurkitree
|-damage|p1a: Xurkitree|149\/270
|
|upkeep
|turn|6
|
|t:|1608420008
|move|p1a: Xurkitree|Volt Switch|p2a: Primarina
|-supereffective|p2a: Primarina
|-damage|p2a: Primarina|34\/100
|c|☆inkbug1|oh i called that wrong huh
|
|t:|1608420025
|switch|p1a: Fearow|Fearow, L88, M|258\/258
|move|p2a: Primarina|Scald|p1a: Fearow
|-damage|p1a: Fearow|129\/258
|
|upkeep
|turn|7
|
|t:|1608420033
|move|p1a: Fearow|Drill Peck|p2a: Primarina
|-damage|p2a: Primarina|0 fnt
|faint|p2a: Primarina
|
|upkeep
|
|t:|1608420061
|switch|p2a: Mawile|Mawile, L80, M|100\/100
|-ability|p2a: Mawile|Intimidate|boost
|-unboost|p1a: Fearow|atk|1
|turn|8
|
|t:|1608420084
|switch|p1a: Delphox|Delphox, L86, M|269\/269
|detailschange|p2a: Mawile|Mawile-Mega, L80, M
|-mega|p2a: Mawile|Mawile|Mawilite
|raw|<ul class="utilichart"><li class="result"><span class="col pokemonnamecol" style="white-space: nowrap">Mawile-Mega<\/span> <span class="col typecol"><img src="https:\/\/play.pokemonshowdown.com\/sprites\/types\/Steel.png" alt="Steel" height="14" width="32"><img src="https:\/\/play.pokemonshowdown.com\/sprites\/types\/Fairy.png" alt="Fairy" height="14" width="32"><\/span> <span style="float: left ; min-height: 26px"><span class="col abilitycol">Huge Power<\/span><span class="col abilitycol"><\/span><\/span><span style="float: left ; min-height: 26px"><span class="col statcol"><em>HP<\/em><br>50<\/span> <span class="col statcol"><em>Atk<\/em><br>105<\/span> <span class="col statcol"><em>Def<\/em><br>125<\/span> <span class="col statcol"><em>SpA<\/em><br>55<\/span> <span class="col statcol"><em>SpD<\/em><br>95<\/span> <span class="col statcol"><em>Spe<\/em><br>50<\/span> <\/span><\/li><li style="clear: both"><\/li><\/ul>
|move|p2a: Mawile|Iron Head|p1a: Delphox
|-resisted|p1a: Delphox
|-damage|p1a: Delphox|176\/269
|
|upkeep
|turn|9
|c|☆inkbug1|half my teams weak to 1 type this does not feel safe
|
|t:|1608420098
|switch|p2a: Simisear|Simisear, L88, M|100\/100
|move|p1a: Delphox|Calm Mind|p1a: Delphox
|-boost|p1a: Delphox|spa|1
|-boost|p1a: Delphox|spd|1
|
|upkeep
|turn|10
|c|☆H2OPulse|I mean same I can't switch in on anything here,,,
|c|☆inkbug1|asdasd
|
|t:|1608420112
|move|p1a: Delphox|Psyshock|p2a: Simisear
|-damage|p2a: Simisear|32\/100
|move|p2a: Simisear|Hidden Power|p1a: Delphox
|-supereffective|p1a: Delphox
|-damage|p1a: Delphox|116\/269
|
|upkeep
|turn|11
|c|☆inkbug1|oh shit right unrelated to something i have on my team 
|c|☆inkbug1|when are we gonna un nerf dragapult
|c|☆H2OPulse|Oh right good question
|c|☆inkbug1|__just__ for the sake of randbats atm 
|
|t:|1608420157
|move|p1a: Delphox|Psyshock|p2a: Simisear
|-damage|p2a: Simisear|0 fnt
|faint|p2a: Simisear
|
|upkeep
|
|t:|1608420175
|switch|p2a: Deoxys|Deoxys-Attack, L78|100\/100
|-ability|p2a: Deoxys|Pressure
|turn|12
|c|☆inkbug1|a
|c|☆H2OPulse|Mmmmm I don't actually know when! See the thing that makes me wary is that doubles still exists and it's not currently banned there
|c|☆inkbug1|oh... true
|c|☆H2OPulse|~~also don't worry this set has very bad coverage~~
|
|t:|1608420209
|move|p2a: Deoxys|Psycho Boost|p1a: Delphox
|-resisted|p1a: Delphox
|-damage|p1a: Delphox|29\/269
|-unboost|p2a: Deoxys|spa|2
|-damage|p2a: Deoxys|91\/100|[from] item: Life Orb
|move|p1a: Delphox|Fire Blast|p2a: Deoxys
|-damage|p2a: Deoxys|0 fnt
|faint|p2a: Deoxys
|
|upkeep
|c|☆inkbug1|do we know if its busted in doubles, though
|c|☆inkbug1|like has it been treid there
|c|☆inkbug1|tried* 
|c|☆H2OPulse|(it was Psychic\/Fire\/Ice which is almost uniquely bad for this situation)
|c|☆inkbug1|pffff
|c|☆H2OPulse|(buuut my last two are also)
|c|☆inkbug1|what if we did a mini doubles tour with un nerfed dragapult jsut to see
|c|☆H2OPulse|That would be neat actually!! Would be up for that
|c|☆H2OPulse|We're gonna retool it properly once we have Ubers anyway so
|c|☆inkbug1|bc like curse trapping isnt gonna be nearly as effective in doubles im like 80% sure
|
|t:|1608420279
|switch|p2a: Venomoth|Venomoth, L84, M|100\/100
|turn|13
|c|☆inkbug1|(damn delphox is putting in the work here im baffled) 
|
|t:|1608420295
|move|p1a: Delphox|Psyshock|p2a: Venomoth
|-supereffective|p2a: Venomoth
|-damage|p2a: Venomoth|0 fnt
|faint|p2a: Venomoth
|
|upkeep
|
|t:|1608420297
|switch|p2a: Mawile|Mawile-Mega, L80, M|100\/100
|turn|14
|
|t:|1608420301
|move|p1a: Delphox|Fire Blast|p2a: Mawile
|-supereffective|p2a: Mawile
|-damage|p2a: Mawile|0 fnt
|faint|p2a: Mawile
|
|win|inkbug1
|c|☆inkbug1|gg? 
|c|☆H2OPulse|Good game :'D
|c|☆inkbug1|my last pokemon were liepard, sableye, and megapult, 
|c|☆inkbug1|all weak to fairy
|c|☆H2OPulse|Fjfjgkgk fai r</script>
</div>
<div class="battle-log battle-log-inline"><div class="inner"><div class="battle-options"><div style="padding-top: 3px; padding-right: 3px; text-align: right"><button class="icon button" name="openBattleOptions" title="Options">Battle Options</button></div></div><div class="inner message-log"><div class="chat"><small>☆inkbug1 and ☆H2OPulse joined</small></div><div class=""><small>Format:</small> <br><strong>[Gen 8] M4A Random Battle</strong></div><div class=""><small><em>Dynamax Clause:</em> You cannot dynamax</small></div><div class=""><small><em>Species Clause:</em> Limit one of each Pokémon</small></div><div class=""><small><em>HP Percentage Mod:</em> HP is shown in percentages</small></div><div class=""><small><em>Sleep Clause Mod:</em> Limit one foe put to sleep</small></div><div class="spacer battle-history"><br></div><div class="battle-history">Battle started between inkbug1 and H2OPulse!<br></div><div class="spacer battle-history"><br></div><div class="battle-history">Go! <strong>Fearow</strong>!<br></div><div class="spacer battle-history"><br></div><div class="battle-history">H2OPulse sent out <strong>Mawile</strong>!<br></div><div class="battle-history">[The opposing Mawile's Intimidate]<br></div><div class="battle-history"><small>Fearow's Attack fell!</small><br></div><div class="spacer battle-history"><br></div><h2 class="battle-history">Turn 1</h2><div class="spacer battle-history"><br></div><div class="battle-history">H2OPulse withdrew Mawile!<br></div><div class="battle-history">H2OPulse sent out <strong>Glastrier</strong>!<br></div><div class="spacer battle-history"><br></div><div class="battle-history">Fearow used <strong>Drill Run</strong>!<br></div><div class="battle-history"><small>(The opposing Glastrier lost 16% of its health!)</small><br></div><div class="spacer battle-history"><br></div><h2 class="battle-history">Turn 2</h2><div class="chat chatmessage-inkbug1 mine"><strong style="color:#e46e0f"><small>☆</small><span class="username" data-name="inkbug1">inkbug1</span>:</strong> <em>horsy!! </em></div><div class="spacer battle-history"><br></div><div class="battle-history">Fearow, come back!<br></div><div class="battle-history">Go! <strong>Delphox</strong>!<br></div><div class="spacer battle-history"><br></div><div class="battle-history">The opposing Glastrier used <strong>Swords Dance</strong>!<br></div><div class="battle-history"><small>The opposing Glastrier's Attack rose sharply!</small><br></div><div class="spacer battle-history"><br></div><h2 class="battle-history">Turn 3</h2><div class="spacer battle-history"><br></div><div class="battle-history">Delphox used <strong>Fire Blast</strong>!<br></div><div class="battle-history"><small>It's super effective!</small><br></div><div class="battle-history"><small>(The opposing Glastrier lost 80% of its health!)</small><br></div><div class="spacer battle-history"><br></div><div class="battle-history">The opposing Glastrier used <strong>High Horsepower</strong>!<br></div><div class="battle-history"><small>Delphox avoided the attack!</small><br></div><div class="spacer battle-history"><br></div><h2 class="battle-history">Turn 4</h2><div class="chat chatmessage-inkbug1 mine"><strong style="color:#e46e0f"><small>☆</small><span class="username" data-name="inkbug1">inkbug1</span>:</strong> <em>oh f </em></div><div class="spacer battle-history"><br></div><div class="battle-history">Delphox used <strong>Fire Blast</strong>!<br></div><div class="battle-history"><small>It's super effective!</small><br></div><div class="battle-history"><small>(The opposing Glastrier lost 4% of its health!)</small><br></div><div class="spacer battle-history"><br></div><div class="battle-history">The opposing Glastrier fainted!<br></div><div class="spacer battle-history"><br></div><div class="battle-history">H2OPulse sent out <strong>Primarina</strong>!<br></div><div class="spacer battle-history"><br></div><h2 class="battle-history">Turn 5</h2><div class="spacer battle-history"><br></div><div class="battle-history">Delphox, come back!<br></div><div class="battle-history">Go! <strong>Xurkitree</strong>!<br></div><div class="spacer battle-history"><br></div><div class="battle-history">The opposing Primarina used <strong>Scald</strong>!<br></div><div class="battle-history"><small>(Xurkitree lost <abbr title="−121/270">44.8%</abbr> of its health!)</small><br></div><div class="spacer battle-history"><br></div><h2 class="battle-history">Turn 6</h2><div class="spacer battle-history"><br></div><div class="battle-history">Xurkitree used <strong>Volt Switch</strong>!<br></div><div class="battle-history"><small>It's super effective!</small><br></div><div class="battle-history"><small>(The opposing Primarina lost 66% of its health!)</small><br></div><div class="chat chatmessage-inkbug1 mine"><strong style="color:#e46e0f"><small>☆</small><span class="username" data-name="inkbug1">inkbug1</span>:</strong> <em>oh i called that wrong huh</em></div><div class="spacer battle-history"><br></div><div class="battle-history">Xurkitree went back to inkbug1!<br></div><div class="battle-history">Go! <strong>Fearow</strong>!<br></div><div class="spacer battle-history"><br></div><div class="battle-history">The opposing Primarina used <strong>Scald</strong>!<br></div><div class="battle-history"><small>(Fearow lost <abbr title="−129/258">50%</abbr> of its health!)</small><br></div><div class="spacer battle-history"><br></div><h2 class="battle-history">Turn 7</h2><div class="spacer battle-history"><br></div><div class="battle-history">Fearow used <strong>Drill Peck</strong>!<br></div><div class="battle-history"><small>(The opposing Primarina lost 34% of its health!)</small><br></div><div class="spacer battle-history"><br></div><div class="battle-history">The opposing Primarina fainted!<br></div><div class="spacer battle-history"><br></div><div class="battle-history">H2OPulse sent out <strong>Mawile</strong>!<br></div><div class="battle-history">[The opposing Mawile's Intimidate]<br></div><div class="battle-history"><small>Fearow's Attack fell!</small><br></div><div class="spacer battle-history"><br></div><h2 class="battle-history">Turn 8</h2><div class="spacer battle-history"><br></div><div class="battle-history">Fearow, come back!<br></div><div class="battle-history">Go! <strong>Delphox</strong>!<br></div><div class="spacer battle-history"><br></div><div class="battle-history"><small>The opposing Mawile's Mawilite is reacting to the Key Stone!</small><br>The opposing Mawile has Mega Evolved into Mega Mawile!<br></div><div class="chat"><ul class="utilichart"><li class="result"><span class="col pokemonnamecol" style="white-space: nowrap">Mawile-Mega</span> <span class="col typecol"><img src="https://play.pokemonshowdown.com/sprites/types/Steel.png" alt="Steel" height="14" width="32"><img src="https://play.pokemonshowdown.com/sprites/types/Fairy.png" alt="Fairy" height="14" width="32"></span> <span style="float: left ; min-height: 26px"><span class="col abilitycol">Huge Power</span><span class="col abilitycol"></span></span><span style="float: left ; min-height: 26px"><span class="col statcol"><em>HP</em><br>50</span> <span class="col statcol"><em>Atk</em><br>105</span> <span class="col statcol"><em>Def</em><br>125</span> <span class="col statcol"><em>SpA</em><br>55</span> <span class="col statcol"><em>SpD</em><br>95</span> <span class="col statcol"><em>Spe</em><br>50</span> </span></li><li style="clear: both"></li></ul></div><div class="spacer battle-history"><br></div><div class="battle-history">The opposing Mawile used <strong>Iron Head</strong>!<br></div><div class="battle-history"><small>It's not very effective...</small><br></div><div class="battle-history"><small>(Delphox lost <abbr title="−93/269">34.6%</abbr> of its health!)</small><br></div><div class="spacer battle-history"><br></div><h2 class="battle-history">Turn 9</h2><div class="chat chatmessage-inkbug1 mine"><strong style="color:#e46e0f"><small>☆</small><span class="username" data-name="inkbug1">inkbug1</span>:</strong> <em>half my teams weak to 1 type this does not feel safe</em></div><div class="spacer battle-history"><br></div><div class="battle-history">H2OPulse withdrew Mawile!<br></div><div class="battle-history">H2OPulse sent out <strong>Simisear</strong>!<br></div><div class="spacer battle-history"><br></div><div class="battle-history">Delphox used <strong>Calm Mind</strong>!<br></div><div class="battle-history"><small>Delphox's Sp. Atk rose!</small><br></div><div class="battle-history"><small>Delphox's Sp. Def rose!</small><br></div><div class="spacer battle-history"><br></div><h2 class="battle-history">Turn 10</h2><div class="chat chatmessage-h2opulse"><strong style="color:#6e8c2b"><small>☆</small><span class="username" data-name="H2OPulse">H2OPulse</span>:</strong> <em>I mean same I can't switch in on anything here,,,</em></div><div class="chat chatmessage-inkbug1 mine"><strong style="color:#e46e0f"><small>☆</small><span class="username" data-name="inkbug1">inkbug1</span>:</strong> <em>asdasd</em></div><div class="spacer battle-history"><br></div><div class="battle-history">Delphox used <strong>Psyshock</strong>!<br></div><div class="battle-history"><small>(The opposing Simisear lost 68% of its health!)</small><br></div><div class="spacer battle-history"><br></div><div class="battle-history">The opposing Simisear used <strong>Hidden Power</strong>!<br></div><div class="battle-history"><small>It's super effective!</small><br></div><div class="battle-history"><small>(Delphox lost <abbr title="−60/269">22.3%</abbr> of its health!)</small><br></div><div class="spacer battle-history"><br></div><h2 class="battle-history">Turn 11</h2><div class="chat chatmessage-inkbug1 mine"><strong style="color:#e46e0f"><small>☆</small><span class="username" data-name="inkbug1">inkbug1</span>:</strong> <em>oh shit right unrelated to something i have on my team </em></div><div class="chat chatmessage-inkbug1 mine"><strong style="color:#e46e0f"><small>☆</small><span class="username" data-name="inkbug1">inkbug1</span>:</strong> <em>when are we gonna un nerf dragapult</em></div><div class="chat chatmessage-h2opulse"><strong style="color:#6e8c2b"><small>☆</small><span class="username" data-name="H2OPulse">H2OPulse</span>:</strong> <em>Oh right good question</em></div><div class="chat chatmessage-inkbug1 mine"><strong style="color:#e46e0f"><small>☆</small><span class="username" data-name="inkbug1">inkbug1</span>:</strong> <em><i>just</i> for the sake of randbats atm </em></div><div class="spacer battle-history"><br></div><div class="battle-history">Delphox used <strong>Psyshock</strong>!<br></div><div class="battle-history"><small>(The opposing Simisear lost 32% of its health!)</small><br></div><div class="spacer battle-history"><br></div><div class="battle-history">The opposing Simisear fainted!<br></div><div class="spacer battle-history"><br></div><div class="battle-history">H2OPulse sent out Deoxys (<strong>Deoxys-Attack</strong>)!<br></div><div class="battle-history">[The opposing Deoxys's Pressure]<br><small>The opposing Deoxys is exerting its pressure!</small><br></div><div class="spacer battle-history"><br></div><h2 class="battle-history">Turn 12</h2><div class="chat chatmessage-inkbug1 mine"><strong style="color:#e46e0f"><small>☆</small><span class="username" data-name="inkbug1">inkbug1</span>:</strong> <em>a</em></div><div class="chat chatmessage-h2opulse"><strong style="color:#6e8c2b"><small>☆</small><span class="username" data-name="H2OPulse">H2OPulse</span>:</strong> <em>Mmmmm I don't actually know when! See the thing that makes me wary is that doubles still exists and it's not currently banned there</em></div><div class="chat chatmessage-inkbug1 mine"><strong style="color:#e46e0f"><small>☆</small><span class="username" data-name="inkbug1">inkbug1</span>:</strong> <em>oh... true</em></div><div class="chat chatmessage-h2opulse"><strong style="color:#6e8c2b"><small>☆</small><span class="username" data-name="H2OPulse">H2OPulse</span>:</strong> <em><s>also don't worry this set has very bad coverage</s></em></div><div class="spacer battle-history"><br></div><div class="battle-history">The opposing Deoxys used <strong>Psycho Boost</strong>!<br></div><div class="battle-history"><small>It's not very effective...</small><br></div><div class="battle-history"><small>(Delphox lost <abbr title="−87/269">32.3%</abbr> of its health!)</small><br></div><div class="battle-history"><small>The opposing Deoxys's Sp. Atk fell harshly!</small><br></div><div class="battle-history"><small>The opposing Deoxys lost some of its HP!</small><br></div><div class="spacer battle-history"><br></div><div class="battle-history">Delphox used <strong>Fire Blast</strong>!<br></div><div class="battle-history"><small>(The opposing Deoxys lost 91% of its health!)</small><br></div><div class="spacer battle-history"><br></div><div class="battle-history">The opposing Deoxys fainted!<br></div><div class="chat chatmessage-inkbug1 mine"><strong style="color:#e46e0f"><small>☆</small><span class="username" data-name="inkbug1">inkbug1</span>:</strong> <em>do we know if its busted in doubles, though</em></div><div class="chat chatmessage-inkbug1 mine"><strong style="color:#e46e0f"><small>☆</small><span class="username" data-name="inkbug1">inkbug1</span>:</strong> <em>like has it been treid there</em></div><div class="chat chatmessage-inkbug1 mine"><strong style="color:#e46e0f"><small>☆</small><span class="username" data-name="inkbug1">inkbug1</span>:</strong> <em>tried* </em></div><div class="chat chatmessage-h2opulse"><strong style="color:#6e8c2b"><small>☆</small><span class="username" data-name="H2OPulse">H2OPulse</span>:</strong> <em>(it was Psychic/Fire/Ice which is almost uniquely bad for this situation)</em></div><div class="chat chatmessage-inkbug1 mine"><strong style="color:#e46e0f"><small>☆</small><span class="username" data-name="inkbug1">inkbug1</span>:</strong> <em>pffff</em></div><div class="chat chatmessage-h2opulse"><strong style="color:#6e8c2b"><small>☆</small><span class="username" data-name="H2OPulse">H2OPulse</span>:</strong> <em>(buuut my last two are also)</em></div><div class="chat chatmessage-inkbug1 mine"><strong style="color:#e46e0f"><small>☆</small><span class="username" data-name="inkbug1">inkbug1</span>:</strong> <em>what if we did a mini doubles tour with un nerfed dragapult jsut to see</em></div><div class="chat chatmessage-h2opulse"><strong style="color:#6e8c2b"><small>☆</small><span class="username" data-name="H2OPulse">H2OPulse</span>:</strong> <em>That would be neat actually!! Would be up for that</em></div><div class="chat chatmessage-h2opulse"><strong style="color:#6e8c2b"><small>☆</small><span class="username" data-name="H2OPulse">H2OPulse</span>:</strong> <em>We're gonna retool it properly once we have Ubers anyway so</em></div><div class="chat chatmessage-inkbug1 mine"><strong style="color:#e46e0f"><small>☆</small><span class="username" data-name="inkbug1">inkbug1</span>:</strong> <em>bc like curse trapping isnt gonna be nearly as effective in doubles im like 80% sure</em></div><div class="spacer battle-history"><br></div><div class="battle-history">H2OPulse sent out <strong>Venomoth</strong>!<br></div><div class="spacer battle-history"><br></div><h2 class="battle-history">Turn 13</h2><div class="chat chatmessage-inkbug1 mine"><strong style="color:#e46e0f"><small>☆</small><span class="username" data-name="inkbug1">inkbug1</span>:</strong> <em>(damn delphox is putting in the work here im baffled) </em></div><div class="spacer battle-history"><br></div><div class="battle-history">Delphox used <strong>Psyshock</strong>!<br></div><div class="battle-history"><small>It's super effective!</small><br></div><div class="battle-history"><small>(The opposing Venomoth lost 100% of its health!)</small><br></div><div class="spacer battle-history"><br></div><div class="battle-history">The opposing Venomoth fainted!<br></div><div class="spacer battle-history"><br></div><div class="battle-history">H2OPulse sent out Mawile (<strong>Mawile-Mega</strong>)!<br></div><div class="spacer battle-history"><br></div><h2 class="battle-history">Turn 14</h2><div class="spacer battle-history"><br></div><div class="battle-history">Delphox used <strong>Fire Blast</strong>!<br></div><div class="battle-history"><small>It's super effective!</small><br></div><div class="battle-history"><small>(The opposing Mawile lost 100% of its health!)</small><br></div><div class="spacer battle-history"><br></div><div class="battle-history">The opposing Mawile fainted!<br></div><div class="spacer battle-history"><br></div><div class="battle-history"><strong>inkbug1</strong> won the battle!<br></div><div class="chat chatmessage-inkbug1 mine"><strong style="color:#e46e0f"><small>☆</small><span class="username" data-name="inkbug1">inkbug1</span>:</strong> <em>gg? </em></div><div class="chat chatmessage-h2opulse"><strong style="color:#6e8c2b"><small>☆</small><span class="username" data-name="H2OPulse">H2OPulse</span>:</strong> <em>Good game :'D</em></div><div class="chat chatmessage-inkbug1 mine"><strong style="color:#e46e0f"><small>☆</small><span class="username" data-name="inkbug1">inkbug1</span>:</strong> <em>my last pokemon were liepard, sableye, and megapult, </em></div><div class="chat chatmessage-inkbug1 mine"><strong style="color:#e46e0f"><small>☆</small><span class="username" data-name="inkbug1">inkbug1</span>:</strong> <em>all weak to fairy</em></div><div class="chat chatmessage-h2opulse"><strong style="color:#6e8c2b"><small>☆</small><span class="username" data-name="H2OPulse">H2OPulse</span>:</strong> <em>Fjfjgkgk fai r</em></div></div><div class="inner-preempt message-log"></div></div></div>
</div>
<script>
let daily = Math.floor(Date.now()/1000/60/60/24);document.write('<script src="https://play.pokemonshowdown.com/js/replay-embed.js?version'+daily+'"></'+'script>');
</script>
