<!DOCTYPE html>
<meta charset="utf-8" />
<!-- version 1 -->
<title>[Gen 8] M4A VGC replay: ink2 vs. inkbug1</title>
<style>
html,body {font-family:Verdana, sans-serif;font-size:10pt;margin:0;padding:0;}body{padding:12px 0;} .battle-log {font-family:Verdana, sans-serif;font-size:10pt;} .battle-log-inline {border:1px solid #AAAAAA;background:#EEF2F5;color:black;max-width:640px;margin:0 auto 80px;padding-bottom:5px;} .battle-log .inner {padding:4px 8px 0px 8px;} .battle-log .inner-preempt {padding:0 8px 4px 8px;} .battle-log .inner-after {margin-top:0.5em;} .battle-log h2 {margin:0.5em -8px;padding:4px 8px;border:1px solid #AAAAAA;background:#E0E7EA;border-left:0;border-right:0;font-family:Verdana, sans-serif;font-size:13pt;} .battle-log .chat {vertical-align:middle;padding:3px 0 3px 0;font-size:8pt;} .battle-log .chat strong {color:#40576A;} .battle-log .chat em {padding:1px 4px 1px 3px;color:#000000;font-style:normal;} .chat.mine {background:rgba(0,0,0,0.05);margin-left:-8px;margin-right:-8px;padding-left:8px;padding-right:8px;} .spoiler {color:#BBBBBB;background:#BBBBBB;padding:0px 3px;} .spoiler:hover, .spoiler:active, .spoiler-shown {color:#000000;background:#E2E2E2;padding:0px 3px;} .spoiler a {color:#BBBBBB;} .spoiler:hover a, .spoiler:active a, .spoiler-shown a {color:#2288CC;} .chat code, .chat .spoiler:hover code, .chat .spoiler:active code, .chat .spoiler-shown code {border:1px solid #C0C0C0;background:#EEEEEE;color:black;padding:0 2px;} .chat .spoiler code {border:1px solid #CCCCCC;background:#CCCCCC;color:#CCCCCC;} .battle-log .rated {padding:3px 4px;} .battle-log .rated strong {color:white;background:#89A;padding:1px 4px;border-radius:4px;} .spacer {margin-top:0.5em;} .message-announce {background:#6688AA;color:white;padding:1px 4px 2px;} .message-announce a, .broadcast-green a, .broadcast-blue a, .broadcast-red a {color:#DDEEFF;} .broadcast-green {background-color:#559955;color:white;padding:2px 4px;} .broadcast-blue {background-color:#6688AA;color:white;padding:2px 4px;} .infobox {border:1px solid #6688AA;padding:2px 4px;} .infobox-limited {max-height:200px;overflow:auto;overflow-x:hidden;} .broadcast-red {background-color:#AA5544;color:white;padding:2px 4px;} .message-learn-canlearn {font-weight:bold;color:#228822;text-decoration:underline;} .message-learn-cannotlearn {font-weight:bold;color:#CC2222;text-decoration:underline;} .message-effect-weak {font-weight:bold;color:#CC2222;} .message-effect-resist {font-weight:bold;color:#6688AA;} .message-effect-immune {font-weight:bold;color:#666666;} .message-learn-list {margin-top:0;margin-bottom:0;} .message-throttle-notice, .message-error {color:#992222;} .message-overflow, .chat small.message-overflow {font-size:0pt;} .message-overflow::before {font-size:9pt;content:'...';} .subtle {color:#3A4A66;}
</style>
<div class="wrapper replay-wrapper" style="max-width:1180px;margin:0 auto">
<input type="hidden" name="replayid" value="unregisteredserver-gen8m4avgc-275" />
<div class="battle"></div><div class="battle-log"></div><div class="replay-controls"></div><div class="replay-controls-2"></div>
<h1 style="font-weight:normal;text-align:center"><strong>[Gen 8] M4A VGC</strong><br /><a href="http://pokemonshowdown.com/users/ink2" class="subtle" target="_blank">ink2</a> vs. <a href="http://pokemonshowdown.com/users/inkbug1" class="subtle" target="_blank">inkbug1</a></h1>
<script type="text/plain" class="battle-log-data">|j|☆ink2

|j|☆inkbug1
|t:|1627856169
|player|p1|ink2|aaron|
|player|p2|inkbug1|burgh|
|teamsize|p1|5
|teamsize|p2|5
|gametype|doubles
|gen|8
|tier|[Gen 8] M4A VGC
|clearpoke
|poke|p1|Electrode, L50|
|poke|p1|Voltorb, L50|
|poke|p1|Trapinch, L50, F|
|poke|p1|Eevee, L50, F|
|poke|p1|Stakataka, L50|
|poke|p2|Electrode, L50|
|poke|p2|Voltorb, L50|
|poke|p2|Trapinch, L50, M|
|poke|p2|Eevee, L50, M|
|poke|p2|Stakataka, L50|
|rule|Species Clause: Limit one of each Pokémon
|rule|Item Clause: Limit one of each item
|rule|Dynamax Clause: You cannot dynamax
|raw|<img src="https:\/\/www.smogon.com\/forums\/attachments\/banner_2-png.302358\/" height="65" width="381">
|-message|Welcome to Megas for All!
|-message|This is a National Dex-based format where we aim to give a new Mega Evolution to every Pokémon.
|-message|Just like any official format, you can still only Mega Evolve one Pokémon per team!
|-message|You can find our thread and metagame resources here:
|-message|https:\/\/www.smogon.com\/forums\/threads\/3671140\/
|teampreview|4
|
|t:|1627856218
|start
|switch|p1a: Voltorb|Voltorb, L50|115\/115
|switch|p1b: Trapinch|Trapinch, L50, F|120\/120
|switch|p2a: Electrode|Electrode, L50|48\/48
|switch|p2b: Eevee|Eevee, L50, M|48\/48
|turn|1
|
|t:|1627856231
|detailschange|p2a: Electrode|Electrode-Mega, L50
|-mega|p2a: Electrode|Electrode|Electrodite
|-start|p2a: Electrode|typechange|Electric|[silent]
|raw|<ul class="utilichart"><li class="result"><span class="col pokemonnamecol" style="white-space: nowrap">Electrode-Mega<\/span> <span class="col typecol"><img src="https:\/\/play.pokemonshowdown.com\/sprites\/types\/Electric.png" alt="Electric" height="14" width="32"><\/span> <span style="float: left ; min-height: 26px"><span class="col abilitycol">Implode<\/span><span class="col abilitycol"><\/span><\/span><span style="float: left ; min-height: 26px"><span class="col statcol"><em>HP<\/em><br>60<\/span> <span class="col statcol"><em>Atk<\/em><br>150<\/span> <span class="col statcol"><em>Def<\/em><br>70<\/span> <span class="col statcol"><em>SpA<\/em><br>80<\/span> <span class="col statcol"><em>SpD<\/em><br>80<\/span> <span class="col statcol"><em>Spe<\/em><br>150<\/span> <\/span><\/li><li style="clear: both"><\/li><\/ul>
|move|p1a: Voltorb|Endure|p1a: Voltorb
|-singleturn|p1a: Voltorb|move: Endure
|move|p2a: Electrode|Explosion||[still]|[still]|[still]|[spread] p2b,p1a,p1b
|-damage|p2b: Eevee|0 fnt
|-activate|p1a: Voltorb|move: Endure
|-damage|p1a: Voltorb|1\/115
|-enditem|p1b: Trapinch|Focus Sash
|-damage|p1b: Trapinch|1\/120
|-anim|p2a: Electrode|Explosion
|faint|p2b: Eevee
|faint|p2a: Electrode
|move|p1b: Trapinch|Laser Focus|p1b: Trapinch
|-start|p1b: Trapinch|move: Laser Focus
|
|upkeep
|
|t:|1627856246
|switch|p2a: Voltorb|Voltorb, L50|48\/48
|switch|p2b: Stakataka|Stakataka, L50|48\/48
|turn|2
|-message|inkbug1 forfeited.
|
|win|ink2
|l|☆inkbug1</script>
</div>
<div class="battle-log battle-log-inline"><div class="inner"><div class="battle-options"><div style="padding-top: 3px; padding-right: 3px; text-align: right"><button class="icon button" name="openBattleOptions" title="Options">Battle Options</button></div></div><div class="inner message-log"><div class="chat"><small>☆ink2 and ☆inkbug1 joined</small></div><div class=""><small>Format:</small> <br><strong>[Gen 8] M4A VGC</strong></div><div class=""><small><em>Species Clause:</em> Limit one of each Pokémon</small></div><div class=""><small><em>Item Clause:</em> Limit one of each item</small></div><div class=""><small><em>Dynamax Clause:</em> You cannot dynamax</small></div><div class="chat"><img src="https://www.smogon.com/forums/attachments/banner_2-png.302358/" height="65" width="381"></div><div class="spacer battle-history"><br></div><div class="battle-history"><small>Welcome to Megas for All!</small><br></div><div class="battle-history"><small>This is a National Dex-based format where we aim to give a new Mega Evolution to every Pokémon.</small><br></div><div class="battle-history"><small>Just like any official format, you can still only Mega Evolve one Pokémon per team!</small><br></div><div class="battle-history"><small>You can find our thread and metagame resources here:</small><br></div><div class="battle-history"><small>https://www.smogon.com/forums/threads/3671140/</small><br></div><div class="chat battle-history"><strong>ink2's team:</strong> <em style="color:#445566;display:block;">Electrode / Voltorb / Trapinch / Eevee / Stakataka</em></div><div class="chat battle-history"><strong>inkbug1's team:</strong> <em style="color:#445566;display:block;">Electrode / Voltorb / Trapinch / Eevee / Stakataka</em></div><div class="spacer battle-history"><br></div><div class="battle-history">Battle started between ink2 and inkbug1!<br></div><div class="spacer battle-history"><br></div><div class="battle-history">Go! <strong>Voltorb</strong>!<br></div><div class="spacer battle-history"><br></div><div class="battle-history">Go! <strong>Trapinch</strong>!<br></div><div class="spacer battle-history"><br></div><div class="battle-history">inkbug1 sent out <strong>Electrode</strong>!<br></div><div class="spacer battle-history"><br></div><div class="battle-history">inkbug1 sent out <strong>Eevee</strong>!<br></div><div class="spacer battle-history"><br></div><h2 class="battle-history">Turn 1</h2><div class="spacer battle-history"><br></div><div class="battle-history"><small>The opposing Electrode's Electrodite is reacting to the Key Stone!</small><br>The opposing Electrode has Mega Evolved into Mega Electrode!<br></div><div class="chat"><ul class="utilichart"><li class="result"><span class="col pokemonnamecol" style="white-space: nowrap">Electrode-Mega</span> <span class="col typecol"><img src="https://play.pokemonshowdown.com/sprites/types/Electric.png" alt="Electric" height="14" width="32"></span> <span style="float: left ; min-height: 26px"><span class="col abilitycol">Implode</span><span class="col abilitycol"></span></span><span style="float: left ; min-height: 26px"><span class="col statcol"><em>HP</em><br>60</span> <span class="col statcol"><em>Atk</em><br>150</span> <span class="col statcol"><em>Def</em><br>70</span> <span class="col statcol"><em>SpA</em><br>80</span> <span class="col statcol"><em>SpD</em><br>80</span> <span class="col statcol"><em>Spe</em><br>150</span> </span></li><li style="clear: both"></li></ul></div><div class="spacer battle-history"><br></div><div class="battle-history">Voltorb used <strong>Endure</strong>!<br></div><div class="battle-history"><small>Voltorb braced itself!</small><br></div><div class="spacer battle-history"><br></div><div class="battle-history">The opposing Electrode used <strong>Explosion</strong>!<br></div><div class="battle-history"><small>(The opposing Eevee lost <abbr title="−48/48 pixels">100%</abbr> of its health!)</small><br></div><div class="battle-history"><small>Voltorb endured the hit!</small><br></div><div class="battle-history"><small>(Voltorb lost <abbr title="−114/115">99.1%</abbr> of its health!)</small><br></div><div class="battle-history"><small>Trapinch hung on using its Focus Sash!</small><br></div><div class="battle-history"><small>(Trapinch lost <abbr title="−119/120">99.2%</abbr> of its health!)</small><br></div><div class="spacer battle-history"><br></div><div class="battle-history">The opposing Eevee fainted!<br></div><div class="battle-history">The opposing Electrode fainted!<br></div><div class="battle-history">Trapinch used <strong>Laser Focus</strong>!<br></div><div class="battle-history"><small>Trapinch concentrated intensely!</small><br></div><div class="spacer battle-history"><br></div><div class="battle-history">inkbug1 sent out <strong>Voltorb</strong>!<br></div><div class="spacer battle-history"><br></div><div class="battle-history">inkbug1 sent out <strong>Stakataka</strong>!<br></div><div class="spacer battle-history"><br></div><h2 class="battle-history">Turn 2</h2><div class="spacer battle-history"><br></div><div class="battle-history"><small>inkbug1 forfeited.</small><br></div><div class="spacer battle-history"><br></div><div class="battle-history"><strong>ink2</strong> won the battle!<br></div><div class="chat"><small>☆inkbug1 left</small></div></div><div class="inner-preempt message-log"></div></div></div>
</div>
<script>
let daily = Math.floor(Date.now()/1000/60/60/24);document.write('<script src="https://play.pokemonshowdown.com/js/replay-embed.js?version'+daily+'"></'+'script>');
</script>
