<!DOCTYPE html>
<meta charset="utf-8" />
<!-- version 1 -->
<title>[Gen 8] Megas for All replay: Mossy Sandwich vs. ViZarPKMN</title>
<style>
html,body {font-family:Verdana, sans-serif;font-size:10pt;margin:0;padding:0;}body{padding:12px 0;} .battle-log {font-family:Verdana, sans-serif;font-size:10pt;} .battle-log-inline {border:1px solid #AAAAAA;background:#EEF2F5;color:black;max-width:640px;margin:0 auto 80px;padding-bottom:5px;} .battle-log .inner {padding:4px 8px 0px 8px;} .battle-log .inner-preempt {padding:0 8px 4px 8px;} .battle-log .inner-after {margin-top:0.5em;} .battle-log h2 {margin:0.5em -8px;padding:4px 8px;border:1px solid #AAAAAA;background:#E0E7EA;border-left:0;border-right:0;font-family:Verdana, sans-serif;font-size:13pt;} .battle-log .chat {vertical-align:middle;padding:3px 0 3px 0;font-size:8pt;} .battle-log .chat strong {color:#40576A;} .battle-log .chat em {padding:1px 4px 1px 3px;color:#000000;font-style:normal;} .chat.mine {background:rgba(0,0,0,0.05);margin-left:-8px;margin-right:-8px;padding-left:8px;padding-right:8px;} .spoiler {color:#BBBBBB;background:#BBBBBB;padding:0px 3px;} .spoiler:hover, .spoiler:active, .spoiler-shown {color:#000000;background:#E2E2E2;padding:0px 3px;} .spoiler a {color:#BBBBBB;} .spoiler:hover a, .spoiler:active a, .spoiler-shown a {color:#2288CC;} .chat code, .chat .spoiler:hover code, .chat .spoiler:active code, .chat .spoiler-shown code {border:1px solid #C0C0C0;background:#EEEEEE;color:black;padding:0 2px;} .chat .spoiler code {border:1px solid #CCCCCC;background:#CCCCCC;color:#CCCCCC;} .battle-log .rated {padding:3px 4px;} .battle-log .rated strong {color:white;background:#89A;padding:1px 4px;border-radius:4px;} .spacer {margin-top:0.5em;} .message-announce {background:#6688AA;color:white;padding:1px 4px 2px;} .message-announce a, .broadcast-green a, .broadcast-blue a, .broadcast-red a {color:#DDEEFF;} .broadcast-green {background-color:#559955;color:white;padding:2px 4px;} .broadcast-blue {background-color:#6688AA;color:white;padding:2px 4px;} .infobox {border:1px solid #6688AA;padding:2px 4px;} .infobox-limited {max-height:200px;overflow:auto;overflow-x:hidden;} .broadcast-red {background-color:#AA5544;color:white;padding:2px 4px;} .message-learn-canlearn {font-weight:bold;color:#228822;text-decoration:underline;} .message-learn-cannotlearn {font-weight:bold;color:#CC2222;text-decoration:underline;} .message-effect-weak {font-weight:bold;color:#CC2222;} .message-effect-resist {font-weight:bold;color:#6688AA;} .message-effect-immune {font-weight:bold;color:#666666;} .message-learn-list {margin-top:0;margin-bottom:0;} .message-throttle-notice, .message-error {color:#992222;} .message-overflow, .chat small.message-overflow {font-size:0pt;} .message-overflow::before {font-size:9pt;content:'...';} .subtle {color:#3A4A66;}
</style>
<div class="wrapper replay-wrapper" style="max-width:1180px;margin:0 auto">
<input type="hidden" name="replayid" value="dragonheaven-gen8megasforall-836" />
<div class="battle"></div><div class="battle-log"></div><div class="replay-controls"></div><div class="replay-controls-2"></div>
<h1 style="font-weight:normal;text-align:center"><strong>[Gen 8] Megas for All</strong><br /><a href="http://pokemonshowdown.com/users/mossysandwich" class="subtle" target="_blank">Mossy Sandwich</a> vs. <a href="http://pokemonshowdown.com/users/vizarpkmn" class="subtle" target="_blank">ViZarPKMN</a></h1>
<script type="text/plain" class="battle-log-data">|j|☆Mossy Sandwich
|j|☆ViZarPKMN
|t:|1610829571
|player|p1|Mossy Sandwich|2|
|player|p2|ViZarPKMN|benga|
|teamsize|p1|6
|teamsize|p2|6
|gametype|singles
|gen|8
|tier|[Gen 8] Megas for All
|clearpoke
|poke|p1|Dragonite, F|
|poke|p1|Zapdos|
|poke|p1|Magearna|
|poke|p1|Landorus-Therian, M|
|poke|p1|Clefable, F|
|poke|p1|Tapu Lele|
|poke|p2|Delibird, F|
|poke|p2|Tapu Koko|
|poke|p2|Hawlucha, M|
|poke|p2|Urshifu-*, M|
|poke|p2|Landorus-Therian, M|
|poke|p2|Volcarona, M|
|rule|HP Percentage Mod: HP is shown in percentages
|rule|Endless Battle Clause: Forcing endless battles is banned
|rule|OHKO Clause: OHKO moves are banned
|rule|Evasion Moves Clause: Evasion moves are banned
|rule|Species Clause: Limit one of each Pokémon
|rule|Dynamax Clause: You cannot dynamax
|rule|Sleep Clause Mod: Limit one foe put to sleep
|rule|Freeze Clause Mod: Limit one foe frozen
|raw|<img src="https:\/\/www.smogon.com\/forums\/attachments\/banner_2-png.302358\/" height="65" width="381">
|-message|Welcome to Megas for All!
|-message|This is a National Dex-based format where we aim to give a new Mega Evolution to every Pokémon.
|-message|Just like any official format, you can still only Mega Evolve one Pokémon per team!
|-message|You can find our thread and metagame resources here:
|-message|https:\/\/www.smogon.com\/forums\/threads\/3671140\/
|teampreview
|c|☆ViZarPKMN|glhf
|j|+inkbug1

|c|☆Mossy Sandwich|gl hf!
|
|t:|1610829600
|start
|switch|p1a: Tapu Lele|Tapu Lele|100\/100
|switch|p2a: Tapu Koko|Tapu Koko|100\/100
|-fieldstart|move: Electric Terrain|[from] ability: Electric Surge|[of] p2a: Tapu Koko
|-fieldstart|move: Psychic Terrain|[from] ability: Psychic Surge|[of] p1a: Tapu Lele
|turn|1
|
|t:|1610829608
|move|p2a: Tapu Koko|U-turn|p1a: Tapu Lele
|-damage|p1a: Tapu Lele|77\/100
|
|t:|1610829634
|switch|p2a: Delibird|Delibird, F|100\/100|[from]move: U-turn
|move|p1a: Tapu Lele|Psyshock|p2a: Delibird
|-damage|p2a: Delibird|0 fnt
|faint|p2a: Delibird
|
|upkeep
|
|t:|1610829647
|switch|p2a: Urshifu|Urshifu-Rapid-Strike, M|100\/100
|turn|2
|
|t:|1610829654
|switch|p1a: Zapdos|Zapdos|100\/100
|move|p2a: Urshifu|Surging Strikes|p1a: Zapdos
|-crit|p1a: Zapdos
|-damage|p1a: Zapdos|85\/100
|-crit|p1a: Zapdos
|-damage|p1a: Zapdos|71\/100
|-crit|p1a: Zapdos
|-damage|p1a: Zapdos|56\/100
|-hitcount|p1a: Zapdos|3
|
|upkeep
|turn|3
|
|t:|1610829666
|move|p2a: Urshifu|Surging Strikes|p1a: Zapdos
|-crit|p1a: Zapdos
|-damage|p1a: Zapdos|42\/100
|-crit|p1a: Zapdos
|-damage|p1a: Zapdos|28\/100
|-crit|p1a: Zapdos
|-damage|p1a: Zapdos|12\/100
|-hitcount|p1a: Zapdos|3
|move|p1a: Zapdos|Roost|p1a: Zapdos
|-heal|p1a: Zapdos|62\/100
|-singleturn|p1a: Zapdos|move: Roost
|
|upkeep
|turn|4
|
|t:|1610829669
|move|p2a: Urshifu|Bulk Up|p2a: Urshifu
|-boost|p2a: Urshifu|atk|1
|-boost|p2a: Urshifu|def|1
|move|p1a: Zapdos|Roost|p1a: Zapdos
|-heal|p1a: Zapdos|100\/100
|-singleturn|p1a: Zapdos|move: Roost
|
|upkeep
|turn|5
|
|t:|1610829671
|move|p2a: Urshifu|Surging Strikes|p1a: Zapdos
|-crit|p1a: Zapdos
|-damage|p1a: Zapdos|78\/100
|-status|p2a: Urshifu|par|[from] ability: Static|[of] p1a: Zapdos
|-crit|p1a: Zapdos
|-damage|p1a: Zapdos|55\/100
|-crit|p1a: Zapdos
|-damage|p1a: Zapdos|33\/100
|-hitcount|p1a: Zapdos|3
|move|p1a: Zapdos|Discharge|p2a: Urshifu
|-supereffective|p2a: Urshifu
|-damage|p2a: Urshifu|2\/100 par
|
|-fieldend|move: Psychic Terrain
|upkeep
|turn|6
|
|t:|1610829677
|move|p1a: Zapdos|Discharge|p2a: Urshifu
|-supereffective|p2a: Urshifu
|-damage|p2a: Urshifu|0 fnt
|faint|p2a: Urshifu
|
|upkeep
|
|t:|1610829682
|switch|p2a: Tapu Koko|Tapu Koko|100\/100
|-fieldstart|move: Electric Terrain|[from] ability: Electric Surge|[of] p2a: Tapu Koko
|turn|7
|c|☆Mossy Sandwich|I was starting to wonder if that was protective pads
|
|t:|1610829692
|switch|p1a: Magearna|Magearna|100\/100
|move|p2a: Tapu Koko|Discharge|p1a: Magearna
|-damage|p1a: Magearna|82\/100
|
|upkeep
|turn|8
|
|t:|1610829695
|move|p2a: Tapu Koko|U-turn|p1a: Magearna
|-resisted|p1a: Magearna
|-damage|p1a: Magearna|79\/100
|
|t:|1610829697
|switch|p2a: Volcarona|Volcarona, M|100\/100|[from]move: U-turn
|move|p1a: Magearna|Volt Switch|p2a: Volcarona
|-damage|p2a: Volcarona|71\/100
|
|t:|1610829703
|switch|p1a: Landorus|Landorus-Therian, M|100\/100|[from]move: Volt Switch
|-ability|p1a: Landorus|Intimidate|boost
|-unboost|p2a: Volcarona|atk|1
|
|upkeep
|turn|9
|
|t:|1610829708
|move|p2a: Volcarona|U-turn|p1a: Landorus
|-resisted|p1a: Landorus
|-damage|p1a: Landorus|95\/100
|
|t:|1610829711
|switch|p2a: Landorus|Landorus-Therian, M|100\/100|[from]move: U-turn
|-ability|p2a: Landorus|Intimidate|boost
|-unboost|p1a: Landorus|atk|1
|move|p1a: Landorus|Rock Polish|p1a: Landorus
|-boost|p1a: Landorus|spe|2
|
|upkeep
|turn|10
|
|t:|1610829718
|move|p1a: Landorus|Swords Dance|p1a: Landorus
|-boost|p1a: Landorus|atk|2
|move|p2a: Landorus|Rock Polish|p2a: Landorus
|-boost|p2a: Landorus|spe|2
|
|upkeep
|turn|11
|
|t:|1610829722
|move|p2a: Landorus|Stone Edge|p1a: Landorus
|-damage|p1a: Landorus|50\/100
|move|p1a: Landorus|Swords Dance|p1a: Landorus
|-boost|p1a: Landorus|atk|2
|
|-fieldend|move: Electric Terrain
|upkeep
|turn|12
|
|t:|1610829727
|move|p2a: Landorus|Stone Edge|p1a: Landorus
|-damage|p1a: Landorus|9\/100
|-zpower|p1a: Landorus
|move|p1a: Landorus|Continental Crush|p2a: Landorus|[zeffect]
|-damage|p2a: Landorus|0 fnt
|faint|p2a: Landorus
|
|upkeep
|
|t:|1610829733
|switch|p2a: Tapu Koko|Tapu Koko|100\/100
|-fieldstart|move: Electric Terrain|[from] ability: Electric Surge|[of] p2a: Tapu Koko
|turn|13
|
|t:|1610829738
|move|p1a: Landorus|Earthquake|p2a: Tapu Koko
|-supereffective|p2a: Tapu Koko
|-damage|p2a: Tapu Koko|0 fnt
|faint|p2a: Tapu Koko
|
|upkeep
|
|t:|1610829741
|switch|p2a: Hawlucha|Hawlucha, M|100\/100
|-enditem|p2a: Hawlucha|Electric Seed
|-boost|p2a: Hawlucha|def|1|[from] item: Electric Seed
|turn|14
|c|☆ViZarPKMN|pls be faster
|
|t:|1610829747
|move|p2a: Hawlucha|Acrobatics|p1a: Landorus
|-damage|p1a: Landorus|0 fnt
|faint|p1a: Landorus
|
|upkeep
|
|t:|1610829752
|switch|p1a: Dragonite|Dragonite, F|100\/100
|turn|15
|
|t:|1610829756
|move|p2a: Hawlucha|Swords Dance|p2a: Hawlucha
|-boost|p2a: Hawlucha|atk|2
|move|p1a: Dragonite|Dual Wingbeat|p2a: Hawlucha
|-supereffective|p2a: Hawlucha
|-damage|p2a: Hawlucha|60\/100
|-supereffective|p2a: Hawlucha
|-damage|p2a: Hawlucha|15\/100
|-hitcount|p2a: Hawlucha|2
|
|upkeep
|turn|16
|
|t:|1610829761
|move|p2a: Hawlucha|Acrobatics|p1a: Dragonite
|-damage|p1a: Dragonite|44\/100
|move|p1a: Dragonite|Dual Wingbeat|p2a: Hawlucha
|-supereffective|p2a: Hawlucha
|-damage|p2a: Hawlucha|0 fnt
|-hitcount|p2a: Hawlucha|1
|faint|p2a: Hawlucha
|
|upkeep
|
|t:|1610829766
|switch|p2a: Volcarona|Volcarona, M|71\/100
|turn|17
|
|t:|1610829769
|detailschange|p1a: Dragonite|Dragonite-Mega, F
|-mega|p1a: Dragonite|Dragonite|Draconite
|-start|p1a: Dragonite|typechange|Dragon\/Flying|[silent]
|raw|<ul class="utilichart"><li class="result"><span class="col pokemonnamecol" style="white-space: nowrap">Dragonite-Mega<\/span> <span class="col typecol"><img src="https:\/\/play.pokemonshowdown.com\/sprites\/types\/Dragon.png" alt="Dragon" height="14" width="32"><img src="https:\/\/play.pokemonshowdown.com\/sprites\/types\/Flying.png" alt="Flying" height="14" width="32"><\/span> <span style="float: left ; min-height: 26px"><span class="col abilitycol">Tough Claws<\/span><span class="col abilitycol"><\/span><\/span><span style="float: left ; min-height: 26px"><span class="col statcol"><em>HP<\/em><br>91<\/span> <span class="col statcol"><em>Atk<\/em><br>164<\/span> <span class="col statcol"><em>Def<\/em><br>110<\/span> <span class="col statcol"><em>SpA<\/em><br>122<\/span> <span class="col statcol"><em>SpD<\/em><br>122<\/span> <span class="col statcol"><em>Spe<\/em><br>91<\/span> <\/span><\/li><li style="clear: both"><\/li><\/ul>
|move|p2a: Volcarona|Fiery Dance|p1a: Dragonite
|-resisted|p1a: Dragonite
|-damage|p1a: Dragonite|25\/100
|-boost|p2a: Volcarona|spa|1
|move|p1a: Dragonite|Dual Wingbeat|p2a: Volcarona
|-supereffective|p2a: Volcarona
|-damage|p2a: Volcarona|0 fnt
|-hitcount|p2a: Volcarona|1
|faint|p2a: Volcarona
|
|win|Mossy Sandwich
|c|☆Mossy Sandwich|gg
|c|☆ViZarPKMN|gg
|l|☆Mossy Sandwich
|l|☆ViZarPKMN</script>
</div>
<div class="battle-log battle-log-inline"><div class="inner"><div class="battle-options"><div style="padding-top: 3px; padding-right: 3px; text-align: right"><button class="icon button" name="openBattleOptions" title="Options">Battle Options</button></div></div><div class="inner message-log"><div class="chat"><small>☆Mossy Sandwich and ☆ViZarPKMN joined</small></div><div class=""><small>Format:</small> <br><strong>[Gen 8] Megas for All</strong></div><div class=""><small><em>HP Percentage Mod:</em> HP is shown in percentages</small></div><div class=""><small><em>Endless Battle Clause:</em> Forcing endless battles is banned</small></div><div class=""><small><em>OHKO Clause:</em> OHKO moves are banned</small></div><div class=""><small><em>Evasion Moves Clause:</em> Evasion moves are banned</small></div><div class=""><small><em>Species Clause:</em> Limit one of each Pokémon</small></div><div class=""><small><em>Dynamax Clause:</em> You cannot dynamax</small></div><div class=""><small><em>Sleep Clause Mod:</em> Limit one foe put to sleep</small></div><div class=""><small><em>Freeze Clause Mod:</em> Limit one foe frozen</small></div><div class="chat"><img src="https://www.smogon.com/forums/attachments/banner_2-png.302358/" height="65" width="381"></div><div class="spacer battle-history"><br></div><div class="battle-history"><small>Welcome to Megas for All!</small><br></div><div class="battle-history"><small>This is a National Dex-based format where we aim to give a new Mega Evolution to every Pokémon.</small><br></div><div class="battle-history"><small>Just like any official format, you can still only Mega Evolve one Pokémon per team!</small><br></div><div class="battle-history"><small>You can find our thread and metagame resources here:</small><br></div><div class="battle-history"><small>https://www.smogon.com/forums/threads/3671140/</small><br></div><div class="chat battle-history"><strong>Mossy Sandwich's team:</strong> <em style="color:#445566;display:block;">Dragonite / Zapdos / Magearna / Landorus-Therian / Clefable / Tapu Lele</em></div><div class="chat battle-history"><strong>ViZarPKMN's team:</strong> <em style="color:#445566;display:block;">Delibird / Tapu Koko / Hawlucha / Urshifu-* / Landorus-Therian / Volcarona</em></div><div class="chat chatmessage-vizarpkmn"><strong style="color:#4f78c0"><small>☆</small><span class="username" data-name="ViZarPKMN">ViZarPKMN</span>:</strong> <em>glhf</em></div><div class="chat"><small>+inkbug1 joined</small></div><div class="chat chatmessage-mossysandwich"><strong style="color:#ba49a2"><small>☆</small><span class="username" data-name="Mossy Sandwich">Mossy Sandwich</span>:</strong> <em>gl hf!</em></div><div class="spacer battle-history"><br></div><div class="battle-history">Battle started between Mossy Sandwich and ViZarPKMN!<br></div><div class="spacer battle-history"><br></div><div class="battle-history">Go! <strong>Tapu Lele</strong>!<br></div><div class="spacer battle-history"><br></div><div class="battle-history">ViZarPKMN sent out <strong>Tapu Koko</strong>!<br></div><div class="battle-history">[The opposing Tapu Koko's Electric Surge]<br><small>An electric current ran across the battlefield!</small><br></div><div class="battle-history">[Tapu Lele's Psychic Surge]<br><small>The battlefield got weird!</small><br></div><div class="spacer battle-history"><br></div><h2 class="battle-history">Turn 1</h2><div class="spacer battle-history"><br></div><div class="battle-history">The opposing Tapu Koko used <strong>U-turn</strong>!<br></div><div class="battle-history"><small>(Tapu Lele lost 23% of its health!)</small><br></div><div class="spacer battle-history"><br></div><div class="battle-history">The opposing Tapu Koko went back to ViZarPKMN!<br></div><div class="battle-history">ViZarPKMN sent out <strong>Delibird</strong>!<br></div><div class="spacer battle-history"><br></div><div class="battle-history">Tapu Lele used <strong>Psyshock</strong>!<br></div><div class="battle-history"><small>(The opposing Delibird lost 100% of its health!)</small><br></div><div class="spacer battle-history"><br></div><div class="battle-history">The opposing Delibird fainted!<br></div><div class="spacer battle-history"><br></div><div class="battle-history">ViZarPKMN sent out Urshifu (<strong>Urshifu-Rapid-Strike</strong>)!<br></div><div class="spacer battle-history"><br></div><h2 class="battle-history">Turn 2</h2><div class="spacer battle-history"><br></div><div class="battle-history">Tapu Lele, come back!<br></div><div class="battle-history">Go! <strong>Zapdos</strong>!<br></div><div class="spacer battle-history"><br></div><div class="battle-history">The opposing Urshifu used <strong>Surging Strikes</strong>!<br></div><div class="battle-history"><small>A critical hit!</small><br></div><div class="battle-history"><small>(Zapdos lost 15% of its health!)</small><br></div><div class="battle-history"><small>A critical hit!</small><br></div><div class="battle-history"><small>(Zapdos lost 14% of its health!)</small><br></div><div class="battle-history"><small>A critical hit!</small><br></div><div class="battle-history"><small>(Zapdos lost 15% of its health!)</small><br></div><div class="battle-history"><small>The Pokémon was hit 3 times!</small><br></div><div class="spacer battle-history"><br></div><h2 class="battle-history">Turn 3</h2><div class="spacer battle-history"><br></div><div class="battle-history">The opposing Urshifu used <strong>Surging Strikes</strong>!<br></div><div class="battle-history"><small>A critical hit!</small><br></div><div class="battle-history"><small>(Zapdos lost 14% of its health!)</small><br></div><div class="battle-history"><small>A critical hit!</small><br></div><div class="battle-history"><small>(Zapdos lost 14% of its health!)</small><br></div><div class="battle-history"><small>A critical hit!</small><br></div><div class="battle-history"><small>(Zapdos lost 16% of its health!)</small><br></div><div class="battle-history"><small>The Pokémon was hit 3 times!</small><br></div><div class="spacer battle-history"><br></div><div class="battle-history">Zapdos used <strong>Roost</strong>!<br></div><div class="battle-history"><small>Zapdos had its HP restored.</small><br></div><div class="battle-history"><small>(Zapdos loses Flying type this turn.)</small><br></div><div class="spacer battle-history"><br></div><h2 class="battle-history">Turn 4</h2><div class="spacer battle-history"><br></div><div class="battle-history">The opposing Urshifu used <strong>Bulk Up</strong>!<br></div><div class="battle-history"><small>The opposing Urshifu's Attack rose!</small><br></div><div class="battle-history"><small>The opposing Urshifu's Defense rose!</small><br></div><div class="spacer battle-history"><br></div><div class="battle-history">Zapdos used <strong>Roost</strong>!<br></div><div class="battle-history"><small>Zapdos had its HP restored.</small><br></div><div class="battle-history"><small>(Zapdos loses Flying type this turn.)</small><br></div><div class="spacer battle-history"><br></div><h2 class="battle-history">Turn 5</h2><div class="spacer battle-history"><br></div><div class="battle-history">The opposing Urshifu used <strong>Surging Strikes</strong>!<br></div><div class="battle-history"><small>A critical hit!</small><br></div><div class="battle-history"><small>(Zapdos lost 22% of its health!)</small><br></div><div class="battle-history">[Zapdos's Static]<br><small>The opposing Urshifu is paralyzed! It may be unable to move!</small><br></div><div class="battle-history"><small>A critical hit!</small><br></div><div class="battle-history"><small>(Zapdos lost 23% of its health!)</small><br></div><div class="battle-history"><small>A critical hit!</small><br></div><div class="battle-history"><small>(Zapdos lost 22% of its health!)</small><br></div><div class="battle-history"><small>The Pokémon was hit 3 times!</small><br></div><div class="spacer battle-history"><br></div><div class="battle-history">Zapdos used <strong>Discharge</strong>!<br></div><div class="battle-history"><small>It's super effective!</small><br></div><div class="battle-history"><small>(The opposing Urshifu lost 98% of its health!)</small><br></div><div class="spacer battle-history"><br></div><div class="battle-history"><small>The weirdness disappeared from the battlefield!</small><br></div><div class="spacer battle-history"><br></div><h2 class="battle-history">Turn 6</h2><div class="spacer battle-history"><br></div><div class="battle-history">Zapdos used <strong>Discharge</strong>!<br></div><div class="battle-history"><small>It's super effective!</small><br></div><div class="battle-history"><small>(The opposing Urshifu lost 2% of its health!)</small><br></div><div class="spacer battle-history"><br></div><div class="battle-history">The opposing Urshifu fainted!<br></div><div class="spacer battle-history"><br></div><div class="battle-history">ViZarPKMN sent out <strong>Tapu Koko</strong>!<br></div><div class="battle-history">[The opposing Tapu Koko's Electric Surge]<br><small>An electric current ran across the battlefield!</small><br></div><div class="spacer battle-history"><br></div><h2 class="battle-history">Turn 7</h2><div class="chat chatmessage-mossysandwich"><strong style="color:#ba49a2"><small>☆</small><span class="username" data-name="Mossy Sandwich">Mossy Sandwich</span>:</strong> <em>I was starting to wonder if that was protective pads</em></div><div class="spacer battle-history"><br></div><div class="battle-history">Zapdos, come back!<br></div><div class="battle-history">Go! <strong>Magearna</strong>!<br></div><div class="spacer battle-history"><br></div><div class="battle-history">The opposing Tapu Koko used <strong>Discharge</strong>!<br></div><div class="battle-history"><small>(Magearna lost 18% of its health!)</small><br></div><div class="spacer battle-history"><br></div><h2 class="battle-history">Turn 8</h2><div class="spacer battle-history"><br></div><div class="battle-history">The opposing Tapu Koko used <strong>U-turn</strong>!<br></div><div class="battle-history"><small>It's not very effective...</small><br></div><div class="battle-history"><small>(Magearna lost 3% of its health!)</small><br></div><div class="spacer battle-history"><br></div><div class="battle-history">The opposing Tapu Koko went back to ViZarPKMN!<br></div><div class="battle-history">ViZarPKMN sent out <strong>Volcarona</strong>!<br></div><div class="spacer battle-history"><br></div><div class="battle-history">Magearna used <strong>Volt Switch</strong>!<br></div><div class="battle-history"><small>(The opposing Volcarona lost 29% of its health!)</small><br></div><div class="spacer battle-history"><br></div><div class="battle-history">Magearna went back to Mossy Sandwich!<br></div><div class="battle-history">Go! Landorus (<strong>Landorus-Therian</strong>)!<br></div><div class="battle-history">[Landorus's Intimidate]<br></div><div class="battle-history"><small>The opposing Volcarona's Attack fell!</small><br></div><div class="spacer battle-history"><br></div><h2 class="battle-history">Turn 9</h2><div class="spacer battle-history"><br></div><div class="battle-history">The opposing Volcarona used <strong>U-turn</strong>!<br></div><div class="battle-history"><small>It's not very effective...</small><br></div><div class="battle-history"><small>(Landorus lost 5% of its health!)</small><br></div><div class="spacer battle-history"><br></div><div class="battle-history">The opposing Volcarona went back to ViZarPKMN!<br></div><div class="battle-history">ViZarPKMN sent out Landorus (<strong>Landorus-Therian</strong>)!<br></div><div class="battle-history">[The opposing Landorus's Intimidate]<br></div><div class="battle-history"><small>Landorus's Attack fell!</small><br></div><div class="spacer battle-history"><br></div><div class="battle-history">Landorus used <strong>Rock Polish</strong>!<br></div><div class="battle-history"><small>Landorus's Speed rose sharply!</small><br></div><div class="spacer battle-history"><br></div><h2 class="battle-history">Turn 10</h2><div class="spacer battle-history"><br></div><div class="battle-history">Landorus used <strong>Swords Dance</strong>!<br></div><div class="battle-history"><small>Landorus's Attack rose sharply!</small><br></div><div class="spacer battle-history"><br></div><div class="battle-history">The opposing Landorus used <strong>Rock Polish</strong>!<br></div><div class="battle-history"><small>The opposing Landorus's Speed rose sharply!</small><br></div><div class="spacer battle-history"><br></div><h2 class="battle-history">Turn 11</h2><div class="spacer battle-history"><br></div><div class="battle-history">The opposing Landorus used <strong>Stone Edge</strong>!<br></div><div class="battle-history"><small>(Landorus lost 45% of its health!)</small><br></div><div class="spacer battle-history"><br></div><div class="battle-history">Landorus used <strong>Swords Dance</strong>!<br></div><div class="battle-history"><small>Landorus's Attack rose sharply!</small><br></div><div class="spacer battle-history"><br></div><div class="battle-history"><small>The electricity disappeared from the battlefield.</small><br></div><div class="spacer battle-history"><br></div><h2 class="battle-history">Turn 12</h2><div class="spacer battle-history"><br></div><div class="battle-history">The opposing Landorus used <strong>Stone Edge</strong>!<br></div><div class="battle-history"><small>(Landorus lost 41% of its health!)</small><br></div><div class="battle-history"><small>Landorus surrounded itself with its Z-Power!</small><br></div><div class="spacer battle-history"><br></div><div class="battle-history"><small>Landorus unleashes its full-force Z-Move!</small><br>Landorus used <strong>Continental Crush</strong>!<br></div><div class="battle-history"><small>(The opposing Landorus lost 100% of its health!)</small><br></div><div class="spacer battle-history"><br></div><div class="battle-history">The opposing Landorus fainted!<br></div><div class="spacer battle-history"><br></div><div class="battle-history">ViZarPKMN sent out <strong>Tapu Koko</strong>!<br></div><div class="battle-history">[The opposing Tapu Koko's Electric Surge]<br><small>An electric current ran across the battlefield!</small><br></div><div class="spacer battle-history"><br></div><h2 class="battle-history">Turn 13</h2><div class="spacer battle-history"><br></div><div class="battle-history">Landorus used <strong>Earthquake</strong>!<br></div><div class="battle-history"><small>It's super effective!</small><br></div><div class="battle-history"><small>(The opposing Tapu Koko lost 100% of its health!)</small><br></div><div class="spacer battle-history"><br></div><div class="battle-history">The opposing Tapu Koko fainted!<br></div><div class="spacer battle-history"><br></div><div class="battle-history">ViZarPKMN sent out <strong>Hawlucha</strong>!<br></div><div class="battle-history"><small>(The opposing Hawlucha used its Electric Seed!)</small><br></div><div class="battle-history"><small>The Electric Seed raised the opposing Hawlucha's Defense!</small><br></div><div class="spacer battle-history"><br></div><h2 class="battle-history">Turn 14</h2><div class="chat chatmessage-vizarpkmn"><strong style="color:#4f78c0"><small>☆</small><span class="username" data-name="ViZarPKMN">ViZarPKMN</span>:</strong> <em>pls be faster</em></div><div class="spacer battle-history"><br></div><div class="battle-history">The opposing Hawlucha used <strong>Acrobatics</strong>!<br></div><div class="battle-history"><small>(Landorus lost 9% of its health!)</small><br></div><div class="spacer battle-history"><br></div><div class="battle-history">Landorus fainted!<br></div><div class="spacer battle-history"><br></div><div class="battle-history">Go! <strong>Dragonite</strong>!<br></div><div class="spacer battle-history"><br></div><h2 class="battle-history">Turn 15</h2><div class="spacer battle-history"><br></div><div class="battle-history">The opposing Hawlucha used <strong>Swords Dance</strong>!<br></div><div class="battle-history"><small>The opposing Hawlucha's Attack rose sharply!</small><br></div><div class="spacer battle-history"><br></div><div class="battle-history">Dragonite used <strong>Dual Wingbeat</strong>!<br></div><div class="battle-history"><small>It's super effective!</small><br></div><div class="battle-history"><small>(The opposing Hawlucha lost 40% of its health!)</small><br></div><div class="battle-history"><small>It's super effective!</small><br></div><div class="battle-history"><small>(The opposing Hawlucha lost 45% of its health!)</small><br></div><div class="battle-history"><small>The Pokémon was hit 2 times!</small><br></div><div class="spacer battle-history"><br></div><h2 class="battle-history">Turn 16</h2><div class="spacer battle-history"><br></div><div class="battle-history">The opposing Hawlucha used <strong>Acrobatics</strong>!<br></div><div class="battle-history"><small>(Dragonite lost 56% of its health!)</small><br></div><div class="spacer battle-history"><br></div><div class="battle-history">Dragonite used <strong>Dual Wingbeat</strong>!<br></div><div class="battle-history"><small>It's super effective!</small><br></div><div class="battle-history"><small>(The opposing Hawlucha lost 15% of its health!)</small><br></div><div class="battle-history"><small>The Pokémon was hit 1 time!</small><br></div><div class="spacer battle-history"><br></div><div class="battle-history">The opposing Hawlucha fainted!<br></div><div class="spacer battle-history"><br></div><div class="battle-history">ViZarPKMN sent out <strong>Volcarona</strong>!<br></div><div class="spacer battle-history"><br></div><h2 class="battle-history">Turn 17</h2><div class="spacer battle-history"><br></div><div class="battle-history"><small>Dragonite's Draconite is reacting to the Key Stone!</small><br>Dragonite has Mega Evolved into Mega Dragonite!<br></div><div class="chat"><ul class="utilichart"><li class="result"><span class="col pokemonnamecol" style="white-space: nowrap">Dragonite-Mega</span> <span class="col typecol"><img src="https://play.pokemonshowdown.com/sprites/types/Dragon.png" alt="Dragon" height="14" width="32"><img src="https://play.pokemonshowdown.com/sprites/types/Flying.png" alt="Flying" height="14" width="32"></span> <span style="float: left ; min-height: 26px"><span class="col abilitycol">Tough Claws</span><span class="col abilitycol"></span></span><span style="float: left ; min-height: 26px"><span class="col statcol"><em>HP</em><br>91</span> <span class="col statcol"><em>Atk</em><br>164</span> <span class="col statcol"><em>Def</em><br>110</span> <span class="col statcol"><em>SpA</em><br>122</span> <span class="col statcol"><em>SpD</em><br>122</span> <span class="col statcol"><em>Spe</em><br>91</span> </span></li><li style="clear: both"></li></ul></div><div class="spacer battle-history"><br></div><div class="battle-history">The opposing Volcarona used <strong>Fiery Dance</strong>!<br></div><div class="battle-history"><small>It's not very effective...</small><br></div><div class="battle-history"><small>(Dragonite lost 19% of its health!)</small><br></div><div class="battle-history"><small>The opposing Volcarona's Sp. Atk rose!</small><br></div><div class="spacer battle-history"><br></div><div class="battle-history">Dragonite used <strong>Dual Wingbeat</strong>!<br></div><div class="battle-history"><small>It's super effective!</small><br></div><div class="battle-history"><small>(The opposing Volcarona lost 71% of its health!)</small><br></div><div class="battle-history"><small>The Pokémon was hit 1 time!</small><br></div><div class="spacer battle-history"><br></div><div class="battle-history">The opposing Volcarona fainted!<br></div><div class="spacer battle-history"><br></div><div class="battle-history"><strong>Mossy Sandwich</strong> won the battle!<br></div><div class="chat chatmessage-mossysandwich"><strong style="color:#ba49a2"><small>☆</small><span class="username" data-name="Mossy Sandwich">Mossy Sandwich</span>:</strong> <em>gg</em></div><div class="chat chatmessage-vizarpkmn"><strong style="color:#4f78c0"><small>☆</small><span class="username" data-name="ViZarPKMN">ViZarPKMN</span>:</strong> <em>gg</em></div><div class="chat"><small>☆Mossy Sandwich and ☆ViZarPKMN left</small></div></div><div class="inner-preempt message-log"></div></div></div>
</div>
<script>
let daily = Math.floor(Date.now()/1000/60/60/24);document.write('<script src="https://dragonheaven.herokuapp.com/js/replay-embed.js?version'+daily+'"></'+'script>');
</script>
