<!DOCTYPE html>
<meta charset="utf-8" />
<!-- version 1 -->
<title>[Gen 8] M4A VGC replay: ASnomPlaysShowdown vs. pupugugu</title>
<style>
html,body {font-family:Verdana, sans-serif;font-size:10pt;margin:0;padding:0;}body{padding:12px 0;} .battle-log {font-family:Verdana, sans-serif;font-size:10pt;} .battle-log-inline {border:1px solid #AAAAAA;background:#EEF2F5;color:black;max-width:640px;margin:0 auto 80px;padding-bottom:5px;} .battle-log .inner {padding:4px 8px 0px 8px;} .battle-log .inner-preempt {padding:0 8px 4px 8px;} .battle-log .inner-after {margin-top:0.5em;} .battle-log h2 {margin:0.5em -8px;padding:4px 8px;border:1px solid #AAAAAA;background:#E0E7EA;border-left:0;border-right:0;font-family:Verdana, sans-serif;font-size:13pt;} .battle-log .chat {vertical-align:middle;padding:3px 0 3px 0;font-size:8pt;} .battle-log .chat strong {color:#40576A;} .battle-log .chat em {padding:1px 4px 1px 3px;color:#000000;font-style:normal;} .chat.mine {background:rgba(0,0,0,0.05);margin-left:-8px;margin-right:-8px;padding-left:8px;padding-right:8px;} .spoiler {color:#BBBBBB;background:#BBBBBB;padding:0px 3px;} .spoiler:hover, .spoiler:active, .spoiler-shown {color:#000000;background:#E2E2E2;padding:0px 3px;} .spoiler a {color:#BBBBBB;} .spoiler:hover a, .spoiler:active a, .spoiler-shown a {color:#2288CC;} .chat code, .chat .spoiler:hover code, .chat .spoiler:active code, .chat .spoiler-shown code {border:1px solid #C0C0C0;background:#EEEEEE;color:black;padding:0 2px;} .chat .spoiler code {border:1px solid #CCCCCC;background:#CCCCCC;color:#CCCCCC;} .battle-log .rated {padding:3px 4px;} .battle-log .rated strong {color:white;background:#89A;padding:1px 4px;border-radius:4px;} .spacer {margin-top:0.5em;} .message-announce {background:#6688AA;color:white;padding:1px 4px 2px;} .message-announce a, .broadcast-green a, .broadcast-blue a, .broadcast-red a {color:#DDEEFF;} .broadcast-green {background-color:#559955;color:white;padding:2px 4px;} .broadcast-blue {background-color:#6688AA;color:white;padding:2px 4px;} .infobox {border:1px solid #6688AA;padding:2px 4px;} .infobox-limited {max-height:200px;overflow:auto;overflow-x:hidden;} .broadcast-red {background-color:#AA5544;color:white;padding:2px 4px;} .message-learn-canlearn {font-weight:bold;color:#228822;text-decoration:underline;} .message-learn-cannotlearn {font-weight:bold;color:#CC2222;text-decoration:underline;} .message-effect-weak {font-weight:bold;color:#CC2222;} .message-effect-resist {font-weight:bold;color:#6688AA;} .message-effect-immune {font-weight:bold;color:#666666;} .message-learn-list {margin-top:0;margin-bottom:0;} .message-throttle-notice, .message-error {color:#992222;} .message-overflow, .chat small.message-overflow {font-size:0pt;} .message-overflow::before {font-size:9pt;content:'...';} .subtle {color:#3A4A66;}
</style>
<div class="wrapper replay-wrapper" style="max-width:1180px;margin:0 auto">
<input type="hidden" name="replayid" value="dragonheaven-gen8m4avgc-281" />
<div class="battle"></div><div class="battle-log"></div><div class="replay-controls"></div><div class="replay-controls-2"></div>
<h1 style="font-weight:normal;text-align:center"><strong>[Gen 8] M4A VGC</strong><br /><a href="http://pokemonshowdown.com/users/asnomplaysshowdown" class="subtle" target="_blank">ASnomPlaysShowdown</a> vs. <a href="http://pokemonshowdown.com/users/pupugugu" class="subtle" target="_blank">pupugugu</a></h1>
<script type="text/plain" class="battle-log-data">|j|☆ASnomPlaysShowdown
|j|☆pupugugu
|t:|1615143669
|player|p1|ASnomPlaysShowdown|hugh|
|player|p2|pupugugu|acetrainerf|
|teamsize|p1|6
|teamsize|p2|6
|gametype|doubles
|gen|8
|tier|[Gen 8] M4A VGC
|clearpoke
|poke|p1|Araquanid, L50, M|
|poke|p1|Dusclops, L50, M|
|poke|p1|Landorus-Therian, L50, M|
|poke|p1|Incineroar, L50, F|
|poke|p1|Regieleki, L50|
|poke|p1|Amoonguss, L50, F|
|poke|p2|Moltres-Galar, L50|
|poke|p2|Delibird, L50, M|
|poke|p2|Raichu, L50, M|
|poke|p2|Vivillon, L50, M|
|poke|p2|Tapu Fini, L50|
|poke|p2|Celesteela, L50|
|rule|Species Clause: Limit one of each Pokémon
|rule|Item Clause: Limit one of each item
|rule|Dynamax Clause: You cannot dynamax
|raw|<img src="https:\/\/www.smogon.com\/forums\/attachments\/banner_2-png.302358\/" height="65" width="381">
|-message|Welcome to Megas for All!
|-message|This is a National Dex-based format where we aim to give a new Mega Evolution to every Pokémon.
|-message|Just like any official format, you can still only Mega Evolve one Pokémon per team!
|-message|You can find our thread and metagame resources here:
|-message|https:\/\/www.smogon.com\/forums\/threads\/3671140\/
|teampreview|4
|j|+inkbug1

|c|☆pupugugu|glhf
|c|☆ASnomPlaysShowdown|Gl Hf
|j| Parcos
|
|t:|1615143715
|start
|switch|p1a: Regieleki|Regieleki, L50|48\/48
|switch|p1b: Dusclops|Dusclops, L50, M|48\/48
|switch|p2a: Celesteela|Celesteela, L50|48\/48
|switch|p2b: Tapu Fini|Tapu Fini, L50|48\/48
|-fieldstart|move: Misty Terrain|[from] ability: Misty Surge|[of] p2b: Tapu Fini
|-enditem|p2a: Celesteela|Misty Seed
|-boost|p2a: Celesteela|spd|1|[from] item: Misty Seed
|-item|p2b: Tapu Fini|Wiki Berry|[from] ability: Frisk|[of] p1b: Dusclops|[identify]
|turn|1
|j| H2OPulse
|
|t:|1615143747
|switch|p2b: Raichu|Raichu, L50, M|48\/48
|move|p1a: Regieleki|Light Screen|p1a: Regieleki
|-sidestart|p1: ASnomPlaysShowdown|move: Light Screen
|move|p2a: Celesteela|Leech Seed|p1a: Regieleki
|-start|p1a: Regieleki|move: Leech Seed
|move|p1b: Dusclops|Trick Room|p1b: Dusclops
|-fieldstart|move: Trick Room|[of] p1b: Dusclops
|
|-damage|p1a: Regieleki|42\/48|[from] Leech Seed|[of] p2a: Celesteela
|upkeep
|turn|2
|
|t:|1615143763
|switch|p1a: Amoonguss|Amoonguss, L50, F|48\/48
|move|p1b: Dusclops|Night Shade|p2b: Raichu
|-damage|p2b: Raichu|30\/48
|move|p2a: Celesteela|Leech Seed|p1b: Dusclops|[miss]
|-miss|p2a: Celesteela|p1b: Dusclops
|move|p2b: Raichu|Eerie Impulse|p1a: Amoonguss
|-unboost|p1a: Amoonguss|spa|2
|
|upkeep
|turn|3
|
|t:|1615143779
|move|p1b: Dusclops|Ally Switch|p1b: Dusclops
|swap|p1b: Dusclops|0|[from] move: Ally Switch
|move|p1b: Amoonguss|Spore|p2a: Celesteela
|-status|p2a: Celesteela|slp|[from] move: Spore
|cant|p2a: Celesteela|slp
|move|p2b: Raichu|Volt Switch|p1a: Dusclops
|-crit|p1a: Dusclops
|-damage|p1a: Dusclops|33\/48
|j| exploziff
|
|t:|1615143783
|switch|p2b: Delibird|Delibird, L50, M|48\/48|[from]move: Volt Switch
|
|upkeep
|turn|4
|
|t:|1615143802
|switch|p1a: Araquanid|Araquanid, L50, M|48\/48
|detailschange|p2b: Delibird|Delibird-Mega, L50, M
|-mega|p2b: Delibird|Delibird|Delibirdite
|-enditem|p2a: Celesteela|Misty Seed
|-boost|p2a: Celesteela|spd|1|[from] item: Misty Seed
|-ability|p2b: Delibird|Spirit of Giving
|-item|p2a: Celesteela|Misty Seed|[from] Ability: Spirit of Giving
|-start|p2b: Delibird|typechange|Ice\/Flying|[silent]
|raw|<ul class="utilichart"><li class="result"><span class="col pokemonnamecol" style="white-space: nowrap">Delibird-Mega<\/span> <span class="col typecol"><img src="https:\/\/play.pokemonshowdown.com\/sprites\/types\/Ice.png" alt="Ice" height="14" width="32"><img src="https:\/\/play.pokemonshowdown.com\/sprites\/types\/Flying.png" alt="Flying" height="14" width="32"><\/span> <span style="float: left ; min-height: 26px"><span class="col abilitycol">Spirit of Giving<\/span><span class="col abilitycol"><\/span><\/span><span style="float: left ; min-height: 26px"><span class="col statcol"><em>HP<\/em><br>45<\/span> <span class="col statcol"><em>Atk<\/em><br>25<\/span> <span class="col statcol"><em>Def<\/em><br>120<\/span> <span class="col statcol"><em>SpA<\/em><br>85<\/span> <span class="col statcol"><em>SpD<\/em><br>120<\/span> <span class="col statcol"><em>Spe<\/em><br>35<\/span> <\/span><\/li><li style="clear: both"><\/li><\/ul>
|cant|p2a: Celesteela|slp
|move|p2b: Delibird|Fake Out|p1b: Amoonguss
|-damage|p1b: Amoonguss|46\/48
|cant|p1b: Amoonguss|flinch
|
|upkeep
|turn|5
|
|t:|1615143819
|switch|p2b: Raichu|Raichu, L50, M|30\/48
|detailschange|p1a: Araquanid|Araquanid-Mega, L50, M
|-mega|p1a: Araquanid|Araquanid|Araquanite
|-start|p1a: Araquanid|typechange|Water\/Bug|[silent]
|raw|<ul class="utilichart"><li class="result"><span class="col pokemonnamecol" style="white-space: nowrap">Araquanid-Mega<\/span> <span class="col typecol"><img src="https:\/\/play.pokemonshowdown.com\/sprites\/types\/Water.png" alt="Water" height="14" width="32"><img src="https:\/\/play.pokemonshowdown.com\/sprites\/types\/Bug.png" alt="Bug" height="14" width="32"><\/span> <span style="float: left ; min-height: 26px"><span class="col abilitycol">Body of Water<\/span><span class="col abilitycol"><\/span><\/span><span style="float: left ; min-height: 26px"><span class="col statcol"><em>HP<\/em><br>68<\/span> <span class="col statcol"><em>Atk<\/em><br>70<\/span> <span class="col statcol"><em>Def<\/em><br>147<\/span> <span class="col statcol"><em>SpA<\/em><br>50<\/span> <span class="col statcol"><em>SpD<\/em><br>177<\/span> <span class="col statcol"><em>Spe<\/em><br>42<\/span> <\/span><\/li><li style="clear: both"><\/li><\/ul>
|move|p1b: Amoonguss|Spore|p2b: Raichu
|-activate|p2b: Raichu|move: Misty Terrain
|move|p1a: Araquanid|Iron Defense|p1a: Araquanid
|-boost|p1a: Araquanid|def|2
|cant|p2a: Celesteela|slp
|
|-fieldend|Misty Terrain
|-fieldend|move: Trick Room
|upkeep
|turn|6
|
|t:|1615143829
|move|p1b: Amoonguss|Rage Powder|p1b: Amoonguss
|-singleturn|p1b: Amoonguss|move: Rage Powder
|-zpower|p2b: Raichu
|move|p2b: Raichu|Gigavolt Havoc|p1b: Amoonguss|[zeffect]
|-resisted|p1b: Amoonguss
|-damage|p1b: Amoonguss|39\/48
|-curestatus|p2a: Celesteela|slp|[msg]
|move|p2a: Celesteela|Leech Seed|p1b: Amoonguss
|-immune|p1b: Amoonguss
|move|p1a: Araquanid|Liquidation|p2a: Celesteela
|-crit|p2a: Celesteela
|-damage|p2a: Celesteela|1\/48
|
|upkeep
|turn|7
|
|t:|1615143847
|move|p2a: Celesteela|Protect|p2a: Celesteela
|-singleturn|p2a: Celesteela|Protect
|move|p1b: Amoonguss|Rage Powder|p1b: Amoonguss
|-singleturn|p1b: Amoonguss|move: Rage Powder
|move|p2b: Raichu|Nuzzle|p1b: Amoonguss
|-resisted|p1b: Amoonguss
|-damage|p1b: Amoonguss|37\/48
|-status|p1b: Amoonguss|par
|move|p1a: Araquanid|Liquidation|p2a: Celesteela
|-activate|p2a: Celesteela|move: Protect
|
|upkeep
|turn|8
|
|t:|1615143864
|move|p1b: Amoonguss|Rage Powder|p1b: Amoonguss
|-singleturn|p1b: Amoonguss|move: Rage Powder
|move|p2b: Raichu|Nuzzle|p1b: Amoonguss
|-resisted|p1b: Amoonguss
|-damage|p1b: Amoonguss|36\/48 par
|move|p2a: Celesteela|Heavy Slam|p1b: Amoonguss
|-damage|p1b: Amoonguss|14\/48 par
|move|p1a: Araquanid|Liquidation|p2b: Raichu
|-damage|p2b: Raichu|0 fnt
|-status|p1a: Araquanid|par|[from] ability: Static|[of] p2b: Raichu
|faint|p2b: Raichu
|
|-sideend|p1: ASnomPlaysShowdown|move: Light Screen
|upkeep
|
|t:|1615143867
|switch|p2b: Tapu Fini|Tapu Fini, L50|48\/48
|-fieldstart|move: Misty Terrain|[from] ability: Misty Surge|[of] p2b: Tapu Fini
|turn|9
|
|t:|1615143882
|cant|p1b: Amoonguss|par
|move|p2b: Tapu Fini|Calm Mind|p2b: Tapu Fini
|-boost|p2b: Tapu Fini|spa|1
|-boost|p2b: Tapu Fini|spd|1
|move|p2a: Celesteela|Heavy Slam|p1b: Amoonguss
|-damage|p1b: Amoonguss|0 fnt
|faint|p1b: Amoonguss
|-ability|p2a: Celesteela|Beast Boost|boost
|-boost|p2a: Celesteela|def|1
|move|p1a: Araquanid|Iron Defense|p1a: Araquanid
|-boost|p1a: Araquanid|def|2
|
|upkeep
|
|t:|1615143889
|switch|p1b: Regieleki|Regieleki, L50|42\/48
|turn|10
|
|t:|1615143917
|move|p1b: Regieleki|Electroweb|p2b: Tapu Fini|[spread] p2a,p2b
|-supereffective|p2a: Celesteela
|-supereffective|p2b: Tapu Fini
|-crit|p2b: Tapu Fini
|-damage|p2a: Celesteela|0 fnt
|-damage|p2b: Tapu Fini|19\/48
|-unboost|p2b: Tapu Fini|spe|1
|faint|p2a: Celesteela
|move|p2b: Tapu Fini|Calm Mind|p2b: Tapu Fini
|-boost|p2b: Tapu Fini|spa|1
|-boost|p2b: Tapu Fini|spd|1
|move|p1a: Araquanid|Liquidation|p2b: Tapu Fini
|-resisted|p2b: Tapu Fini
|-damage|p2b: Tapu Fini|0 fnt
|faint|p2b: Tapu Fini
|
|upkeep
|c|☆pupugugu|gg
|
|t:|1615143924
|switch|p2a: Delibird|Delibird-Mega, L50, M|48\/48
|-start|p2a: Delibird|typechange|Ice\/Flying|[silent]
|turn|11
|c|☆ASnomPlaysShowdown|Gg
|-message|pupugugu forfeited.
|
|win|ASnomPlaysShowdown
|l|☆pupugugu
|c|☆ASnomPlaysShowdown|Will u record the replay?
|l|☆ASnomPlaysShowdown
|l| H2OPulse
|l| Parcos
|j| H2OPulse
|l| H2OPulse
|j| H2OPulse
|l| H2OPulse
|j| H2OPulse
|l| H2OPulse</script>
</div>
<div class="battle-log battle-log-inline"><div class="inner"><div class="battle-options"><div style="padding-top: 3px; padding-right: 3px; text-align: right"><button class="icon button" name="openBattleOptions" title="Options">Battle Options</button></div></div><div class="inner message-log"><div class="chat"><small>☆ASnomPlaysShowdown and ☆pupugugu joined</small></div><div class=""><small>Format:</small> <br><strong>[Gen 8] M4A VGC</strong></div><div class=""><small><em>Species Clause:</em> Limit one of each Pokémon</small></div><div class=""><small><em>Item Clause:</em> Limit one of each item</small></div><div class=""><small><em>Dynamax Clause:</em> You cannot dynamax</small></div><div class="chat"><img src="https://www.smogon.com/forums/attachments/banner_2-png.302358/" height="65" width="381"></div><div class="spacer battle-history"><br></div><div class="battle-history"><small>Welcome to Megas for All!</small><br></div><div class="battle-history"><small>This is a National Dex-based format where we aim to give a new Mega Evolution to every Pokémon.</small><br></div><div class="battle-history"><small>Just like any official format, you can still only Mega Evolve one Pokémon per team!</small><br></div><div class="battle-history"><small>You can find our thread and metagame resources here:</small><br></div><div class="battle-history"><small>https://www.smogon.com/forums/threads/3671140/</small><br></div><div class="chat battle-history"><strong>ASnomPlaysShowdown's team:</strong> <em style="color:#445566;display:block;">Araquanid / Dusclops / Landorus-Therian / Incineroar / Regieleki / Amoonguss</em></div><div class="chat battle-history"><strong>pupugugu's team:</strong> <em style="color:#445566;display:block;">Moltres-Galar / Delibird / Raichu / Vivillon / Tapu Fini / Celesteela</em></div><div class="chat"><small>+inkbug1 joined</small></div><div class="chat chatmessage-pupugugu"><strong style="color:#2b7b91"><small>☆</small><span class="username" data-name="pupugugu">pupugugu</span>:</strong> <em>glhf</em></div><div class="chat chatmessage-asnomplaysshowdown"><strong style="color:#1bb1b6"><small>☆</small><span class="username" data-name="ASnomPlaysShowdown">ASnomPlaysShowdown</span>:</strong> <em>Gl Hf</em></div><div class="chat"><small> Parcos joined</small></div><div class="spacer battle-history"><br></div><div class="battle-history">Battle started between ASnomPlaysShowdown and pupugugu!<br></div><div class="spacer battle-history"><br></div><div class="battle-history">Go! <strong>Regieleki</strong>!<br></div><div class="spacer battle-history"><br></div><div class="battle-history">Go! <strong>Dusclops</strong>!<br></div><div class="spacer battle-history"><br></div><div class="battle-history">pupugugu sent out <strong>Celesteela</strong>!<br></div><div class="spacer battle-history"><br></div><div class="battle-history">pupugugu sent out <strong>Tapu Fini</strong>!<br></div><div class="battle-history">[The opposing Tapu Fini's Misty Surge]<br><small>Mist swirled around the battlefield!</small><br></div><div class="battle-history"><small>(The opposing Celesteela used its Misty Seed!)</small><br></div><div class="battle-history"><small>The Misty Seed raised the opposing Celesteela's Sp. Def!</small><br></div><div class="battle-history">[Dusclops's Frisk]<br><small>Dusclops frisked the opposing Tapu Fini and found its Wiki Berry!</small><br></div><div class="spacer battle-history"><br></div><h2 class="battle-history">Turn 1</h2><div class="chat"><small> H2OPulse joined</small></div><div class="spacer battle-history"><br></div><div class="battle-history">pupugugu withdrew Tapu Fini!<br></div><div class="battle-history">pupugugu sent out <strong>Raichu</strong>!<br></div><div class="spacer battle-history"><br></div><div class="battle-history">Regieleki used <strong>Light Screen</strong>!<br></div><div class="battle-history"><small>Light Screen made your team stronger against special moves!</small><br></div><div class="spacer battle-history"><br></div><div class="battle-history">The opposing Celesteela used <strong>Leech Seed</strong>!<br></div><div class="battle-history"><small>Regieleki was seeded!</small><br></div><div class="spacer battle-history"><br></div><div class="battle-history">Dusclops used <strong>Trick Room</strong>!<br></div><div class="battle-history"><small>Dusclops twisted the dimensions!</small><br></div><div class="spacer battle-history"><br></div><div class="battle-history"><small>Regieleki's health is sapped by Leech Seed!</small><br></div><div class="spacer battle-history"><br></div><h2 class="battle-history">Turn 2</h2><div class="spacer battle-history"><br></div><div class="battle-history">Regieleki, come back!<br></div><div class="battle-history">Go! <strong>Amoonguss</strong>!<br></div><div class="spacer battle-history"><br></div><div class="battle-history">Dusclops used <strong>Night Shade</strong>!<br></div><div class="battle-history"><small>(The opposing Raichu lost <abbr title="−18/48 pixels">35.5–37.5%</abbr> of its health!)</small><br></div><div class="spacer battle-history"><br></div><div class="battle-history">The opposing Celesteela used <strong>Leech Seed</strong>!<br></div><div class="battle-history"><small>Dusclops avoided the attack!</small><br></div><div class="spacer battle-history"><br></div><div class="battle-history">The opposing Raichu used <strong>Eerie Impulse</strong>!<br></div><div class="battle-history"><small>Amoonguss's Sp. Atk fell harshly!</small><br></div><div class="spacer battle-history"><br></div><h2 class="battle-history">Turn 3</h2><div class="spacer battle-history"><br></div><div class="battle-history">Dusclops used <strong>Ally Switch</strong>!<br></div><div class="battle-history">Dusclops and Amoonguss switched places!<br></div><div class="spacer battle-history"><br></div><div class="battle-history">Amoonguss used <strong>Spore</strong>!<br></div><div class="battle-history"><small>The opposing Celesteela fell asleep!</small><br></div><div class="spacer battle-history"><br></div><div class="battle-history">The opposing Celesteela is fast asleep.<br></div><div class="spacer battle-history"><br></div><div class="battle-history">The opposing Raichu used <strong>Volt Switch</strong>!<br></div><div class="battle-history"><small>A critical hit!</small><br></div><div class="battle-history"><small>(Dusclops lost <abbr title="−15/48 pixels">29.2–31.3%</abbr> of its health!)</small><br></div><div class="chat"><small> exploziff joined</small></div><div class="spacer battle-history"><br></div><div class="battle-history">The opposing Raichu went back to pupugugu!<br></div><div class="battle-history">pupugugu sent out <strong>Delibird</strong>!<br></div><div class="spacer battle-history"><br></div><h2 class="battle-history">Turn 4</h2><div class="spacer battle-history"><br></div><div class="battle-history">Dusclops, come back!<br></div><div class="battle-history">Go! <strong>Araquanid</strong>!<br></div><div class="spacer battle-history"><br></div><div class="battle-history"><small>The opposing Delibird's Delibirdite is reacting to the Key Stone!</small><br>The opposing Delibird has Mega Evolved into Mega Delibird!<br></div><div class="battle-history"><small>(The opposing Celesteela used its Misty Seed!)</small><br></div><div class="battle-history"><small>The Misty Seed raised the opposing Celesteela's Sp. Def!</small><br></div><div class="battle-history">[The opposing Delibird's Spirit of Giving]<br></div><div class="battle-history"><small>The opposing Celesteela obtained one Misty Seed.</small><br></div><div class="chat"><ul class="utilichart"><li class="result"><span class="col pokemonnamecol" style="white-space: nowrap">Delibird-Mega</span> <span class="col typecol"><img src="https://play.pokemonshowdown.com/sprites/types/Ice.png" alt="Ice" height="14" width="32"><img src="https://play.pokemonshowdown.com/sprites/types/Flying.png" alt="Flying" height="14" width="32"></span> <span style="float: left ; min-height: 26px"><span class="col abilitycol">Spirit of Giving</span><span class="col abilitycol"></span></span><span style="float: left ; min-height: 26px"><span class="col statcol"><em>HP</em><br>45</span> <span class="col statcol"><em>Atk</em><br>25</span> <span class="col statcol"><em>Def</em><br>120</span> <span class="col statcol"><em>SpA</em><br>85</span> <span class="col statcol"><em>SpD</em><br>120</span> <span class="col statcol"><em>Spe</em><br>35</span> </span></li><li style="clear: both"></li></ul></div><div class="spacer battle-history"><br></div><div class="battle-history">The opposing Celesteela is fast asleep.<br></div><div class="spacer battle-history"><br></div><div class="battle-history">The opposing Delibird used <strong>Fake Out</strong>!<br></div><div class="battle-history"><small>(Amoonguss lost <abbr title="−2/48 pixels">2.2–4.2%</abbr> of its health!)</small><br></div><div class="spacer battle-history"><br></div><div class="battle-history">Amoonguss flinched and couldn't move!<br></div><div class="spacer battle-history"><br></div><h2 class="battle-history">Turn 5</h2><div class="spacer battle-history"><br></div><div class="battle-history">pupugugu withdrew Delibird!<br></div><div class="battle-history">pupugugu sent out <strong>Raichu</strong>!<br></div><div class="spacer battle-history"><br></div><div class="battle-history"><small>Araquanid's Araquanite is reacting to the Key Stone!</small><br>Araquanid has Mega Evolved into Mega Araquanid!<br></div><div class="chat"><ul class="utilichart"><li class="result"><span class="col pokemonnamecol" style="white-space: nowrap">Araquanid-Mega</span> <span class="col typecol"><img src="https://play.pokemonshowdown.com/sprites/types/Water.png" alt="Water" height="14" width="32"><img src="https://play.pokemonshowdown.com/sprites/types/Bug.png" alt="Bug" height="14" width="32"></span> <span style="float: left ; min-height: 26px"><span class="col abilitycol">Body of Water</span><span class="col abilitycol"></span></span><span style="float: left ; min-height: 26px"><span class="col statcol"><em>HP</em><br>68</span> <span class="col statcol"><em>Atk</em><br>70</span> <span class="col statcol"><em>Def</em><br>147</span> <span class="col statcol"><em>SpA</em><br>50</span> <span class="col statcol"><em>SpD</em><br>177</span> <span class="col statcol"><em>Spe</em><br>42</span> </span></li><li style="clear: both"></li></ul></div><div class="spacer battle-history"><br></div><div class="battle-history">Amoonguss used <strong>Spore</strong>!<br></div><div class="battle-history"><small>The opposing Raichu surrounds itself with a protective mist!</small><br></div><div class="spacer battle-history"><br></div><div class="battle-history">Araquanid used <strong>Iron Defense</strong>!<br></div><div class="battle-history"><small>Araquanid's Defense rose sharply!</small><br></div><div class="spacer battle-history"><br></div><div class="battle-history">The opposing Celesteela is fast asleep.<br></div><div class="spacer battle-history"><br></div><div class="battle-history"><small>The mist disappeared from the battlefield.</small><br></div><div class="battle-history"><small>The twisted dimensions returned to normal!</small><br></div><div class="spacer battle-history"><br></div><h2 class="battle-history">Turn 6</h2><div class="spacer battle-history"><br></div><div class="battle-history">Amoonguss used <strong>Rage Powder</strong>!<br></div><div class="battle-history"><small>Amoonguss became the center of attention!</small><br></div><div class="battle-history"><small>The opposing Raichu surrounded itself with its Z-Power!</small><br></div><div class="spacer battle-history"><br></div><div class="battle-history"><small>The opposing Raichu unleashes its full-force Z-Move!</small><br>The opposing Raichu used <strong>Gigavolt Havoc</strong>!<br></div><div class="battle-history"><small>It's not very effective...</small><br></div><div class="battle-history"><small>(Amoonguss lost <abbr title="−7/48 pixels">12.6–16.6%</abbr> of its health!)</small><br></div><div class="battle-history"><small>The opposing Celesteela woke up!</small><br></div><div class="spacer battle-history"><br></div><div class="battle-history">The opposing Celesteela used <strong>Leech Seed</strong>!<br></div><div class="battle-history"><small>It doesn't affect Amoonguss...</small><br></div><div class="spacer battle-history"><br></div><div class="battle-history">Araquanid used <strong>Liquidation</strong>!<br></div><div class="battle-history"><small>A critical hit!</small><br></div><div class="battle-history"><small>(The opposing Celesteela lost <abbr title="−47/48 pixels">95.9–99.9%</abbr> of its health!)</small><br></div><div class="spacer battle-history"><br></div><h2 class="battle-history">Turn 7</h2><div class="spacer battle-history"><br></div><div class="battle-history">The opposing Celesteela used <strong>Protect</strong>!<br></div><div class="battle-history"><small>The opposing Celesteela protected itself!</small><br></div><div class="spacer battle-history"><br></div><div class="battle-history">Amoonguss used <strong>Rage Powder</strong>!<br></div><div class="battle-history"><small>Amoonguss became the center of attention!</small><br></div><div class="spacer battle-history"><br></div><div class="battle-history">The opposing Raichu used <strong>Nuzzle</strong>!<br></div><div class="battle-history"><small>It's not very effective...</small><br></div><div class="battle-history"><small>(Amoonguss lost <abbr title="−2/48 pixels">2.2–6.2%</abbr> of its health!)</small><br></div><div class="battle-history"><small>Amoonguss is paralyzed! It may be unable to move!</small><br></div><div class="spacer battle-history"><br></div><div class="battle-history">Araquanid used <strong>Liquidation</strong>!<br></div><div class="battle-history"><small>The opposing Celesteela protected itself!</small><br></div><div class="spacer battle-history"><br></div><h2 class="battle-history">Turn 8</h2><div class="spacer battle-history"><br></div><div class="battle-history">Amoonguss used <strong>Rage Powder</strong>!<br></div><div class="battle-history"><small>Amoonguss became the center of attention!</small><br></div><div class="spacer battle-history"><br></div><div class="battle-history">The opposing Raichu used <strong>Nuzzle</strong>!<br></div><div class="battle-history"><small>It's not very effective...</small><br></div><div class="battle-history"><small>(Amoonguss lost <abbr title="−1/48 pixels">0.1–4.1%</abbr> of its health!)</small><br></div><div class="spacer battle-history"><br></div><div class="battle-history">The opposing Celesteela used <strong>Heavy Slam</strong>!<br></div><div class="battle-history"><small>(Amoonguss lost <abbr title="−22/48 pixels">43.8–47.8%</abbr> of its health!)</small><br></div><div class="spacer battle-history"><br></div><div class="battle-history">Araquanid used <strong>Liquidation</strong>!<br></div><div class="battle-history"><small>(The opposing Raichu lost <abbr title="−30/48 pixels">62.5–64.5%</abbr> of its health!)</small><br></div><div class="battle-history">[The opposing Raichu's Static]<br><small>Araquanid is paralyzed! It may be unable to move!</small><br></div><div class="spacer battle-history"><br></div><div class="battle-history">The opposing Raichu fainted!<br></div><div class="spacer battle-history"><br></div><div class="battle-history"><small>Your team's Light Screen wore off!</small><br></div><div class="spacer battle-history"><br></div><div class="battle-history">pupugugu sent out <strong>Tapu Fini</strong>!<br></div><div class="battle-history">[The opposing Tapu Fini's Misty Surge]<br><small>Mist swirled around the battlefield!</small><br></div><div class="spacer battle-history"><br></div><h2 class="battle-history">Turn 9</h2><div class="spacer battle-history"><br></div><div class="battle-history">Amoonguss is paralyzed! It can't move!<br></div><div class="spacer battle-history"><br></div><div class="battle-history">The opposing Tapu Fini used <strong>Calm Mind</strong>!<br></div><div class="battle-history"><small>The opposing Tapu Fini's Sp. Atk rose!</small><br></div><div class="battle-history"><small>The opposing Tapu Fini's Sp. Def rose!</small><br></div><div class="spacer battle-history"><br></div><div class="battle-history">The opposing Celesteela used <strong>Heavy Slam</strong>!<br></div><div class="battle-history"><small>(Amoonguss lost <abbr title="−14/48 pixels">29.2–31.2%</abbr> of its health!)</small><br></div><div class="spacer battle-history"><br></div><div class="battle-history">Amoonguss fainted!<br></div><div class="battle-history">[The opposing Celesteela's Beast Boost]<br></div><div class="battle-history"><small>The opposing Celesteela's Defense rose!</small><br></div><div class="spacer battle-history"><br></div><div class="battle-history">Araquanid used <strong>Iron Defense</strong>!<br></div><div class="battle-history"><small>Araquanid's Defense rose sharply!</small><br></div><div class="spacer battle-history"><br></div><div class="battle-history">Go! <strong>Regieleki</strong>!<br></div><div class="spacer battle-history"><br></div><h2 class="battle-history">Turn 10</h2><div class="spacer battle-history"><br></div><div class="battle-history">Regieleki used <strong>Electroweb</strong>!<br></div><div class="battle-history"><small>It's super effective on the opposing Celesteela!</small><br></div><div class="battle-history"><small>It's super effective on the opposing Tapu Fini!</small><br></div><div class="battle-history"><small>A critical hit on the opposing Tapu Fini!</small><br></div><div class="battle-history"><small>(The opposing Celesteela lost <abbr title="−1/48 pixels">0.1–4.1%</abbr> of its health!)</small><br></div><div class="battle-history"><small>(The opposing Tapu Fini lost <abbr title="−29/48 pixels">58.4–60.4%</abbr> of its health!)</small><br></div><div class="battle-history"><small>The opposing Tapu Fini's Speed fell!</small><br></div><div class="spacer battle-history"><br></div><div class="battle-history">The opposing Celesteela fainted!<br></div><div class="battle-history">The opposing Tapu Fini used <strong>Calm Mind</strong>!<br></div><div class="battle-history"><small>The opposing Tapu Fini's Sp. Atk rose!</small><br></div><div class="battle-history"><small>The opposing Tapu Fini's Sp. Def rose!</small><br></div><div class="spacer battle-history"><br></div><div class="battle-history">Araquanid used <strong>Liquidation</strong>!<br></div><div class="battle-history"><small>It's not very effective...</small><br></div><div class="battle-history"><small>(The opposing Tapu Fini lost <abbr title="−19/48 pixels">39.6–41.6%</abbr> of its health!)</small><br></div><div class="spacer battle-history"><br></div><div class="battle-history">The opposing Tapu Fini fainted!<br></div><div class="chat chatmessage-pupugugu"><strong style="color:#2b7b91"><small>☆</small><span class="username" data-name="pupugugu">pupugugu</span>:</strong> <em>gg</em></div><div class="spacer battle-history"><br></div><div class="battle-history">pupugugu sent out Delibird (<strong>Delibird-Mega</strong>)!<br></div><div class="spacer battle-history"><br></div><h2 class="battle-history">Turn 11</h2><div class="chat chatmessage-asnomplaysshowdown"><strong style="color:#1bb1b6"><small>☆</small><span class="username" data-name="ASnomPlaysShowdown">ASnomPlaysShowdown</span>:</strong> <em>Gg</em></div><div class="spacer battle-history"><br></div><div class="battle-history"><small>pupugugu forfeited.</small><br></div><div class="spacer battle-history"><br></div><div class="battle-history"><strong>ASnomPlaysShowdown</strong> won the battle!<br></div><div class="chat chatmessage-asnomplaysshowdown"><strong style="color:#1bb1b6"><small>☆</small><span class="username" data-name="ASnomPlaysShowdown">ASnomPlaysShowdown</span>:</strong> <em>Will u record the replay?</em></div><div class="chat"><small>☆pupugugu, ☆ASnomPlaysShowdown,  Parcos, and  H2OPulse left</small></div></div><div class="inner-preempt message-log"></div></div></div>
</div>
<script>
let daily = Math.floor(Date.now()/1000/60/60/24);document.write('<script src="https://dragonheaven.herokuapp.com/js/replay-embed.js?version'+daily+'"></'+'script>');
</script>
