<!DOCTYPE html>
<meta charset="utf-8" />
<!-- version 1 -->
<title>[Gen 8] M4A VGC replay: ASnomPlaysShowdown vs. ry42</title>
<style>
html,body {font-family:Verdana, sans-serif;font-size:10pt;margin:0;padding:0;}body{padding:12px 0;} .battle-log {font-family:Verdana, sans-serif;font-size:10pt;} .battle-log-inline {border:1px solid #AAAAAA;background:#EEF2F5;color:black;max-width:640px;margin:0 auto 80px;padding-bottom:5px;} .battle-log .inner {padding:4px 8px 0px 8px;} .battle-log .inner-preempt {padding:0 8px 4px 8px;} .battle-log .inner-after {margin-top:0.5em;} .battle-log h2 {margin:0.5em -8px;padding:4px 8px;border:1px solid #AAAAAA;background:#E0E7EA;border-left:0;border-right:0;font-family:Verdana, sans-serif;font-size:13pt;} .battle-log .chat {vertical-align:middle;padding:3px 0 3px 0;font-size:8pt;} .battle-log .chat strong {color:#40576A;} .battle-log .chat em {padding:1px 4px 1px 3px;color:#000000;font-style:normal;} .chat.mine {background:rgba(0,0,0,0.05);margin-left:-8px;margin-right:-8px;padding-left:8px;padding-right:8px;} .spoiler {color:#BBBBBB;background:#BBBBBB;padding:0px 3px;} .spoiler:hover, .spoiler:active, .spoiler-shown {color:#000000;background:#E2E2E2;padding:0px 3px;} .spoiler a {color:#BBBBBB;} .spoiler:hover a, .spoiler:active a, .spoiler-shown a {color:#2288CC;} .chat code, .chat .spoiler:hover code, .chat .spoiler:active code, .chat .spoiler-shown code {border:1px solid #C0C0C0;background:#EEEEEE;color:black;padding:0 2px;} .chat .spoiler code {border:1px solid #CCCCCC;background:#CCCCCC;color:#CCCCCC;} .battle-log .rated {padding:3px 4px;} .battle-log .rated strong {color:white;background:#89A;padding:1px 4px;border-radius:4px;} .spacer {margin-top:0.5em;} .message-announce {background:#6688AA;color:white;padding:1px 4px 2px;} .message-announce a, .broadcast-green a, .broadcast-blue a, .broadcast-red a {color:#DDEEFF;} .broadcast-green {background-color:#559955;color:white;padding:2px 4px;} .broadcast-blue {background-color:#6688AA;color:white;padding:2px 4px;} .infobox {border:1px solid #6688AA;padding:2px 4px;} .infobox-limited {max-height:200px;overflow:auto;overflow-x:hidden;} .broadcast-red {background-color:#AA5544;color:white;padding:2px 4px;} .message-learn-canlearn {font-weight:bold;color:#228822;text-decoration:underline;} .message-learn-cannotlearn {font-weight:bold;color:#CC2222;text-decoration:underline;} .message-effect-weak {font-weight:bold;color:#CC2222;} .message-effect-resist {font-weight:bold;color:#6688AA;} .message-effect-immune {font-weight:bold;color:#666666;} .message-learn-list {margin-top:0;margin-bottom:0;} .message-throttle-notice, .message-error {color:#992222;} .message-overflow, .chat small.message-overflow {font-size:0pt;} .message-overflow::before {font-size:9pt;content:'...';} .subtle {color:#3A4A66;}
</style>
<div class="wrapper replay-wrapper" style="max-width:1180px;margin:0 auto">
<input type="hidden" name="replayid" value="dragonheaven-gen8m4avgc-377" />
<div class="battle"></div><div class="battle-log"></div><div class="replay-controls"></div><div class="replay-controls-2"></div>
<h1 style="font-weight:normal;text-align:center"><strong>[Gen 8] M4A VGC</strong><br /><a href="http://pokemonshowdown.com/users/asnomplaysshowdown" class="subtle" target="_blank">ASnomPlaysShowdown</a> vs. <a href="http://pokemonshowdown.com/users/ry42" class="subtle" target="_blank">ry42</a></h1>
<script type="text/plain" class="battle-log-data">|j|☆ASnomPlaysShowdown
|j|☆ry42
|t:|1630180040
|player|p1|ASnomPlaysShowdown|acetrainer|
|player|p2|ry42|266|
|teamsize|p1|6
|teamsize|p2|6
|gametype|doubles
|gen|8
|tier|[Gen 8] M4A VGC
|clearpoke
|poke|p1|Tapu Koko, L50|
|poke|p1|Tapu Lele, L50|
|poke|p1|Cacturne, L50, M|
|poke|p1|Garchomp, L50, M|
|poke|p1|Celesteela, L50|
|poke|p1|Zapdos-Galar, L50|
|poke|p2|Stakataka, L50|
|poke|p2|Indeedee-F, L50, F|
|poke|p2|Aurorus, L50, F|
|poke|p2|Arctozolt, L50|
|poke|p2|Terrakion, L50|
|poke|p2|Zapdos, L50|
|rule|Species Clause: Limit one of each Pokémon
|rule|Item Clause: Limit one of each item
|rule|Dynamax Clause: You cannot dynamax
|raw|<img src="https:\/\/www.smogon.com\/forums\/attachments\/banner_2-png.302358\/" height="65" width="381">
|-message|Welcome to Megas for All!
|-message|This is a National Dex-based format where we aim to give a new Mega Evolution to every Pokémon.
|-message|Just like any official format, you can still only Mega Evolve one Pokémon per team!
|-message|You can find our thread and metagame resources here:
|-message|https:\/\/www.smogon.com\/forums\/threads\/3671140\/
|teampreview|4
|inactive|Battle timer is ON: inactive players will automatically lose when time's up. (requested by ry42)
|j| Jae880305
|j| analysis geek
|c|☆ry42|glhf
|j| BlueRayVGC
|j|+inkbug1
|j| H2OPulse
|c| analysis geek|hype
|c|☆ASnomPlaysShowdown|Gl hF
|j| BlazingHero657
|c| H2OPulse|Good luck and have fun, both!!!
|c|☆ASnomPlaysShowdown|u2!
|inactive|ASnomPlaysShowdown has 60 seconds left.
|
|t:|1630180098
|start
|switch|p1a: Zapdos|Zapdos-Galar, L50|48\/48
|switch|p1b: Tapu Koko|Tapu Koko, L50|48\/48
|switch|p2a: Aurorus|Aurorus, L50, F|48\/48
|switch|p2b: Arctozolt|Arctozolt, L50|48\/48
|-weather|Hail|[from] ability: Snow Warning|[of] p2a: Aurorus
|turn|1
|j| Paul(Paulluxx)
|inactive|ASnomPlaysShowdown has 30 seconds left.
|inactive|ry42 has 30 seconds left.
|inactive|ASnomPlaysShowdown has 20 seconds left.
|inactive|ASnomPlaysShowdown has 15 seconds left.
|inactive|ASnomPlaysShowdown has 10 seconds left.
|inactive|ASnomPlaysShowdown has 5 seconds left.
|
|t:|1630180151
|detailschange|p2a: Aurorus|Aurorus-Mega, L50, F
|-mega|p2a: Aurorus|Aurorus|Aurorite
|-ability|p2a: Aurorus|Diamond Dust
|-weather|Diamond Dust|[silent]
|-message|A cloud of diamond dust blew in!
|-message|All Rock-type damage, including Stealth Rock, will be nullified.
|-message|Other weather-related moves and Abilities will behave as they do in hail.
|-start|p2a: Aurorus|typechange|Electric\/Ice|[silent]
|raw|<ul class="utilichart"><li class="result"><span class="col pokemonnamecol" style="white-space: nowrap">Aurorus-Mega<\/span> <span class="col typecol"><img src="https:\/\/play.pokemonshowdown.com\/sprites\/types\/Electric.png" alt="Electric" height="14" width="32"><img src="https:\/\/play.pokemonshowdown.com\/sprites\/types\/Ice.png" alt="Ice" height="14" width="32"><\/span> <span style="float: left ; min-height: 26px"><span class="col abilitycol">Diamond Dust<\/span><span class="col abilitycol"><\/span><\/span><span style="float: left ; min-height: 26px"><span class="col statcol"><em>HP<\/em><br>123<\/span> <span class="col statcol"><em>Atk<\/em><br>77<\/span> <span class="col statcol"><em>Def<\/em><br>102<\/span> <span class="col statcol"><em>SpA<\/em><br>131<\/span> <span class="col statcol"><em>SpD<\/em><br>122<\/span> <span class="col statcol"><em>Spe<\/em><br>66<\/span> <\/span><\/li><li style="clear: both"><\/li><\/ul>
|move|p2b: Arctozolt|Bolt Beak|p1a: Zapdos
|-supereffective|p1a: Zapdos
|-enditem|p1a: Zapdos|Focus Sash
|-damage|p1a: Zapdos|1\/48
|-damage|p2b: Arctozolt|43\/48|[from] item: Life Orb
|move|p1b: Tapu Koko|Light Screen|p1b: Tapu Koko
|-sidestart|p1: ASnomPlaysShowdown|move: Light Screen
|move|p1a: Zapdos|Close Combat|p2b: Arctozolt
|-supereffective|p2b: Arctozolt
|-damage|p2b: Arctozolt|0 fnt
|-unboost|p1a: Zapdos|def|1
|-unboost|p1a: Zapdos|spd|1
|faint|p2b: Arctozolt
|move|p2a: Aurorus|Aurora Veil|p2a: Aurorus
|-sidestart|p2: ry42|move: Aurora Veil
|
|-weather|Diamond Dust|[upkeep]
|-message|The air is sparkling with diamond dust!
|upkeep
|
|t:|1630180165
|switch|p2b: Zapdos|Zapdos, L50|48\/48
|-ability|p2b: Zapdos|Pressure
|turn|2
|inactive|ASnomPlaysShowdown has 30 seconds left.
|
|t:|1630180197
|move|p1b: Tapu Koko|Electroweb|p2b: Zapdos|[spread] p2a,p2b
|-resisted|p2a: Aurorus
|-damage|p2a: Aurorus|46\/48
|-damage|p2b: Zapdos|43\/48
|-unboost|p2a: Aurorus|spe|1
|-unboost|p2b: Zapdos|spe|1
|move|p1a: Zapdos|Taunt|p2b: Zapdos
|-start|p2b: Zapdos|move: Taunt
|cant|p2b: Zapdos|move: Taunt|Tailwind
|move|p2a: Aurorus|Blizzard|p1b: Tapu Koko|[spread] p1a,p1b
|-supereffective|p1a: Zapdos
|-crit|p1b: Tapu Koko
|-damage|p1a: Zapdos|0 fnt
|-damage|p1b: Tapu Koko|4\/48
|faint|p1a: Zapdos
|
|-heal|p2b: Zapdos|46\/48|[from] item: Leftovers
|-weather|Diamond Dust|[upkeep]
|-message|The air is sparkling with diamond dust!
|upkeep
|
|t:|1630180206
|switch|p1a: Tapu Lele|Tapu Lele, L50|48\/48
|-fieldstart|move: Psychic Terrain|[from] ability: Psychic Surge|[of] p1a: Tapu Lele
|turn|3
|
|t:|1630180223
|move|p1b: Tapu Koko|Nature's Madness|p2a: Aurorus
|-damage|p2a: Aurorus|23\/48
|move|p1a: Tapu Lele|Psychic|p2a: Aurorus
|-damage|p2a: Aurorus|2\/48
|move|p2b: Zapdos|Discharge|p1b: Tapu Koko|[spread] p2a,p1a,p1b
|-resisted|p2a: Aurorus
|-resisted|p1b: Tapu Koko
|-damage|p2a: Aurorus|0 fnt
|-damage|p1a: Tapu Lele|38\/48
|-damage|p1b: Tapu Koko|0 fnt
|-status|p1a: Tapu Lele|par
|faint|p2a: Aurorus
|faint|p1b: Tapu Koko
|
|-heal|p2b: Zapdos|48\/48|[from] item: Leftovers
|-weather|Diamond Dust|[upkeep]
|-message|The air is sparkling with diamond dust!
|upkeep
|
|t:|1630180234
|switch|p1b: Cacturne|Cacturne, L50, M|48\/48
|switch|p2a: Terrakion|Terrakion, L50|48\/48
|turn|4
|
|t:|1630180251
|detailschange|p1b: Cacturne|Cacturne-Mega, L50, M
|-mega|p1b: Cacturne|Cacturne|Cacturnite
|-start|p1b: Cacturne|typechange|Grass\/Dark|[silent]
|raw|<ul class="utilichart"><li class="result"><span class="col pokemonnamecol" style="white-space: nowrap">Cacturne-Mega<\/span> <span class="col typecol"><img src="https:\/\/play.pokemonshowdown.com\/sprites\/types\/Grass.png" alt="Grass" height="14" width="32"><img src="https:\/\/play.pokemonshowdown.com\/sprites\/types\/Dark.png" alt="Dark" height="14" width="32"><\/span> <span style="float: left ; min-height: 26px"><span class="col abilitycol">Coup de Grass<\/span><span class="col abilitycol"><\/span><\/span><span style="float: left ; min-height: 26px"><span class="col statcol"><em>HP<\/em><br>70<\/span> <span class="col statcol"><em>Atk<\/em><br>115<\/span> <span class="col statcol"><em>Def<\/em><br>115<\/span> <span class="col statcol"><em>SpA<\/em><br>115<\/span> <span class="col statcol"><em>SpD<\/em><br>105<\/span> <span class="col statcol"><em>Spe<\/em><br>55<\/span> <\/span><\/li><li style="clear: both"><\/li><\/ul>
|move|p1b: Cacturne|Spiky Shield|p1b: Cacturne
|-singleturn|p1b: Cacturne|move: Protect
|move|p2a: Terrakion|Close Combat|p1b: Cacturne
|-activate|p1b: Cacturne|move: Protect
|-damage|p2a: Terrakion|42\/48|[from] Spiky Shield|[of] p1b: Cacturne
|move|p2b: Zapdos|Heat Wave|p1a: Tapu Lele|[spread] p1a
|-activate|p1b: Cacturne|move: Protect
|-damage|p1a: Tapu Lele|29\/48 par
|cant|p1a: Tapu Lele|par
|
|-end|p2b: Zapdos|move: Taunt
|-weather|Diamond Dust|[upkeep]
|-message|The air is sparkling with diamond dust!
|upkeep
|turn|5
|c|☆ASnomPlaysShowdown|shoot.
|c|☆ASnomPlaysShowdown|well
|inactive|ASnomPlaysShowdown has 30 seconds left.
|
|t:|1630180284
|move|p2a: Terrakion|Close Combat|p1b: Cacturne
|-supereffective|p1b: Cacturne
|-crit|p1b: Cacturne
|-damage|p1b: Cacturne|0 fnt
|-unboost|p2a: Terrakion|def|1
|-unboost|p2a: Terrakion|spd|1
|faint|p1b: Cacturne
|move|p2b: Zapdos|Tailwind|p2b: Zapdos
|-sidestart|p2: ry42|move: Tailwind
|move|p1a: Tapu Lele|Psychic|p2a: Terrakion
|-supereffective|p2a: Terrakion
|-damage|p2a: Terrakion|0 fnt
|faint|p2a: Terrakion
|
|-sideend|p2: ry42|move: Aurora Veil
|-weather|none|[silent]
|-message|The cloud of diamond dust blew away!
|upkeep
|turn|6
|c|☆ASnomPlaysShowdown|the crit mattered actually
|
|t:|1630180295
|move|p2b: Zapdos|Discharge|p1a: Tapu Lele
|-damage|p1a: Tapu Lele|13\/48 par
|move|p1a: Tapu Lele|Psychic|p2b: Zapdos
|-damage|p2b: Zapdos|0 fnt
|faint|p2b: Zapdos
|
|win|ASnomPlaysShowdown
|c|☆ASnomPlaysShowdown|Gg
|c|☆ASnomPlaysShowdown|lele clutch
|c|☆ry42|oh what the 
|c|☆ry42|gg
|c| Jae880305|The crit mattered?
|c|☆ASnomPlaysShowdown|yeah
|c| analysis geek|oh damn that died
|c|☆ASnomPlaysShowdown|i mean
|c| H2OPulse|WHEW that was close!! Good game!!!
|c|☆ASnomPlaysShowdown|If i leak the ev spread
|j| Sticky Fingaa
|c|☆ASnomPlaysShowdown|i probably shouldn't
|c| Jae880305|Do so after finals
|c|☆ASnomPlaysShowdown|but like
|c|☆ASnomPlaysShowdown|yeah
|l|☆ASnomPlaysShowdown
|l| Sticky Fingaa
|l| Jae880305
|l| BlueRayVGC
|l| BlazingHero657
|l|+inkbug1
|l| Paul(Paulluxx)
|j|☆ASnomPlaysShowdown
|player|p1|ASnomPlaysShowdown|acetrainer

|player|p1|ASnomPlaysShowdown|acetrainer
|l| analysis geek</script>
</div>
<div class="battle-log battle-log-inline"><div class="inner"><div class="battle-options"><div style="padding-top: 3px; padding-right: 3px; text-align: right"><button class="icon button" name="openBattleOptions" title="Options">Battle Options</button></div></div><div class="inner message-log"><div class="chat"><small>☆ASnomPlaysShowdown and ☆ry42 joined</small></div><div class=""><small>Format:</small> <br><strong>[Gen 8] M4A VGC</strong></div><div class=""><small><em>Species Clause:</em> Limit one of each Pokémon</small></div><div class=""><small><em>Item Clause:</em> Limit one of each item</small></div><div class=""><small><em>Dynamax Clause:</em> You cannot dynamax</small></div><div class="chat"><img src="https://www.smogon.com/forums/attachments/banner_2-png.302358/" height="65" width="381"></div><div class="spacer battle-history"><br></div><div class="battle-history"><small>Welcome to Megas for All!</small><br></div><div class="battle-history"><small>This is a National Dex-based format where we aim to give a new Mega Evolution to every Pokémon.</small><br></div><div class="battle-history"><small>Just like any official format, you can still only Mega Evolve one Pokémon per team!</small><br></div><div class="battle-history"><small>You can find our thread and metagame resources here:</small><br></div><div class="battle-history"><small>https://www.smogon.com/forums/threads/3671140/</small><br></div><div class="chat battle-history"><strong>ASnomPlaysShowdown's team:</strong> <em style="color:#445566;display:block;">Tapu Koko / Tapu Lele / Cacturne / Garchomp / Celesteela / Zapdos-Galar</em></div><div class="chat battle-history"><strong>ry42's team:</strong> <em style="color:#445566;display:block;">Stakataka / Indeedee-F / Aurorus / Arctozolt / Terrakion / Zapdos</em></div><div class="chat message-error">Battle timer is ON: inactive players will automatically lose when time's up. (requested by ry42)</div><div class="chat"><small> Jae880305 and  analysis geek joined</small></div><div class="chat chatmessage-ry42"><strong style="color:#9727cf"><small>☆</small><span class="username" data-name="ry42">ry42</span>:</strong> <em>glhf</em></div><div class="chat"><small> BlueRayVGC, +inkbug1, and  H2OPulse joined</small></div><div class="chat chatmessage-analysisgeek"><strong style="color:#3e7fb9"><small> </small><span class="username" data-name="analysis geek">analysis geek</span>:</strong> <em>hype</em></div><div class="chat chatmessage-asnomplaysshowdown mine"><strong style="color:#1bb1b6"><small>☆</small><span class="username" data-name="ASnomPlaysShowdown">ASnomPlaysShowdown</span>:</strong> <em>Gl hF</em></div><div class="chat"><small> BlazingHero657 joined</small></div><div class="chat chatmessage-h2opulse"><strong style="color:#6e8c2b"><small> </small><span class="username" data-name="H2OPulse">H2OPulse</span>:</strong> <em>Good luck and have fun, both!!!</em></div><div class="chat chatmessage-asnomplaysshowdown mine"><strong style="color:#1bb1b6"><small>☆</small><span class="username" data-name="ASnomPlaysShowdown">ASnomPlaysShowdown</span>:</strong> <em>u2!</em></div><div class="chat message-error">ASnomPlaysShowdown has 60 seconds left.</div><div class="spacer battle-history"><br></div><div class="battle-history">Battle started between ASnomPlaysShowdown and ry42!<br></div><div class="spacer battle-history"><br></div><div class="battle-history">Go! Zapdos (<strong>Zapdos-Galar</strong>)!<br></div><div class="spacer battle-history"><br></div><div class="battle-history">Go! <strong>Tapu Koko</strong>!<br></div><div class="spacer battle-history"><br></div><div class="battle-history">ry42 sent out <strong>Aurorus</strong>!<br></div><div class="spacer battle-history"><br></div><div class="battle-history">ry42 sent out <strong>Arctozolt</strong>!<br></div><div class="battle-history">[The opposing Aurorus's Snow Warning]<br><small>It started to hail!</small><br></div><div class="spacer battle-history"><br></div><h2 class="battle-history">Turn 1</h2><div class="chat"><small> Paul(Paulluxx) joined</small></div><div class="chat message-error">ASnomPlaysShowdown has 30 seconds left.</div><div class="chat message-error">ry42 has 30 seconds left.</div><div class="chat message-error">ASnomPlaysShowdown has 20 seconds left.</div><div class="chat message-error">ASnomPlaysShowdown has 15 seconds left.</div><div class="chat message-error">ASnomPlaysShowdown has 10 seconds left.</div><div class="chat message-error">ASnomPlaysShowdown has 5 seconds left.</div><div class="spacer battle-history"><br></div><div class="battle-history"><small>The opposing Aurorus's Aurorite is reacting to the Key Stone!</small><br>The opposing Aurorus has Mega Evolved into Mega Aurorus!<br></div><div class="battle-history">[The opposing Aurorus's Diamond Dust]<br></div><div class="battle-history"><small>A cloud of diamond dust blew in!</small><br></div><div class="battle-history"><small>All Rock-type damage, including Stealth Rock, will be nullified.</small><br></div><div class="battle-history"><small>Other weather-related moves and Abilities will behave as they do in hail.</small><br></div><div class="chat"><ul class="utilichart"><li class="result"><span class="col pokemonnamecol" style="white-space: nowrap">Aurorus-Mega</span> <span class="col typecol"><img src="https://play.pokemonshowdown.com/sprites/types/Electric.png" alt="Electric" height="14" width="32"><img src="https://play.pokemonshowdown.com/sprites/types/Ice.png" alt="Ice" height="14" width="32"></span> <span style="float: left ; min-height: 26px"><span class="col abilitycol">Diamond Dust</span><span class="col abilitycol"></span></span><span style="float: left ; min-height: 26px"><span class="col statcol"><em>HP</em><br>123</span> <span class="col statcol"><em>Atk</em><br>77</span> <span class="col statcol"><em>Def</em><br>102</span> <span class="col statcol"><em>SpA</em><br>131</span> <span class="col statcol"><em>SpD</em><br>122</span> <span class="col statcol"><em>Spe</em><br>66</span> </span></li><li style="clear: both"></li></ul></div><div class="spacer battle-history"><br></div><div class="battle-history">The opposing Arctozolt used <strong>Bolt Beak</strong>!<br></div><div class="battle-history"><small>It's super effective!</small><br></div><div class="battle-history"><small>Zapdos hung on using its Focus Sash!</small><br></div><div class="battle-history"><small>(Zapdos lost <abbr title="−47/48 pixels">95.9–99.9%</abbr> of its health!)</small><br></div><div class="battle-history"><small>The opposing Arctozolt lost some of its HP!</small><br></div><div class="spacer battle-history"><br></div><div class="battle-history">Tapu Koko used <strong>Light Screen</strong>!<br></div><div class="battle-history"><small>Light Screen made your team stronger against special moves!</small><br></div><div class="spacer battle-history"><br></div><div class="battle-history">Zapdos used <strong>Close Combat</strong>!<br></div><div class="battle-history"><small>It's super effective!</small><br></div><div class="battle-history"><small>(The opposing Arctozolt lost <abbr title="−43/48 pixels">89.6–91.6%</abbr> of its health!)</small><br></div><div class="battle-history"><small>Zapdos's Defense fell!</small><br></div><div class="battle-history"><small>Zapdos's Sp. Def fell!</small><br></div><div class="spacer battle-history"><br></div><div class="battle-history">The opposing Arctozolt fainted!<br></div><div class="battle-history">The opposing Aurorus used <strong>Aurora Veil</strong>!<br></div><div class="battle-history"><small>Aurora Veil made the opposing team stronger against physical and special moves!</small><br></div><div class="spacer battle-history"><br></div><div class="battle-history"><small>The air is sparkling with diamond dust!</small><br></div><div class="spacer battle-history"><br></div><div class="battle-history">ry42 sent out <strong>Zapdos</strong>!<br></div><div class="battle-history">[The opposing Zapdos's Pressure]<br><small>The opposing Zapdos is exerting its pressure!</small><br></div><div class="spacer battle-history"><br></div><h2 class="battle-history">Turn 2</h2><div class="chat message-error">ASnomPlaysShowdown has 30 seconds left.</div><div class="spacer battle-history"><br></div><div class="battle-history">Tapu Koko used <strong>Electroweb</strong>!<br></div><div class="battle-history"><small>It's not very effective on the opposing Aurorus.</small><br></div><div class="battle-history"><small>(The opposing Aurorus lost <abbr title="−2/48 pixels">2.2–4.2%</abbr> of its health!)</small><br></div><div class="battle-history"><small>(The opposing Zapdos lost <abbr title="−5/48 pixels">8.4–10.4%</abbr> of its health!)</small><br></div><div class="battle-history"><small>The opposing Aurorus's Speed fell!</small><br></div><div class="battle-history"><small>The opposing Zapdos's Speed fell!</small><br></div><div class="spacer battle-history"><br></div><div class="battle-history">Zapdos used <strong>Taunt</strong>!<br></div><div class="battle-history"><small>The opposing Zapdos fell for the taunt!</small><br></div><div class="spacer battle-history"><br></div><div class="battle-history">The opposing Zapdos can't use Tailwind after the taunt!<br></div><div class="spacer battle-history"><br></div><div class="battle-history">The opposing Aurorus used <strong>Blizzard</strong>!<br></div><div class="battle-history"><small>It's super effective on Zapdos!</small><br></div><div class="battle-history"><small>A critical hit on Tapu Koko!</small><br></div><div class="battle-history"><small>(Zapdos lost <abbr title="−1/48 pixels">0.1–4.1%</abbr> of its health!)</small><br></div><div class="battle-history"><small>(Tapu Koko lost <abbr title="−44/48 pixels">89.7–91.7%</abbr> of its health!)</small><br></div><div class="spacer battle-history"><br></div><div class="battle-history">Zapdos fainted!<br></div><div class="spacer battle-history"><br></div><div class="battle-history"><small>The opposing Zapdos restored a little HP using its Leftovers!</small><br></div><div class="battle-history"><small>The air is sparkling with diamond dust!</small><br></div><div class="spacer battle-history"><br></div><div class="battle-history">Go! <strong>Tapu Lele</strong>!<br></div><div class="battle-history">[Tapu Lele's Psychic Surge]<br><small>The battlefield got weird!</small><br></div><div class="spacer battle-history"><br></div><h2 class="battle-history">Turn 3</h2><div class="spacer battle-history"><br></div><div class="battle-history">Tapu Koko used <strong>Nature's Madness</strong>!<br></div><div class="battle-history"><small>(The opposing Aurorus lost <abbr title="−23/48 pixels">45.9–49.9%</abbr> of its health!)</small><br></div><div class="spacer battle-history"><br></div><div class="battle-history">Tapu Lele used <strong>Psychic</strong>!<br></div><div class="battle-history"><small>(The opposing Aurorus lost <abbr title="−21/48 pixels">41.7–45.8%</abbr> of its health!)</small><br></div><div class="spacer battle-history"><br></div><div class="battle-history">The opposing Zapdos used <strong>Discharge</strong>!<br></div><div class="battle-history"><small>It's not very effective on the opposing Aurorus.</small><br></div><div class="battle-history"><small>It's not very effective on Tapu Koko.</small><br></div><div class="battle-history"><small>(The opposing Aurorus lost <abbr title="−2/48 pixels">4.2–6.2%</abbr> of its health!)</small><br></div><div class="battle-history"><small>(Tapu Lele lost <abbr title="−10/48 pixels">18.8–20.8%</abbr> of its health!)</small><br></div><div class="battle-history"><small>(Tapu Koko lost <abbr title="−4/48 pixels">8.3–10.3%</abbr> of its health!)</small><br></div><div class="battle-history"><small>Tapu Lele is paralyzed! It may be unable to move!</small><br></div><div class="spacer battle-history"><br></div><div class="battle-history">The opposing Aurorus fainted!<br></div><div class="battle-history">Tapu Koko fainted!<br></div><div class="spacer battle-history"><br></div><div class="battle-history"><small>The opposing Zapdos restored a little HP using its Leftovers!</small><br></div><div class="battle-history"><small>The air is sparkling with diamond dust!</small><br></div><div class="spacer battle-history"><br></div><div class="battle-history">Go! <strong>Cacturne</strong>!<br></div><div class="spacer battle-history"><br></div><div class="battle-history">ry42 sent out <strong>Terrakion</strong>!<br></div><div class="spacer battle-history"><br></div><h2 class="battle-history">Turn 4</h2><div class="spacer battle-history"><br></div><div class="battle-history"><small>Cacturne's Cacturnite is reacting to the Key Stone!</small><br>Cacturne has Mega Evolved into Mega Cacturne!<br></div><div class="chat"><ul class="utilichart"><li class="result"><span class="col pokemonnamecol" style="white-space: nowrap">Cacturne-Mega</span> <span class="col typecol"><img src="https://play.pokemonshowdown.com/sprites/types/Grass.png" alt="Grass" height="14" width="32"><img src="https://play.pokemonshowdown.com/sprites/types/Dark.png" alt="Dark" height="14" width="32"></span> <span style="float: left ; min-height: 26px"><span class="col abilitycol">Coup de Grass</span><span class="col abilitycol"></span></span><span style="float: left ; min-height: 26px"><span class="col statcol"><em>HP</em><br>70</span> <span class="col statcol"><em>Atk</em><br>115</span> <span class="col statcol"><em>Def</em><br>115</span> <span class="col statcol"><em>SpA</em><br>115</span> <span class="col statcol"><em>SpD</em><br>105</span> <span class="col statcol"><em>Spe</em><br>55</span> </span></li><li style="clear: both"></li></ul></div><div class="spacer battle-history"><br></div><div class="battle-history">Cacturne used <strong>Spiky Shield</strong>!<br></div><div class="battle-history"><small>Cacturne protected itself!</small><br></div><div class="spacer battle-history"><br></div><div class="battle-history">The opposing Terrakion used <strong>Close Combat</strong>!<br></div><div class="battle-history"><small>Cacturne protected itself!</small><br></div><div class="battle-history"><small>The opposing Terrakion was hurt!</small><br></div><div class="spacer battle-history"><br></div><div class="battle-history">The opposing Zapdos used <strong>Heat Wave</strong>!<br></div><div class="battle-history"><small>Cacturne protected itself!</small><br></div><div class="battle-history"><small>(Tapu Lele lost <abbr title="−9/48 pixels">16.7–20.8%</abbr> of its health!)</small><br></div><div class="spacer battle-history"><br></div><div class="battle-history">Tapu Lele is paralyzed! It can't move!<br></div><div class="spacer battle-history"><br></div><div class="battle-history"><small>The opposing Zapdos shook off the taunt!</small><br></div><div class="battle-history"><small>The air is sparkling with diamond dust!</small><br></div><div class="spacer battle-history"><br></div><h2 class="battle-history">Turn 5</h2><div class="chat chatmessage-asnomplaysshowdown mine"><strong style="color:#1bb1b6"><small>☆</small><span class="username" data-name="ASnomPlaysShowdown">ASnomPlaysShowdown</span>:</strong> <em>shoot.</em></div><div class="chat chatmessage-asnomplaysshowdown mine"><strong style="color:#1bb1b6"><small>☆</small><span class="username" data-name="ASnomPlaysShowdown">ASnomPlaysShowdown</span>:</strong> <em>well</em></div><div class="chat message-error">ASnomPlaysShowdown has 30 seconds left.</div><div class="spacer battle-history"><br></div><div class="battle-history">The opposing Terrakion used <strong>Close Combat</strong>!<br></div><div class="battle-history"><small>It's super effective!</small><br></div><div class="battle-history"><small>A critical hit!</small><br></div><div class="battle-history"><small>(Cacturne lost <abbr title="−48/48 pixels">100%</abbr> of its health!)</small><br></div><div class="battle-history"><small>The opposing Terrakion's Defense fell!</small><br></div><div class="battle-history"><small>The opposing Terrakion's Sp. Def fell!</small><br></div><div class="spacer battle-history"><br></div><div class="battle-history">Cacturne fainted!<br></div><div class="battle-history">The opposing Zapdos used <strong>Tailwind</strong>!<br></div><div class="battle-history"><small>The Tailwind blew from behind the opposing team!</small><br></div><div class="spacer battle-history"><br></div><div class="battle-history">Tapu Lele used <strong>Psychic</strong>!<br></div><div class="battle-history"><small>It's super effective!</small><br></div><div class="battle-history"><small>(The opposing Terrakion lost <abbr title="−42/48 pixels">87.5–89.5%</abbr> of its health!)</small><br></div><div class="spacer battle-history"><br></div><div class="battle-history">The opposing Terrakion fainted!<br></div><div class="spacer battle-history"><br></div><div class="battle-history"><small>The opposing team's Aurora Veil wore off!</small><br></div><div class="battle-history"><small>The cloud of diamond dust blew away!</small><br></div><div class="spacer battle-history"><br></div><h2 class="battle-history">Turn 6</h2><div class="chat chatmessage-asnomplaysshowdown mine"><strong style="color:#1bb1b6"><small>☆</small><span class="username" data-name="ASnomPlaysShowdown">ASnomPlaysShowdown</span>:</strong> <em>the crit mattered actually</em></div><div class="spacer battle-history"><br></div><div class="battle-history">The opposing Zapdos used <strong>Discharge</strong>!<br></div><div class="battle-history"><small>(Tapu Lele lost <abbr title="−16/48 pixels">31.3–35.3%</abbr> of its health!)</small><br></div><div class="spacer battle-history"><br></div><div class="battle-history">Tapu Lele used <strong>Psychic</strong>!<br></div><div class="battle-history"><small>(The opposing Zapdos lost <abbr title="−48/48 pixels">100%</abbr> of its health!)</small><br></div><div class="spacer battle-history"><br></div><div class="battle-history">The opposing Zapdos fainted!<br></div><div class="spacer battle-history"><br></div><div class="battle-history"><strong>ASnomPlaysShowdown</strong> won the battle!<br></div><div class="chat chatmessage-asnomplaysshowdown mine"><strong style="color:#1bb1b6"><small>☆</small><span class="username" data-name="ASnomPlaysShowdown">ASnomPlaysShowdown</span>:</strong> <em>Gg</em></div><div class="chat chatmessage-asnomplaysshowdown mine"><strong style="color:#1bb1b6"><small>☆</small><span class="username" data-name="ASnomPlaysShowdown">ASnomPlaysShowdown</span>:</strong> <em>lele clutch</em></div><div class="chat chatmessage-ry42"><strong style="color:#9727cf"><small>☆</small><span class="username" data-name="ry42">ry42</span>:</strong> <em>oh what the </em></div><div class="chat chatmessage-ry42"><strong style="color:#9727cf"><small>☆</small><span class="username" data-name="ry42">ry42</span>:</strong> <em>gg</em></div><div class="chat chatmessage-jae880305"><strong style="color:#7c53d9"><small> </small><span class="username" data-name="Jae880305">Jae880305</span>:</strong> <em>The crit mattered?</em></div><div class="chat chatmessage-asnomplaysshowdown mine"><strong style="color:#1bb1b6"><small>☆</small><span class="username" data-name="ASnomPlaysShowdown">ASnomPlaysShowdown</span>:</strong> <em>yeah</em></div><div class="chat chatmessage-analysisgeek"><strong style="color:#3e7fb9"><small> </small><span class="username" data-name="analysis geek">analysis geek</span>:</strong> <em>oh damn that died</em></div><div class="chat chatmessage-asnomplaysshowdown mine"><strong style="color:#1bb1b6"><small>☆</small><span class="username" data-name="ASnomPlaysShowdown">ASnomPlaysShowdown</span>:</strong> <em>i mean</em></div><div class="chat chatmessage-h2opulse"><strong style="color:#6e8c2b"><small> </small><span class="username" data-name="H2OPulse">H2OPulse</span>:</strong> <em>WHEW that was close!! Good game!!!</em></div><div class="chat chatmessage-asnomplaysshowdown mine"><strong style="color:#1bb1b6"><small>☆</small><span class="username" data-name="ASnomPlaysShowdown">ASnomPlaysShowdown</span>:</strong> <em>If i leak the ev spread</em></div><div class="chat"><small> Sticky Fingaa joined</small></div><div class="chat chatmessage-asnomplaysshowdown mine"><strong style="color:#1bb1b6"><small>☆</small><span class="username" data-name="ASnomPlaysShowdown">ASnomPlaysShowdown</span>:</strong> <em>i probably shouldn't</em></div><div class="chat chatmessage-jae880305"><strong style="color:#7c53d9"><small> </small><span class="username" data-name="Jae880305">Jae880305</span>:</strong> <em>Do so after finals</em></div><div class="chat chatmessage-asnomplaysshowdown mine"><strong style="color:#1bb1b6"><small>☆</small><span class="username" data-name="ASnomPlaysShowdown">ASnomPlaysShowdown</span>:</strong> <em>but like</em></div><div class="chat chatmessage-asnomplaysshowdown mine"><strong style="color:#1bb1b6"><small>☆</small><span class="username" data-name="ASnomPlaysShowdown">ASnomPlaysShowdown</span>:</strong> <em>yeah</em></div><div class="chat"><small> Sticky Fingaa,  Jae880305,  BlueRayVGC,  BlazingHero657, +inkbug1, and  Paul(Paulluxx) left</small></div><div class="chat"><small> analysis geek left</small></div></div><div class="inner-preempt message-log"></div></div></div>
</div>
<script>
let daily = Math.floor(Date.now()/1000/60/60/24);document.write('<script src="https://play.pokemonshowdown.com/js/replay-embed.js?version'+daily+'"></'+'script>');
</script>
