<!DOCTYPE html>
<meta charset="utf-8" />
<!-- version 1 -->
<title>[Gen 8] Megas for All replay: FierceHawk192 vs. Testes do bos.</title>
<style>
html,body {font-family:Verdana, sans-serif;font-size:10pt;margin:0;padding:0;}body{padding:12px 0;} .battle-log {font-family:Verdana, sans-serif;font-size:10pt;} .battle-log-inline {border:1px solid #AAAAAA;background:#EEF2F5;color:black;max-width:640px;margin:0 auto 80px;padding-bottom:5px;} .battle-log .inner {padding:4px 8px 0px 8px;} .battle-log .inner-preempt {padding:0 8px 4px 8px;} .battle-log .inner-after {margin-top:0.5em;} .battle-log h2 {margin:0.5em -8px;padding:4px 8px;border:1px solid #AAAAAA;background:#E0E7EA;border-left:0;border-right:0;font-family:Verdana, sans-serif;font-size:13pt;} .battle-log .chat {vertical-align:middle;padding:3px 0 3px 0;font-size:8pt;} .battle-log .chat strong {color:#40576A;} .battle-log .chat em {padding:1px 4px 1px 3px;color:#000000;font-style:normal;} .chat.mine {background:rgba(0,0,0,0.05);margin-left:-8px;margin-right:-8px;padding-left:8px;padding-right:8px;} .spoiler {color:#BBBBBB;background:#BBBBBB;padding:0px 3px;} .spoiler:hover, .spoiler:active, .spoiler-shown {color:#000000;background:#E2E2E2;padding:0px 3px;} .spoiler a {color:#BBBBBB;} .spoiler:hover a, .spoiler:active a, .spoiler-shown a {color:#2288CC;} .chat code, .chat .spoiler:hover code, .chat .spoiler:active code, .chat .spoiler-shown code {border:1px solid #C0C0C0;background:#EEEEEE;color:black;padding:0 2px;} .chat .spoiler code {border:1px solid #CCCCCC;background:#CCCCCC;color:#CCCCCC;} .battle-log .rated {padding:3px 4px;} .battle-log .rated strong {color:white;background:#89A;padding:1px 4px;border-radius:4px;} .spacer {margin-top:0.5em;} .message-announce {background:#6688AA;color:white;padding:1px 4px 2px;} .message-announce a, .broadcast-green a, .broadcast-blue a, .broadcast-red a {color:#DDEEFF;} .broadcast-green {background-color:#559955;color:white;padding:2px 4px;} .broadcast-blue {background-color:#6688AA;color:white;padding:2px 4px;} .infobox {border:1px solid #6688AA;padding:2px 4px;} .infobox-limited {max-height:200px;overflow:auto;overflow-x:hidden;} .broadcast-red {background-color:#AA5544;color:white;padding:2px 4px;} .message-learn-canlearn {font-weight:bold;color:#228822;text-decoration:underline;} .message-learn-cannotlearn {font-weight:bold;color:#CC2222;text-decoration:underline;} .message-effect-weak {font-weight:bold;color:#CC2222;} .message-effect-resist {font-weight:bold;color:#6688AA;} .message-effect-immune {font-weight:bold;color:#666666;} .message-learn-list {margin-top:0;margin-bottom:0;} .message-throttle-notice, .message-error {color:#992222;} .message-overflow, .chat small.message-overflow {font-size:0pt;} .message-overflow::before {font-size:9pt;content:'...';} .subtle {color:#3A4A66;}
</style>
<div class="wrapper replay-wrapper" style="max-width:1180px;margin:0 auto">
<input type="hidden" name="replayid" value="gen8megasforall-1318316444" />
<div class="battle"></div><div class="battle-log"></div><div class="replay-controls"></div><div class="replay-controls-2"></div>
<h1 style="font-weight:normal;text-align:center"><strong>[Gen 8] Megas for All</strong><br /><a href="http://pokemonshowdown.com/users/fiercehawk192" class="subtle" target="_blank">FierceHawk192</a> vs. <a href="http://pokemonshowdown.com/users/testesdobos" class="subtle" target="_blank">Testes do bos.</a></h1>
<script type="text/plain" class="battle-log-data">|j|☆FierceHawk192
|j|☆Testes do bos.
|t:|1617986557
|gametype|singles
|player|p1|FierceHawk192|acetrainer|
|player|p2|Testes do bos.|bugcatcher|
|teamsize|p1|6
|teamsize|p2|6
|gen|8
|tier|[Gen 8] Megas for All
|clearpoke
|poke|p1|Lycanroc-Dusk, F|
|poke|p1|Rotom-Heat|
|poke|p1|Metagross|
|poke|p1|Drifblim, M|
|poke|p1|Piloswine, F|
|poke|p1|Skuntank, F|
|poke|p2|Meowstic-F, F|
|poke|p2|Heatran, F|
|poke|p2|Umbreon, M|
|poke|p2|Suicune|
|poke|p2|Hoopa-Unbound|
|poke|p2|Avalugg, M|
|rule|HP Percentage Mod: HP is shown in percentages
|rule|Endless Battle Clause: Forcing endless battles is banned
|rule|OHKO Clause: OHKO moves are banned
|rule|Evasion Moves Clause: Evasion moves are banned
|rule|Species Clause: Limit one of each Pokémon
|rule|Dynamax Clause: You cannot dynamax
|rule|Sleep Clause Mod: Limit one foe put to sleep
|rule|Freeze Clause Mod: Limit one foe frozen
|raw|<img src="https:\/\/www.smogon.com\/forums\/attachments\/banner_2-png.302358\/" height="65" width="381">
|-message|Welcome to Megas for All!
|-message|This is a National Dex-based format where we aim to give a new Mega Evolution to every Pokémon.
|-message|Just like any official format, you can still only Mega Evolve one Pokémon per team!
|-message|You can find our thread and metagame resources here:
|-message|https:\/\/www.smogon.com\/forums\/threads\/3671140\/
|teampreview
|inactive|Battle timer is ON: inactive players will automatically lose when time's up. (requested by Testes do bos.)
|
|t:|1617986592
|start
|switch|p1a: Lycanroc|Lycanroc-Dusk, F|100\/100
|switch|p2a: Heatran|Heatran, F|100\/100
|turn|1
|
|t:|1617986605
|switch|p2a: Suicune|Suicune|100\/100
|-ability|p2a: Suicune|Pressure
|detailschange|p1a: Lycanroc|Lycanroc-Dusk-Mega, F
|-mega|p1a: Lycanroc|Lycanroc|Lycanite
|-ability|p1a: Lycanroc|Mold Breaker
|-start|p1a: Lycanroc|typechange|Rock\/Fighting|[silent]
|raw|<ul class="utilichart"><li class="result"><span class="col pokemonnamecol" style="white-space: nowrap">Lycanroc-Dusk-Mega<\/span> <span class="col typecol"><img src="https:\/\/play.pokemonshowdown.com\/sprites\/types\/Rock.png" alt="Rock" height="14" width="32"><img src="https:\/\/play.pokemonshowdown.com\/sprites\/types\/Fighting.png" alt="Fighting" height="14" width="32"><\/span> <span style="float: left ; min-height: 26px"><span class="col abilitycol">Mold Breaker<\/span><span class="col abilitycol"><\/span><\/span><span style="float: left ; min-height: 26px"><span class="col statcol"><em>HP<\/em><br>75<\/span> <span class="col statcol"><em>Atk<\/em><br>150<\/span> <span class="col statcol"><em>Def<\/em><br>80<\/span> <span class="col statcol"><em>SpA<\/em><br>65<\/span> <span class="col statcol"><em>SpD<\/em><br>75<\/span> <span class="col statcol"><em>Spe<\/em><br>142<\/span> <\/span><\/li><li style="clear: both"><\/li><\/ul>
|move|p1a: Lycanroc|Close Combat|p2a: Suicune
|-damage|p2a: Suicune|55\/100
|-unboost|p1a: Lycanroc|def|1
|-unboost|p1a: Lycanroc|spd|1
|
|-heal|p2a: Suicune|61\/100|[from] item: Leftovers
|upkeep
|turn|2
|
|t:|1617986623
|switch|p1a: Skuntank|Skuntank, F|100\/100
|move|p2a: Suicune|Scald|p1a: Skuntank
|-damage|p1a: Skuntank|68\/100
|-status|p1a: Skuntank|brn
|
|-heal|p1a: Skuntank|74\/100 brn|[from] item: Leftovers
|-heal|p2a: Suicune|68\/100|[from] item: Leftovers
|-damage|p1a: Skuntank|68\/100 brn|[from] brn
|upkeep
|turn|3
|inactive|Testes do bos. has 270 seconds left.
|
|t:|1617986671
|move|p1a: Skuntank|Toxic|p2a: Suicune
|-status|p2a: Suicune|tox
|move|p2a: Suicune|Calm Mind|p2a: Suicune
|-boost|p2a: Suicune|spa|1
|-boost|p2a: Suicune|spd|1
|
|-heal|p1a: Skuntank|74\/100 brn|[from] item: Leftovers
|-heal|p2a: Suicune|74\/100 tox|[from] item: Leftovers
|-damage|p1a: Skuntank|68\/100 brn|[from] brn
|-damage|p2a: Suicune|68\/100 tox|[from] psn
|upkeep
|turn|4
|
|t:|1617986687
|switch|p1a: Drifblim|Drifblim, M|100\/100
|move|p2a: Suicune|Calm Mind|p2a: Suicune
|-boost|p2a: Suicune|spa|1
|-boost|p2a: Suicune|spd|1
|
|-heal|p2a: Suicune|74\/100 tox|[from] item: Leftovers
|-damage|p2a: Suicune|61\/100 tox|[from] psn
|-status|p1a: Drifblim|brn|[from] item: Flame Orb
|upkeep
|turn|5
|
|t:|1617986703
|move|p1a: Drifblim|Trick|p2a: Suicune
|-activate|p1a: Drifblim|move: Trick|[of] p2a: Suicune
|-item|p2a: Suicune|Flame Orb|[from] move: Trick
|-item|p1a: Drifblim|Leftovers|[from] move: Trick
|move|p2a: Suicune|Scald|p1a: Drifblim
|-damage|p1a: Drifblim|39\/100 brn
|
|-heal|p1a: Drifblim|45\/100 brn|[from] item: Leftovers
|-damage|p1a: Drifblim|39\/100 brn|[from] brn
|-damage|p2a: Suicune|43\/100 tox|[from] psn
|upkeep
|turn|6
|
|t:|1617986715
|move|p1a: Drifblim|Shadow Ball|p2a: Suicune
|-damage|p2a: Suicune|23\/100 tox
|move|p2a: Suicune|Rest|p2a: Suicune
|-status|p2a: Suicune|slp|[from] move: Rest
|-heal|p2a: Suicune|100\/100 slp|[silent]
|
|-heal|p1a: Drifblim|45\/100 brn|[from] item: Leftovers
|-damage|p1a: Drifblim|39\/100 brn|[from] brn
|upkeep
|turn|7
|
|t:|1617986729
|switch|p1a: Metagross|Metagross|100\/100
|cant|p2a: Suicune|slp
|
|upkeep
|turn|8
|
|t:|1617986739
|cant|p2a: Suicune|slp
|move|p1a: Metagross|Meteor Mash|p2a: Suicune
|-resisted|p2a: Suicune
|-damage|p2a: Suicune|85\/100 slp
|-boost|p1a: Metagross|atk|1
|
|upkeep
|turn|9
|
|t:|1617986747
|-curestatus|p2a: Suicune|slp|[msg]
|move|p2a: Suicune|Scald|p1a: Metagross
|-damage|p1a: Metagross|47\/100
|-status|p1a: Metagross|brn
|move|p1a: Metagross|Meteor Mash|p2a: Suicune
|-resisted|p2a: Suicune
|-damage|p2a: Suicune|74\/100
|
|-heal|p1a: Metagross|54\/100 brn|[from] item: Leftovers
|-damage|p1a: Metagross|47\/100 brn|[from] brn
|-status|p2a: Suicune|brn|[from] item: Flame Orb
|upkeep
|turn|10
|
|t:|1617986761
|move|p2a: Suicune|Scald|p1a: Metagross
|-damage|p1a: Metagross|0 fnt
|faint|p1a: Metagross
|
|-damage|p2a: Suicune|68\/100 brn|[from] brn
|upkeep
|
|t:|1617986769
|switch|p1a: Rotom|Rotom-Heat|100\/100
|turn|11
|
|t:|1617986780
|move|p1a: Rotom|Volt Switch|p2a: Suicune
|-supereffective|p2a: Suicune
|-damage|p2a: Suicune|42\/100 brn
|
|t:|1617986785
|switch|p1a: Skuntank|Skuntank, F|68\/100 brn|[from]move: Volt Switch
|move|p2a: Suicune|Scald|p1a: Skuntank
|-damage|p1a: Skuntank|8\/100 brn
|
|-heal|p1a: Skuntank|14\/100 brn|[from] item: Leftovers
|-damage|p1a: Skuntank|8\/100 brn|[from] brn
|-damage|p2a: Suicune|36\/100 brn|[from] brn
|upkeep
|turn|12
|inactive|Testes do bos. has 270 seconds left.
|
|t:|1617986799
|move|p1a: Skuntank|Lash Out|p2a: Suicune
|-damage|p2a: Suicune|29\/100 brn
|move|p2a: Suicune|Rest|p2a: Suicune
|-status|p2a: Suicune|slp|[from] move: Rest
|-heal|p2a: Suicune|100\/100 slp|[silent]
|
|-heal|p1a: Skuntank|14\/100 brn|[from] item: Leftovers
|-damage|p1a: Skuntank|8\/100 brn|[from] brn
|upkeep
|turn|13
|inactive|Testes do bos. has 270 seconds left.
|
|t:|1617986813
|move|p1a: Skuntank|Lash Out|p2a: Suicune
|-damage|p2a: Suicune|94\/100 slp
|cant|p2a: Suicune|slp
|
|-heal|p1a: Skuntank|14\/100 brn|[from] item: Leftovers
|-damage|p1a: Skuntank|8\/100 brn|[from] brn
|upkeep
|turn|14
|inactive|Testes do bos. has 270 seconds left.
|
|t:|1617986822
|move|p1a: Skuntank|Lash Out|p2a: Suicune
|-damage|p2a: Suicune|88\/100 slp
|cant|p2a: Suicune|slp
|
|-heal|p1a: Skuntank|14\/100 brn|[from] item: Leftovers
|-damage|p1a: Skuntank|8\/100 brn|[from] brn
|upkeep
|turn|15
|
|t:|1617986832
|move|p1a: Skuntank|Lash Out|p2a: Suicune
|-damage|p2a: Suicune|81\/100 slp
|-curestatus|p2a: Suicune|slp|[msg]
|move|p2a: Suicune|Scald|p1a: Skuntank
|-damage|p1a: Skuntank|0 fnt
|faint|p1a: Skuntank
|
|-status|p2a: Suicune|brn|[from] item: Flame Orb
|upkeep
|
|t:|1617986837
|switch|p1a: Lycanroc|Lycanroc-Dusk-Mega, F|100\/100
|-start|p1a: Lycanroc|typechange|Rock\/Fighting|[silent]
|-ability|p1a: Lycanroc|Mold Breaker
|turn|16
|
|t:|1617986846
|move|p1a: Lycanroc|Taunt|p2a: Suicune
|-start|p2a: Suicune|move: Taunt
|move|p2a: Suicune|Scald|p1a: Lycanroc
|-supereffective|p1a: Lycanroc
|-damage|p1a: Lycanroc|0 fnt
|faint|p1a: Lycanroc
|
|-damage|p2a: Suicune|75\/100 brn|[from] brn
|upkeep
|
|t:|1617986854
|switch|p1a: Rotom|Rotom-Heat|100\/100
|turn|17
|
|t:|1617986875
|move|p1a: Rotom|Volt Switch|p2a: Suicune
|-supereffective|p2a: Suicune
|-damage|p2a: Suicune|48\/100 brn
|
|t:|1617986879
|switch|p1a: Drifblim|Drifblim, M|39\/100 brn|[from]move: Volt Switch
|move|p2a: Suicune|Scald|p1a: Drifblim
|-damage|p1a: Drifblim|0 fnt
|faint|p1a: Drifblim
|
|-damage|p2a: Suicune|42\/100 brn|[from] brn
|upkeep
|
|t:|1617986881
|switch|p1a: Piloswine|Piloswine, F|100\/100
|turn|18
|
|t:|1617986892
|move|p2a: Suicune|Scald|p1a: Piloswine
|-supereffective|p1a: Piloswine
|-damage|p1a: Piloswine|31\/100
|move|p1a: Piloswine|Earthquake|p2a: Suicune
|-damage|p2a: Suicune|15\/100 brn
|
|-damage|p2a: Suicune|9\/100 brn|[from] brn
|-end|p2a: Suicune|move: Taunt
|upkeep
|turn|19
|
|t:|1617986903
|move|p2a: Suicune|Rest|p2a: Suicune
|-status|p2a: Suicune|slp|[from] move: Rest
|-heal|p2a: Suicune|100\/100 slp|[silent]
|move|p1a: Piloswine|Curse|p1a: Piloswine
|-unboost|p1a: Piloswine|spe|1
|-boost|p1a: Piloswine|atk|1
|-boost|p1a: Piloswine|def|1
|
|upkeep
|turn|20
|
|t:|1617986912
|cant|p2a: Suicune|slp
|move|p1a: Piloswine|Curse|p1a: Piloswine
|-unboost|p1a: Piloswine|spe|1
|-boost|p1a: Piloswine|atk|1
|-boost|p1a: Piloswine|def|1
|
|upkeep
|turn|21
|
|t:|1617986919
|cant|p2a: Suicune|slp
|move|p1a: Piloswine|Earthquake|p2a: Suicune
|-damage|p2a: Suicune|50\/100 slp
|
|upkeep
|turn|22
|
|t:|1617986925
|-curestatus|p2a: Suicune|slp|[msg]
|move|p2a: Suicune|Scald|p1a: Piloswine
|-supereffective|p1a: Piloswine
|-damage|p1a: Piloswine|0 fnt
|faint|p1a: Piloswine
|
|-status|p2a: Suicune|brn|[from] item: Flame Orb
|upkeep
|
|t:|1617986930
|switch|p1a: Rotom|Rotom-Heat|100\/100
|turn|23
|c|☆Testes do bos.|gg
|
|t:|1617986940
|move|p1a: Rotom|Thunderbolt|p2a: Suicune
|-supereffective|p2a: Suicune
|-damage|p2a: Suicune|18\/100 brn
|move|p2a: Suicune|Scald|p1a: Rotom
|-supereffective|p1a: Rotom
|-damage|p1a: Rotom|0 fnt
|faint|p1a: Rotom
|
|win|Testes do bos.
|c|☆FierceHawk192|gg
</script>
</div>
<div class="battle-log battle-log-inline"><div class="inner"><div class="battle-options"></div><div class="inner message-log"><div class="chat"><small>☆FierceHawk192 and ☆Testes do bos. joined</small></div><div class=""><small>Format:</small> <br><strong>[Gen 8] Megas for All</strong></div><div class=""><small><em>HP Percentage Mod:</em> HP is shown in percentages</small></div><div class=""><small><em>Endless Battle Clause:</em> Forcing endless battles is banned</small></div><div class=""><small><em>OHKO Clause:</em> OHKO moves are banned</small></div><div class=""><small><em>Evasion Moves Clause:</em> Evasion moves are banned</small></div><div class=""><small><em>Species Clause:</em> Limit one of each Pokémon</small></div><div class=""><small><em>Dynamax Clause:</em> You cannot dynamax</small></div><div class=""><small><em>Sleep Clause Mod:</em> Limit one foe put to sleep</small></div><div class=""><small><em>Freeze Clause Mod:</em> Limit one foe frozen</small></div><div class="chat"><img src="https://www.smogon.com/forums/attachments/banner_2-png.302358/" height="65" width="381"></div><div class="spacer battle-history"><br></div><div class="battle-history"><small>Welcome to Megas for All!</small><br></div><div class="battle-history"><small>This is a National Dex-based format where we aim to give a new Mega Evolution to every Pokémon.</small><br></div><div class="battle-history"><small>Just like any official format, you can still only Mega Evolve one Pokémon per team!</small><br></div><div class="battle-history"><small>You can find our thread and metagame resources here:</small><br></div><div class="battle-history"><small>https://www.smogon.com/forums/threads/3671140/</small><br></div><div class="chat battle-history"><strong>FierceHawk192's team:</strong> <em style="color:#445566;display:block;">Lycanroc-Dusk / Rotom-Heat / Metagross / Drifblim / Piloswine / Skuntank</em></div><div class="chat battle-history"><strong>Testes do bos.'s team:</strong> <em style="color:#445566;display:block;">Meowstic-F / Heatran / Umbreon / Suicune / Hoopa-Unbound / Avalugg</em></div><div class="chat message-error">Battle timer is ON: inactive players will automatically lose when time's up. (requested by Testes do bos.)</div><div class="spacer battle-history"><br></div><div class="battle-history">Battle started between FierceHawk192 and Testes do bos.!<br></div><div class="spacer battle-history"><br></div><div class="battle-history">Go! Lycanroc (<strong>Lycanroc-Dusk</strong>)!<br></div><div class="spacer battle-history"><br></div><div class="battle-history">Testes do bos. sent out <strong>Heatran</strong>!<br></div><div class="spacer battle-history"><br></div><h2 class="battle-history">Turn 1</h2><div class="spacer battle-history"><br></div><div class="battle-history">Testes do bos. withdrew Heatran!<br></div><div class="battle-history">Testes do bos. sent out <strong>Suicune</strong>!<br></div><div class="battle-history">[The opposing Suicune's Pressure]<br><small>The opposing Suicune is exerting its pressure!</small><br></div><div class="spacer battle-history"><br></div><div class="battle-history"><small>Lycanroc's Lycanite is reacting to the Key Stone!</small><br>Lycanroc has Mega Evolved into Mega Lycanroc!<br></div><div class="battle-history">[Lycanroc's Mold Breaker]<br><small>Lycanroc breaks the mold!</small><br></div><div class="chat"><ul class="utilichart"><li class="result"><span class="col pokemonnamecol">Lycanroc-Dusk-Mega</span> <span class="col typecol"><img src="https://play.pokemonshowdown.com/sprites/types/Rock.png" alt="Rock" height="14" width="32"><img src="https://play.pokemonshowdown.com/sprites/types/Fighting.png" alt="Fighting" height="14" width="32"></span> <span><span class="col abilitycol">Mold Breaker</span><span class="col abilitycol"></span></span><span><span class="col statcol"><em>HP</em><br>75</span> <span class="col statcol"><em>Atk</em><br>150</span> <span class="col statcol"><em>Def</em><br>80</span> <span class="col statcol"><em>SpA</em><br>65</span> <span class="col statcol"><em>SpD</em><br>75</span> <span class="col statcol"><em>Spe</em><br>142</span> </span></li><li></li></ul></div><div class="spacer battle-history"><br></div><div class="battle-history">Lycanroc used <strong>Close Combat</strong>!<br></div><div class="battle-history"><small>(The opposing Suicune lost 45% of its health!)</small><br></div><div class="battle-history"><small>Lycanroc's Defense fell!</small><br></div><div class="battle-history"><small>Lycanroc's Sp. Def fell!</small><br></div><div class="spacer battle-history"><br></div><div class="battle-history"><small>The opposing Suicune restored a little HP using its Leftovers!</small><br></div><div class="spacer battle-history"><br></div><h2 class="battle-history">Turn 2</h2><div class="spacer battle-history"><br></div><div class="battle-history">Lycanroc, come back!<br></div><div class="battle-history">Go! <strong>Skuntank</strong>!<br></div><div class="spacer battle-history"><br></div><div class="battle-history">The opposing Suicune used <strong>Scald</strong>!<br></div><div class="battle-history"><small>(Skuntank lost 32% of its health!)</small><br></div><div class="battle-history"><small>Skuntank was burned!</small><br></div><div class="spacer battle-history"><br></div><div class="battle-history"><small>Skuntank restored a little HP using its Leftovers!</small><br></div><div class="battle-history"><small>The opposing Suicune restored a little HP using its Leftovers!</small><br></div><div class="battle-history"><small>Skuntank was hurt by its burn!</small><br></div><div class="spacer battle-history"><br></div><h2 class="battle-history">Turn 3</h2><div class="chat message-error">Testes do bos. has 270 seconds left.</div><div class="spacer battle-history"><br></div><div class="battle-history">Skuntank used <strong>Toxic</strong>!<br></div><div class="battle-history"><small>The opposing Suicune was badly poisoned!</small><br></div><div class="spacer battle-history"><br></div><div class="battle-history">The opposing Suicune used <strong>Calm Mind</strong>!<br></div><div class="battle-history"><small>The opposing Suicune's Sp. Atk rose!</small><br></div><div class="battle-history"><small>The opposing Suicune's Sp. Def rose!</small><br></div><div class="spacer battle-history"><br></div><div class="battle-history"><small>Skuntank restored a little HP using its Leftovers!</small><br></div><div class="battle-history"><small>The opposing Suicune restored a little HP using its Leftovers!</small><br></div><div class="battle-history"><small>Skuntank was hurt by its burn!</small><br></div><div class="battle-history"><small>The opposing Suicune was hurt by poison!</small><br></div><div class="spacer battle-history"><br></div><h2 class="battle-history">Turn 4</h2><div class="spacer battle-history"><br></div><div class="battle-history">Skuntank, come back!<br></div><div class="battle-history">Go! <strong>Drifblim</strong>!<br></div><div class="spacer battle-history"><br></div><div class="battle-history">The opposing Suicune used <strong>Calm Mind</strong>!<br></div><div class="battle-history"><small>The opposing Suicune's Sp. Atk rose!</small><br></div><div class="battle-history"><small>The opposing Suicune's Sp. Def rose!</small><br></div><div class="spacer battle-history"><br></div><div class="battle-history"><small>The opposing Suicune restored a little HP using its Leftovers!</small><br></div><div class="battle-history"><small>The opposing Suicune was hurt by poison!</small><br></div><div class="battle-history"><small>Drifblim was burned!</small><br></div><div class="spacer battle-history"><br></div><h2 class="battle-history">Turn 5</h2><div class="spacer battle-history"><br></div><div class="battle-history">Drifblim used <strong>Trick</strong>!<br></div><div class="battle-history"><small>Drifblim switched items with its target!</small><br></div><div class="battle-history"><small>The opposing Suicune obtained one Flame Orb.</small><br></div><div class="battle-history"><small>Drifblim obtained one Leftovers.</small><br></div><div class="spacer battle-history"><br></div><div class="battle-history">The opposing Suicune used <strong>Scald</strong>!<br></div><div class="battle-history"><small>(Drifblim lost 61% of its health!)</small><br></div><div class="spacer battle-history"><br></div><div class="battle-history"><small>Drifblim restored a little HP using its Leftovers!</small><br></div><div class="battle-history"><small>Drifblim was hurt by its burn!</small><br></div><div class="battle-history"><small>The opposing Suicune was hurt by poison!</small><br></div><div class="spacer battle-history"><br></div><h2 class="battle-history">Turn 6</h2><div class="spacer battle-history"><br></div><div class="battle-history">Drifblim used <strong>Shadow Ball</strong>!<br></div><div class="battle-history"><small>(The opposing Suicune lost 20% of its health!)</small><br></div><div class="spacer battle-history"><br></div><div class="battle-history">The opposing Suicune used <strong>Rest</strong>!<br></div><div class="battle-history"><small>The opposing Suicune slept and became healthy!</small><br></div><div class="spacer battle-history"><br></div><div class="battle-history"><small>Drifblim restored a little HP using its Leftovers!</small><br></div><div class="battle-history"><small>Drifblim was hurt by its burn!</small><br></div><div class="spacer battle-history"><br></div><h2 class="battle-history">Turn 7</h2><div class="spacer battle-history"><br></div><div class="battle-history">Drifblim, come back!<br></div><div class="battle-history">Go! <strong>Metagross</strong>!<br></div><div class="spacer battle-history"><br></div><div class="battle-history">The opposing Suicune is fast asleep.<br></div><div class="spacer battle-history"><br></div><h2 class="battle-history">Turn 8</h2><div class="spacer battle-history"><br></div><div class="battle-history">The opposing Suicune is fast asleep.<br></div><div class="spacer battle-history"><br></div><div class="battle-history">Metagross used <strong>Meteor Mash</strong>!<br></div><div class="battle-history"><small>It's not very effective...</small><br></div><div class="battle-history"><small>(The opposing Suicune lost 15% of its health!)</small><br></div><div class="battle-history"><small>Metagross's Attack rose!</small><br></div><div class="spacer battle-history"><br></div><h2 class="battle-history">Turn 9</h2><div class="spacer battle-history"><br></div><div class="battle-history"><small>The opposing Suicune woke up!</small><br></div><div class="spacer battle-history"><br></div><div class="battle-history">The opposing Suicune used <strong>Scald</strong>!<br></div><div class="battle-history"><small>(Metagross lost 53% of its health!)</small><br></div><div class="battle-history"><small>Metagross was burned!</small><br></div><div class="spacer battle-history"><br></div><div class="battle-history">Metagross used <strong>Meteor Mash</strong>!<br></div><div class="battle-history"><small>It's not very effective...</small><br></div><div class="battle-history"><small>(The opposing Suicune lost 11% of its health!)</small><br></div><div class="spacer battle-history"><br></div><div class="battle-history"><small>Metagross restored a little HP using its Leftovers!</small><br></div><div class="battle-history"><small>Metagross was hurt by its burn!</small><br></div><div class="battle-history"><small>The opposing Suicune was burned!</small><br></div><div class="spacer battle-history"><br></div><h2 class="battle-history">Turn 10</h2><div class="spacer battle-history"><br></div><div class="battle-history">The opposing Suicune used <strong>Scald</strong>!<br></div><div class="battle-history"><small>(Metagross lost 47% of its health!)</small><br></div><div class="spacer battle-history"><br></div><div class="battle-history">Metagross fainted!<br></div><div class="spacer battle-history"><br></div><div class="battle-history"><small>The opposing Suicune was hurt by its burn!</small><br></div><div class="spacer battle-history"><br></div><div class="battle-history">Go! Rotom (<strong>Rotom-Heat</strong>)!<br></div><div class="spacer battle-history"><br></div><h2 class="battle-history">Turn 11</h2><div class="spacer battle-history"><br></div><div class="battle-history">Rotom used <strong>Volt Switch</strong>!<br></div><div class="battle-history"><small>It's super effective!</small><br></div><div class="battle-history"><small>(The opposing Suicune lost 26% of its health!)</small><br></div><div class="spacer battle-history"><br></div><div class="battle-history">Rotom went back to FierceHawk192!<br></div><div class="battle-history">Go! <strong>Skuntank</strong>!<br></div><div class="spacer battle-history"><br></div><div class="battle-history">The opposing Suicune used <strong>Scald</strong>!<br></div><div class="battle-history"><small>(Skuntank lost 60% of its health!)</small><br></div><div class="spacer battle-history"><br></div><div class="battle-history"><small>Skuntank restored a little HP using its Leftovers!</small><br></div><div class="battle-history"><small>Skuntank was hurt by its burn!</small><br></div><div class="battle-history"><small>The opposing Suicune was hurt by its burn!</small><br></div><div class="spacer battle-history"><br></div><h2 class="battle-history">Turn 12</h2><div class="chat message-error">Testes do bos. has 270 seconds left.</div><div class="spacer battle-history"><br></div><div class="battle-history">Skuntank used <strong>Lash Out</strong>!<br></div><div class="battle-history"><small>(The opposing Suicune lost 7% of its health!)</small><br></div><div class="spacer battle-history"><br></div><div class="battle-history">The opposing Suicune used <strong>Rest</strong>!<br></div><div class="battle-history"><small>The opposing Suicune slept and became healthy!</small><br></div><div class="spacer battle-history"><br></div><div class="battle-history"><small>Skuntank restored a little HP using its Leftovers!</small><br></div><div class="battle-history"><small>Skuntank was hurt by its burn!</small><br></div><div class="spacer battle-history"><br></div><h2 class="battle-history">Turn 13</h2><div class="chat message-error">Testes do bos. has 270 seconds left.</div><div class="spacer battle-history"><br></div><div class="battle-history">Skuntank used <strong>Lash Out</strong>!<br></div><div class="battle-history"><small>(The opposing Suicune lost 6% of its health!)</small><br></div><div class="spacer battle-history"><br></div><div class="battle-history">The opposing Suicune is fast asleep.<br></div><div class="spacer battle-history"><br></div><div class="battle-history"><small>Skuntank restored a little HP using its Leftovers!</small><br></div><div class="battle-history"><small>Skuntank was hurt by its burn!</small><br></div><div class="spacer battle-history"><br></div><h2 class="battle-history">Turn 14</h2><div class="chat message-error">Testes do bos. has 270 seconds left.</div><div class="spacer battle-history"><br></div><div class="battle-history">Skuntank used <strong>Lash Out</strong>!<br></div><div class="battle-history"><small>(The opposing Suicune lost 6% of its health!)</small><br></div><div class="spacer battle-history"><br></div><div class="battle-history">The opposing Suicune is fast asleep.<br></div><div class="spacer battle-history"><br></div><div class="battle-history"><small>Skuntank restored a little HP using its Leftovers!</small><br></div><div class="battle-history"><small>Skuntank was hurt by its burn!</small><br></div><div class="spacer battle-history"><br></div><h2 class="battle-history">Turn 15</h2><div class="spacer battle-history"><br></div><div class="battle-history">Skuntank used <strong>Lash Out</strong>!<br></div><div class="battle-history"><small>(The opposing Suicune lost 7% of its health!)</small><br></div><div class="battle-history"><small>The opposing Suicune woke up!</small><br></div><div class="spacer battle-history"><br></div><div class="battle-history">The opposing Suicune used <strong>Scald</strong>!<br></div><div class="battle-history"><small>(Skuntank lost 8% of its health!)</small><br></div><div class="spacer battle-history"><br></div><div class="battle-history">Skuntank fainted!<br></div><div class="spacer battle-history"><br></div><div class="battle-history"><small>The opposing Suicune was burned!</small><br></div><div class="spacer battle-history"><br></div><div class="battle-history">Go! Lycanroc (<strong>Lycanroc-Dusk-Mega</strong>)!<br></div><div class="battle-history">[Lycanroc's Mold Breaker]<br><small>Lycanroc breaks the mold!</small><br></div><div class="spacer battle-history"><br></div><h2 class="battle-history">Turn 16</h2><div class="spacer battle-history"><br></div><div class="battle-history">Lycanroc used <strong>Taunt</strong>!<br></div><div class="battle-history"><small>The opposing Suicune fell for the taunt!</small><br></div><div class="spacer battle-history"><br></div><div class="battle-history">The opposing Suicune used <strong>Scald</strong>!<br></div><div class="battle-history"><small>It's super effective!</small><br></div><div class="battle-history"><small>(Lycanroc lost 100% of its health!)</small><br></div><div class="spacer battle-history"><br></div><div class="battle-history">Lycanroc fainted!<br></div><div class="spacer battle-history"><br></div><div class="battle-history"><small>The opposing Suicune was hurt by its burn!</small><br></div><div class="spacer battle-history"><br></div><div class="battle-history">Go! Rotom (<strong>Rotom-Heat</strong>)!<br></div><div class="spacer battle-history"><br></div><h2 class="battle-history">Turn 17</h2><div class="spacer battle-history"><br></div><div class="battle-history">Rotom used <strong>Volt Switch</strong>!<br></div><div class="battle-history"><small>It's super effective!</small><br></div><div class="battle-history"><small>(The opposing Suicune lost 27% of its health!)</small><br></div><div class="spacer battle-history"><br></div><div class="battle-history">Rotom went back to FierceHawk192!<br></div><div class="battle-history">Go! <strong>Drifblim</strong>!<br></div><div class="spacer battle-history"><br></div><div class="battle-history">The opposing Suicune used <strong>Scald</strong>!<br></div><div class="battle-history"><small>(Drifblim lost 39% of its health!)</small><br></div><div class="spacer battle-history"><br></div><div class="battle-history">Drifblim fainted!<br></div><div class="spacer battle-history"><br></div><div class="battle-history"><small>The opposing Suicune was hurt by its burn!</small><br></div><div class="spacer battle-history"><br></div><div class="battle-history">Go! <strong>Piloswine</strong>!<br></div><div class="spacer battle-history"><br></div><h2 class="battle-history">Turn 18</h2><div class="spacer battle-history"><br></div><div class="battle-history">The opposing Suicune used <strong>Scald</strong>!<br></div><div class="battle-history"><small>It's super effective!</small><br></div><div class="battle-history"><small>(Piloswine lost 69% of its health!)</small><br></div><div class="spacer battle-history"><br></div><div class="battle-history">Piloswine used <strong>Earthquake</strong>!<br></div><div class="battle-history"><small>(The opposing Suicune lost 27% of its health!)</small><br></div><div class="spacer battle-history"><br></div><div class="battle-history"><small>The opposing Suicune was hurt by its burn!</small><br></div><div class="battle-history"><small>The opposing Suicune shook off the taunt!</small><br></div><div class="spacer battle-history"><br></div><h2 class="battle-history">Turn 19</h2><div class="spacer battle-history"><br></div><div class="battle-history">The opposing Suicune used <strong>Rest</strong>!<br></div><div class="battle-history"><small>The opposing Suicune slept and became healthy!</small><br></div><div class="spacer battle-history"><br></div><div class="battle-history">Piloswine used <strong>Curse</strong>!<br></div><div class="battle-history"><small>Piloswine's Speed fell!</small><br></div><div class="battle-history"><small>Piloswine's Attack rose!</small><br></div><div class="battle-history"><small>Piloswine's Defense rose!</small><br></div><div class="spacer battle-history"><br></div><h2 class="battle-history">Turn 20</h2><div class="spacer battle-history"><br></div><div class="battle-history">The opposing Suicune is fast asleep.<br></div><div class="spacer battle-history"><br></div><div class="battle-history">Piloswine used <strong>Curse</strong>!<br></div><div class="battle-history"><small>Piloswine's Speed fell!</small><br></div><div class="battle-history"><small>Piloswine's Attack rose!</small><br></div><div class="battle-history"><small>Piloswine's Defense rose!</small><br></div><div class="spacer battle-history"><br></div><h2 class="battle-history">Turn 21</h2><div class="spacer battle-history"><br></div><div class="battle-history">The opposing Suicune is fast asleep.<br></div><div class="spacer battle-history"><br></div><div class="battle-history">Piloswine used <strong>Earthquake</strong>!<br></div><div class="battle-history"><small>(The opposing Suicune lost 50% of its health!)</small><br></div><div class="spacer battle-history"><br></div><h2 class="battle-history">Turn 22</h2><div class="spacer battle-history"><br></div><div class="battle-history"><small>The opposing Suicune woke up!</small><br></div><div class="spacer battle-history"><br></div><div class="battle-history">The opposing Suicune used <strong>Scald</strong>!<br></div><div class="battle-history"><small>It's super effective!</small><br></div><div class="battle-history"><small>(Piloswine lost 31% of its health!)</small><br></div><div class="spacer battle-history"><br></div><div class="battle-history">Piloswine fainted!<br></div><div class="spacer battle-history"><br></div><div class="battle-history"><small>The opposing Suicune was burned!</small><br></div><div class="spacer battle-history"><br></div><div class="battle-history">Go! Rotom (<strong>Rotom-Heat</strong>)!<br></div><div class="spacer battle-history"><br></div><h2 class="battle-history">Turn 23</h2><div class="chat chatmessage-testesdobos"><strong style="color:#c224af"><small>☆</small><span class="username" data-name="Testes do bos.">Testes do bos.</span>:</strong> <em>gg</em></div><div class="spacer battle-history"><br></div><div class="battle-history">Rotom used <strong>Thunderbolt</strong>!<br></div><div class="battle-history"><small>It's super effective!</small><br></div><div class="battle-history"><small>(The opposing Suicune lost 32% of its health!)</small><br></div><div class="spacer battle-history"><br></div><div class="battle-history">The opposing Suicune used <strong>Scald</strong>!<br></div><div class="battle-history"><small>It's super effective!</small><br></div><div class="battle-history"><small>(Rotom lost 100% of its health!)</small><br></div><div class="spacer battle-history"><br></div><div class="battle-history">Rotom fainted!<br></div><div class="spacer battle-history"><br></div><div class="battle-history"><strong>Testes do bos.</strong> won the battle!<br></div><div class="chat chatmessage-fiercehawk192"><strong style="color:#10a683"><small>☆</small><span class="username" data-name="FierceHawk192">FierceHawk192</span>:</strong> <em>gg</em></div></div><div class="inner-preempt message-log"></div></div></div>
</div>
<script>
let daily = Math.floor(Date.now()/1000/60/60/24);document.write('<script src="https://play.pokemonshowdown.com/js/replay-embed.js?version'+daily+'"></'+'script>');
</script>
