<!DOCTYPE html>
<meta charset="utf-8" />
<!-- version 1 -->
<title>[Gen 8] Megas for All replay: BlaueBrause vs. Mossy Sandwich</title>
<style>
html,body {font-family:Verdana, sans-serif;font-size:10pt;margin:0;padding:0;}body{padding:12px 0;} .battle-log {font-family:Verdana, sans-serif;font-size:10pt;} .battle-log-inline {border:1px solid #AAAAAA;background:#EEF2F5;color:black;max-width:640px;margin:0 auto 80px;padding-bottom:5px;} .battle-log .inner {padding:4px 8px 0px 8px;} .battle-log .inner-preempt {padding:0 8px 4px 8px;} .battle-log .inner-after {margin-top:0.5em;} .battle-log h2 {margin:0.5em -8px;padding:4px 8px;border:1px solid #AAAAAA;background:#E0E7EA;border-left:0;border-right:0;font-family:Verdana, sans-serif;font-size:13pt;} .battle-log .chat {vertical-align:middle;padding:3px 0 3px 0;font-size:8pt;} .battle-log .chat strong {color:#40576A;} .battle-log .chat em {padding:1px 4px 1px 3px;color:#000000;font-style:normal;} .chat.mine {background:rgba(0,0,0,0.05);margin-left:-8px;margin-right:-8px;padding-left:8px;padding-right:8px;} .spoiler {color:#BBBBBB;background:#BBBBBB;padding:0px 3px;} .spoiler:hover, .spoiler:active, .spoiler-shown {color:#000000;background:#E2E2E2;padding:0px 3px;} .spoiler a {color:#BBBBBB;} .spoiler:hover a, .spoiler:active a, .spoiler-shown a {color:#2288CC;} .chat code, .chat .spoiler:hover code, .chat .spoiler:active code, .chat .spoiler-shown code {border:1px solid #C0C0C0;background:#EEEEEE;color:black;padding:0 2px;} .chat .spoiler code {border:1px solid #CCCCCC;background:#CCCCCC;color:#CCCCCC;} .battle-log .rated {padding:3px 4px;} .battle-log .rated strong {color:white;background:#89A;padding:1px 4px;border-radius:4px;} .spacer {margin-top:0.5em;} .message-announce {background:#6688AA;color:white;padding:1px 4px 2px;} .message-announce a, .broadcast-green a, .broadcast-blue a, .broadcast-red a {color:#DDEEFF;} .broadcast-green {background-color:#559955;color:white;padding:2px 4px;} .broadcast-blue {background-color:#6688AA;color:white;padding:2px 4px;} .infobox {border:1px solid #6688AA;padding:2px 4px;} .infobox-limited {max-height:200px;overflow:auto;overflow-x:hidden;} .broadcast-red {background-color:#AA5544;color:white;padding:2px 4px;} .message-learn-canlearn {font-weight:bold;color:#228822;text-decoration:underline;} .message-learn-cannotlearn {font-weight:bold;color:#CC2222;text-decoration:underline;} .message-effect-weak {font-weight:bold;color:#CC2222;} .message-effect-resist {font-weight:bold;color:#6688AA;} .message-effect-immune {font-weight:bold;color:#666666;} .message-learn-list {margin-top:0;margin-bottom:0;} .message-throttle-notice, .message-error {color:#992222;} .message-overflow, .chat small.message-overflow {font-size:0pt;} .message-overflow::before {font-size:9pt;content:'...';} .subtle {color:#3A4A66;}
</style>
<div class="wrapper replay-wrapper" style="max-width:1180px;margin:0 auto">
<input type="hidden" name="replayid" value="dragonheaven-gen8megasforall-838" />
<div class="battle"></div><div class="battle-log"></div><div class="replay-controls"></div><div class="replay-controls-2"></div>
<h1 style="font-weight:normal;text-align:center"><strong>[Gen 8] Megas for All</strong><br /><a href="http://pokemonshowdown.com/users/blauebrause" class="subtle" target="_blank">BlaueBrause</a> vs. <a href="http://pokemonshowdown.com/users/mossysandwich" class="subtle" target="_blank">Mossy Sandwich</a></h1>
<script type="text/plain" class="battle-log-data">|j|☆BlaueBrause
|j|☆Mossy Sandwich
|t:|1610829997
|player|p1|BlaueBrause|psychic|
|player|p2|Mossy Sandwich|2|
|teamsize|p1|6
|teamsize|p2|6
|gametype|singles
|gen|8
|tier|[Gen 8] Megas for All
|clearpoke
|poke|p1|Dragonite, F|
|poke|p1|Clefable, F|
|poke|p1|Tapu Fini|
|poke|p1|Zapdos|
|poke|p1|Volcarona, M|
|poke|p1|Excadrill, M|
|poke|p2|Talonflame, M|
|poke|p2|Rillaboom, F|
|poke|p2|Corviknight, M|
|poke|p2|Blissey, F|
|poke|p2|Greninja, M|
|poke|p2|Landorus-Therian, M|
|rule|HP Percentage Mod: HP is shown in percentages
|rule|Endless Battle Clause: Forcing endless battles is banned
|rule|OHKO Clause: OHKO moves are banned
|rule|Evasion Moves Clause: Evasion moves are banned
|rule|Species Clause: Limit one of each Pokémon
|rule|Dynamax Clause: You cannot dynamax
|rule|Sleep Clause Mod: Limit one foe put to sleep
|rule|Freeze Clause Mod: Limit one foe frozen
|raw|<img src="https:\/\/www.smogon.com\/forums\/attachments\/banner_2-png.302358\/" height="65" width="381">
|-message|Welcome to Megas for All!
|-message|This is a National Dex-based format where we aim to give a new Mega Evolution to every Pokémon.
|-message|Just like any official format, you can still only Mega Evolve one Pokémon per team!
|-message|You can find our thread and metagame resources here:
|-message|https:\/\/www.smogon.com\/forums\/threads\/3671140\/
|teampreview
|c|☆Mossy Sandwich|gl hf!
|j|+inkbug1

|c|☆BlaueBrause|glhf!
|
|t:|1610830047
|start
|switch|p1a: Oracle of Delphi|Tapu Fini|100\/100
|switch|p2a: Talonflame|Talonflame, M|100\/100
|-fieldstart|move: Misty Terrain|[from] ability: Misty Surge|[of] p1a: Oracle of Delphi
|turn|1
|j| Cosmo☆Stars
|
|t:|1610830059
|detailschange|p2a: Talonflame|Talonflame-Mega, M
|-mega|p2a: Talonflame|Talonflame|Talonflite
|-start|p2a: Talonflame|typechange|Fire\/Flying|[silent]
|raw|<ul class="utilichart"><li class="result"><span class="col pokemonnamecol" style="white-space: nowrap">Talonflame-Mega<\/span> <span class="col typecol"><img src="https:\/\/play.pokemonshowdown.com\/sprites\/types\/Fire.png" alt="Fire" height="14" width="32"><img src="https:\/\/play.pokemonshowdown.com\/sprites\/types\/Flying.png" alt="Flying" height="14" width="32"><\/span> <span style="float: left ; min-height: 26px"><span class="col abilitycol">Bird of Prey<\/span><span class="col abilitycol"><\/span><\/span><span style="float: left ; min-height: 26px"><span class="col statcol"><em>HP<\/em><br>78<\/span> <span class="col statcol"><em>Atk<\/em><br>81<\/span> <span class="col statcol"><em>Def<\/em><br>71<\/span> <span class="col statcol"><em>SpA<\/em><br>134<\/span> <span class="col statcol"><em>SpD<\/em><br>69<\/span> <span class="col statcol"><em>Spe<\/em><br>166<\/span> <\/span><\/li><li style="clear: both"><\/li><\/ul>
|move|p2a: Talonflame|U-turn|p1a: Oracle of Delphi
|-resisted|p1a: Oracle of Delphi
|-damage|p1a: Oracle of Delphi|96\/100
|
|t:|1610830063
|switch|p2a: Corviknight|Corviknight, M|100\/100|[from]move: U-turn
|-ability|p2a: Corviknight|Pressure
|move|p1a: Oracle of Delphi|Scald|p2a: Corviknight
|-damage|p2a: Corviknight|73\/100
|
|-heal|p1a: Oracle of Delphi|100\/100|[from] item: Leftovers
|-heal|p2a: Corviknight|79\/100|[from] item: Leftovers
|upkeep
|turn|2
|
|t:|1610830076
|switch|p2a: Blissey|Blissey, F|100\/100
|move|p1a: Oracle of Delphi|Scald|p2a: Blissey
|-damage|p2a: Blissey|90\/100
|
|upkeep
|turn|3
|
|t:|1610830087
|move|p1a: Oracle of Delphi|Taunt|p2a: Blissey
|-start|p2a: Blissey|move: Taunt
|cant|p2a: Blissey|move: Taunt|Teleport
|
|upkeep
|turn|4
|
|t:|1610830094
|switch|p1a: ...|Excadrill, M|100\/100
|-ability|p1a: ...|Mold Breaker
|switch|p2a: Rillaboom|Rillaboom, F|100\/100
|-fieldstart|move: Grassy Terrain|[from] ability: Grassy Surge|[of] p2a: Rillaboom
|
|upkeep
|turn|5
|c| Cosmo☆Stars|dat bird got a sanic complex
|
|t:|1610830103
|move|p1a: ...|Protect|p1a: ...
|-singleturn|p1a: ...|Protect
|move|p2a: Rillaboom|U-turn|p1a: ...
|-activate|p1a: ...|move: Protect
|
|upkeep
|turn|6
|
|t:|1610830114
|switch|p1a: Guitar Hero|Zapdos|100\/100
|switch|p2a: Corviknight|Corviknight, M|79\/100
|-ability|p2a: Corviknight|Pressure
|
|-heal|p2a: Corviknight|86\/100|[from] item: Leftovers
|upkeep
|turn|7
|
|t:|1610830130
|switch|p2a: Landorus|Landorus-Therian, M|100\/100
|-ability|p2a: Landorus|Intimidate|boost
|-unboost|p1a: Guitar Hero|atk|1
|move|p1a: Guitar Hero|Discharge|p2a: Landorus
|-immune|p2a: Landorus
|
|upkeep
|turn|8
|
|t:|1610830138
|move|p2a: Landorus|Swords Dance|p2a: Landorus
|-boost|p2a: Landorus|atk|2
|move|p1a: Guitar Hero|Hidden Power|p2a: Landorus
|-supereffective|p2a: Landorus
|-damage|p2a: Landorus|10\/100
|
|-fieldend|move: Grassy Terrain
|upkeep
|turn|9
|
|t:|1610830155
|switch|p1a: ...|Excadrill, M|100\/100
|-ability|p1a: ...|Mold Breaker
|move|p2a: Landorus|Stone Edge|p1a: ...|[miss]
|-miss|p2a: Landorus|p1a: ...
|
|upkeep
|turn|10
|
|t:|1610830165
|move|p1a: ...|Protect|p1a: ...
|-singleturn|p1a: ...|Protect
|move|p2a: Landorus|Earthquake|p1a: ...
|-activate|p1a: ...|move: Protect
|
|upkeep
|turn|11
|
|t:|1610830171
|move|p1a: ...|Iron Head|p2a: Landorus
|-damage|p2a: Landorus|0 fnt
|faint|p2a: Landorus
|
|upkeep
|
|t:|1610830173
|switch|p2a: Talonflame|Talonflame-Mega, M|100\/100
|-start|p2a: Talonflame|typechange|Fire\/Flying|[silent]
|turn|12
|
|t:|1610830178
|move|p1a: ...|Protect|p1a: ...
|-singleturn|p1a: ...|Protect
|move|p2a: Talonflame|U-turn|p1a: ...
|-activate|p1a: ...|move: Protect
|
|upkeep
|turn|13
|j| pokisokis
|c|☆BlaueBrause|was that adamant?
|c|☆Mossy Sandwich|yes
|
|t:|1610830192
|switch|p1a: Oracle of Delphi|Tapu Fini|100\/100
|-fieldstart|move: Misty Terrain|[from] ability: Misty Surge|[of] p1a: Oracle of Delphi
|move|p2a: Talonflame|Overheat|p1a: Oracle of Delphi
|-resisted|p1a: Oracle of Delphi
|-damage|p1a: Oracle of Delphi|73\/100
|-unboost|p2a: Talonflame|spa|2
|
|-heal|p1a: Oracle of Delphi|79\/100|[from] item: Leftovers
|upkeep
|turn|14
|
|t:|1610830202
|move|p2a: Talonflame|U-turn|p1a: Oracle of Delphi
|-resisted|p1a: Oracle of Delphi
|-damage|p1a: Oracle of Delphi|74\/100
|
|t:|1610830205
|switch|p2a: Blissey|Blissey, F|90\/100|[from]move: U-turn
|move|p1a: Oracle of Delphi|Taunt|p2a: Blissey
|-start|p2a: Blissey|move: Taunt
|
|-heal|p1a: Oracle of Delphi|80\/100|[from] item: Leftovers
|upkeep
|turn|15
|
|t:|1610830217
|switch|p1a: ...|Excadrill, M|100\/100
|-ability|p1a: ...|Mold Breaker
|move|p2a: Blissey|Seismic Toss|p1a: ...
|-damage|p1a: ...|73\/100
|
|-heal|p1a: ...|79\/100|[from] item: Leftovers
|upkeep
|turn|16
|
|t:|1610830225
|switch|p2a: Corviknight|Corviknight, M|86\/100
|-ability|p2a: Corviknight|Pressure
|move|p1a: ...|Iron Head|p2a: Corviknight
|-resisted|p2a: Corviknight
|-damage|p2a: Corviknight|75\/100
|
|-heal|p1a: ...|85\/100|[from] item: Leftovers
|-heal|p2a: Corviknight|81\/100|[from] item: Leftovers
|upkeep
|turn|17
|
|t:|1610830235
|move|p1a: ...|Toxic|p2a: Corviknight
|-immune|p2a: Corviknight
|move|p2a: Corviknight|U-turn|p1a: ...
|-resisted|p1a: ...
|-damage|p1a: ...|75\/100
|
|t:|1610830239
|switch|p2a: Greninja|Greninja, M|100\/100|[from]move: U-turn
|
|-heal|p1a: ...|81\/100|[from] item: Leftovers
|-fieldend|Misty Terrain
|upkeep
|turn|18
|
|t:|1610830244
|move|p1a: ...|Protect|p1a: ...
|-singleturn|p1a: ...|Protect
|move|p2a: Greninja|Hydro Pump|p1a: ...
|-activate|p1a: ...|move: Protect
|
|-heal|p1a: ...|87\/100|[from] item: Leftovers
|upkeep
|turn|19
|
|t:|1610830252
|switch|p1a: Oracle of Delphi|Tapu Fini|80\/100
|-fieldstart|move: Misty Terrain|[from] ability: Misty Surge|[of] p1a: Oracle of Delphi
|move|p2a: Greninja|Hydro Pump|p1a: Oracle of Delphi
|-resisted|p1a: Oracle of Delphi
|-damage|p1a: Oracle of Delphi|50\/100
|
|-heal|p1a: Oracle of Delphi|56\/100|[from] item: Leftovers
|upkeep
|turn|20
|
|t:|1610830261
|switch|p2a: Blissey|Blissey, F|90\/100
|move|p1a: Oracle of Delphi|Calm Mind|p1a: Oracle of Delphi
|-boost|p1a: Oracle of Delphi|spa|1
|-boost|p1a: Oracle of Delphi|spd|1
|
|-heal|p1a: Oracle of Delphi|62\/100|[from] item: Leftovers
|upkeep
|turn|21
|
|t:|1610830269
|switch|p2a: Rillaboom|Rillaboom, F|100\/100
|-fieldstart|move: Grassy Terrain|[from] ability: Grassy Surge|[of] p2a: Rillaboom
|move|p1a: Oracle of Delphi|Taunt|p2a: Rillaboom
|-start|p2a: Rillaboom|move: Taunt
|
|-heal|p1a: Oracle of Delphi|68\/100|[from] item: Leftovers
|-heal|p1a: Oracle of Delphi|74\/100|[from] Grassy Terrain
|upkeep
|turn|22
|
|t:|1610830283
|switch|p1a: Guitar Hero|Zapdos|100\/100
|move|p2a: Rillaboom|Wood Hammer|p1a: Guitar Hero
|-resisted|p1a: Guitar Hero
|-damage|p1a: Guitar Hero|52\/100
|-damage|p2a: Rillaboom|83\/100|[from] Recoil
|
|-heal|p2a: Rillaboom|89\/100|[from] Grassy Terrain
|upkeep
|turn|23
|
|t:|1610830294
|switch|p2a: Blissey|Blissey, F|90\/100
|move|p1a: Guitar Hero|Roost|p1a: Guitar Hero
|-heal|p1a: Guitar Hero|100\/100
|-singleturn|p1a: Guitar Hero|move: Roost
|
|-heal|p2a: Blissey|96\/100|[from] Grassy Terrain
|upkeep
|turn|24
|
|t:|1610830304
|switch|p1a: ...|Excadrill, M|87\/100
|-ability|p1a: ...|Mold Breaker
|move|p2a: Blissey|Stealth Rock|p1a: ...
|-sidestart|p1: BlaueBrause|move: Stealth Rock
|
|-heal|p1a: ...|94\/100|[from] item: Leftovers
|-heal|p1a: ...|99\/100|[from] Grassy Terrain
|-heal|p2a: Blissey|100\/100|[from] Grassy Terrain
|upkeep
|turn|25
|
|t:|1610830315
|switch|p1a: Guitar Hero|Zapdos|100\/100
|switch|p2a: Corviknight|Corviknight, M|81\/100
|-ability|p2a: Corviknight|Pressure
|
|-heal|p2a: Corviknight|88\/100|[from] item: Leftovers
|-fieldend|move: Grassy Terrain
|upkeep
|turn|26
|
|t:|1610830325
|switch|p2a: Blissey|Blissey, F|100\/100
|move|p1a: Guitar Hero|Defog|p2a: Blissey
|-unboost|p2a: Blissey|evasion|1
|-sideend|p1: BlaueBrause|Stealth Rock|[from] move: Defog|[of] p1a: Guitar Hero
|
|upkeep
|turn|27
|
|t:|1610830341
|switch|p1a: Oracle of Delphi|Tapu Fini|74\/100
|-fieldstart|move: Misty Terrain|[from] ability: Misty Surge|[of] p1a: Oracle of Delphi
|move|p2a: Blissey|Seismic Toss|p1a: Oracle of Delphi
|-damage|p1a: Oracle of Delphi|45\/100
|
|-heal|p1a: Oracle of Delphi|51\/100|[from] item: Leftovers
|upkeep
|turn|28
|
|t:|1610830350
|switch|p1a: Ramoth|Volcarona, M|100\/100
|move|p2a: Blissey|Teleport|p2a: Blissey
|
|t:|1610830354
|switch|p2a: Talonflame|Talonflame-Mega, M|100\/100|[from]move: Teleport
|-start|p2a: Talonflame|typechange|Fire\/Flying|[silent]
|
|upkeep
|turn|29
|
|t:|1610830363
|switch|p1a: Guitar Hero|Zapdos|100\/100
|move|p2a: Talonflame|Hurricane|p1a: Guitar Hero
|-resisted|p1a: Guitar Hero
|-damage|p1a: Guitar Hero|71\/100
|
|upkeep
|turn|30
|
|t:|1610830370
|move|p2a: Talonflame|Overheat|p1a: Guitar Hero
|-damage|p1a: Guitar Hero|5\/100
|-unboost|p2a: Talonflame|spa|2
|move|p1a: Guitar Hero|Roost|p1a: Guitar Hero
|-heal|p1a: Guitar Hero|55\/100
|-singleturn|p1a: Guitar Hero|move: Roost
|
|upkeep
|turn|31
|
|t:|1610830378
|switch|p2a: Blissey|Blissey, F|100\/100
|move|p1a: Guitar Hero|Roost|p1a: Guitar Hero
|-heal|p1a: Guitar Hero|100\/100
|-singleturn|p1a: Guitar Hero|move: Roost
|
|-fieldend|Misty Terrain
|upkeep
|turn|32
|c|☆BlaueBrause|it's going to be a very long battle
|c|☆BlaueBrause|i feel
|
|t:|1610830405
|switch|p1a: ...|Excadrill, M|99\/100
|-ability|p1a: ...|Mold Breaker
|move|p2a: Blissey|Stealth Rock|p1a: ...
|-sidestart|p1: BlaueBrause|move: Stealth Rock
|
|-heal|p1a: ...|100\/100|[from] item: Leftovers
|upkeep
|turn|33
|
|t:|1610830419
|switch|p2a: Rillaboom|Rillaboom, F|89\/100
|-fieldstart|move: Grassy Terrain|[from] ability: Grassy Surge|[of] p2a: Rillaboom
|move|p1a: ...|Iron Head|p2a: Rillaboom
|-damage|p2a: Rillaboom|48\/100
|
|-heal|p2a: Rillaboom|54\/100|[from] Grassy Terrain
|upkeep
|turn|34
|
|t:|1610830427
|move|p1a: ...|Protect|p1a: ...
|-singleturn|p1a: ...|Protect
|move|p2a: Rillaboom|High Horsepower|p1a: ...
|-activate|p1a: ...|move: Protect
|
|-heal|p2a: Rillaboom|61\/100|[from] Grassy Terrain
|upkeep
|turn|35
|
|t:|1610830438
|switch|p1a: Guitar Hero|Zapdos|100\/100
|switch|p2a: Blissey|Blissey, F|100\/100
|
|upkeep
|turn|36
|
|t:|1610830449
|switch|p1a: ...|Excadrill, M|100\/100
|-damage|p1a: ...|97\/100|[from] Stealth Rock
|-ability|p1a: ...|Mold Breaker
|move|p2a: Blissey|Seismic Toss|p1a: ...
|-damage|p1a: ...|70\/100
|
|-heal|p1a: ...|76\/100|[from] item: Leftovers
|-heal|p1a: ...|82\/100|[from] Grassy Terrain
|upkeep
|turn|37
|
|t:|1610830461
|switch|p2a: Corviknight|Corviknight, M|88\/100
|-ability|p2a: Corviknight|Pressure
|move|p1a: ...|Iron Head|p2a: Corviknight
|-resisted|p2a: Corviknight
|-damage|p2a: Corviknight|78\/100
|
|-heal|p1a: ...|88\/100|[from] item: Leftovers
|-heal|p1a: ...|94\/100|[from] Grassy Terrain
|-heal|p2a: Corviknight|84\/100|[from] item: Leftovers
|-fieldend|move: Grassy Terrain
|upkeep
|turn|38
|
|t:|1610830472
|switch|p1a: Guitar Hero|Zapdos|100\/100
|move|p2a: Corviknight|U-turn|p1a: Guitar Hero
|-resisted|p1a: Guitar Hero
|-damage|p1a: Guitar Hero|95\/100
|
|t:|1610830480
|switch|p2a: Blissey|Blissey, F|100\/100|[from]move: U-turn
|
|upkeep
|turn|39
|
|t:|1610830485
|move|p1a: Guitar Hero|Defog|p2a: Blissey
|-unboost|p2a: Blissey|evasion|1
|-sideend|p1: BlaueBrause|Stealth Rock|[from] move: Defog|[of] p1a: Guitar Hero
|move|p2a: Blissey|Seismic Toss|p1a: Guitar Hero
|-damage|p1a: Guitar Hero|69\/100
|-status|p2a: Blissey|par|[from] ability: Static|[of] p1a: Guitar Hero
|
|upkeep
|turn|40
|
|t:|1610830500
|move|p1a: Guitar Hero|Roost|p1a: Guitar Hero
|-heal|p1a: Guitar Hero|100\/100
|-singleturn|p1a: Guitar Hero|move: Roost
|move|p2a: Blissey|Teleport|p2a: Blissey
|
|t:|1610830505
|switch|p2a: Rillaboom|Rillaboom, F|61\/100|[from]move: Teleport
|-fieldstart|move: Grassy Terrain|[from] ability: Grassy Surge|[of] p2a: Rillaboom
|
|-heal|p2a: Rillaboom|67\/100|[from] Grassy Terrain
|upkeep
|turn|41
|
|t:|1610830513
|switch|p2a: Blissey|Blissey, F|100\/100
|move|p1a: Guitar Hero|Discharge|p2a: Blissey
|-damage|p2a: Blissey|88\/100
|
|-heal|p2a: Blissey|94\/100|[from] Grassy Terrain
|upkeep
|turn|42
|
|t:|1610830523
|switch|p1a: Clefki?|Clefable, F|100\/100
|move|p2a: Blissey|Stealth Rock|p1a: Clefki?
|-sidestart|p1: BlaueBrause|move: Stealth Rock
|
|-heal|p2a: Blissey|99\/100|[from] Grassy Terrain
|upkeep
|turn|43
|
|t:|1610830530
|move|p1a: Clefki?|Stealth Rock|p2a: Blissey
|-sidestart|p2: Mossy Sandwich|move: Stealth Rock
|move|p2a: Blissey|Teleport|p2a: Blissey
|
|t:|1610830536
|switch|p2a: Corviknight|Corviknight, M|84\/100|[from]move: Teleport
|-damage|p2a: Corviknight|72\/100|[from] Stealth Rock
|-ability|p2a: Corviknight|Pressure
|
|-heal|p2a: Corviknight|78\/100|[from] item: Leftovers
|upkeep
|turn|44
|
|t:|1610830543
|move|p2a: Corviknight|Defog|p1a: Clefki?
|-unboost|p1a: Clefki?|evasion|1
|-sideend|p1: BlaueBrause|Stealth Rock|[from] move: Defog|[of] p2a: Corviknight
|-sideend|p2: Mossy Sandwich|Stealth Rock|[from] move: Defog|[of] p2a: Corviknight
|-fieldend|move: Grassy Terrain
|move|p1a: Clefki?|Will-O-Wisp|p2a: Corviknight
|-status|p2a: Corviknight|brn
|
|-heal|p2a: Corviknight|84\/100 brn|[from] item: Leftovers
|-damage|p2a: Corviknight|78\/100 brn|[from] brn
|upkeep
|turn|45
|l| pokisokis
|
|t:|1610830553
|switch|p2a: Rillaboom|Rillaboom, F|67\/100
|-fieldstart|move: Grassy Terrain|[from] ability: Grassy Surge|[of] p2a: Rillaboom
|move|p1a: Clefki?|Stealth Rock|p2a: Rillaboom
|-sidestart|p2: Mossy Sandwich|move: Stealth Rock
|
|-heal|p2a: Rillaboom|73\/100|[from] Grassy Terrain
|upkeep
|turn|46
|
|t:|1610830573
|switch|p1a: Guitar Hero|Zapdos|100\/100
|move|p2a: Rillaboom|Wood Hammer|p1a: Guitar Hero
|-resisted|p1a: Guitar Hero
|-damage|p1a: Guitar Hero|57\/100
|-damage|p2a: Rillaboom|57\/100|[from] Recoil
|
|-heal|p2a: Rillaboom|63\/100|[from] Grassy Terrain
|upkeep
|turn|47
|
|t:|1610830592
|switch|p2a: Blissey|Blissey, F|99\/100
|move|p1a: Guitar Hero|Roost|p1a: Guitar Hero
|-heal|p1a: Guitar Hero|100\/100
|-singleturn|p1a: Guitar Hero|move: Roost
|
|-heal|p2a: Blissey|100\/100|[from] Grassy Terrain
|upkeep
|turn|48
|
|t:|1610830600
|switch|p1a: ...|Excadrill, M|94\/100
|-ability|p1a: ...|Mold Breaker
|move|p2a: Blissey|Stealth Rock|p1a: ...
|-sidestart|p1: BlaueBrause|move: Stealth Rock
|
|-heal|p1a: ...|99\/100|[from] item: Leftovers
|-heal|p1a: ...|100\/100|[from] Grassy Terrain
|upkeep
|turn|49
|
|t:|1610830612
|switch|p1a: Ramoth|Volcarona, M|100\/100
|move|p2a: Blissey|Teleport|p2a: Blissey
|
|t:|1610830615
|switch|p2a: Greninja|Greninja, M|100\/100|[from]move: Teleport
|-damage|p2a: Greninja|88\/100|[from] Stealth Rock
|
|-heal|p2a: Greninja|94\/100|[from] Grassy Terrain
|-fieldend|move: Grassy Terrain
|upkeep
|turn|50
|
|t:|1610830624
|switch|p1a: Oracle of Delphi|Tapu Fini|51\/100
|-damage|p1a: Oracle of Delphi|39\/100|[from] Stealth Rock
|-fieldstart|move: Misty Terrain|[from] ability: Misty Surge|[of] p1a: Oracle of Delphi
|move|p2a: Greninja|Hydro Pump|p1a: Oracle of Delphi
|-resisted|p1a: Oracle of Delphi
|-damage|p1a: Oracle of Delphi|8\/100
|
|-heal|p1a: Oracle of Delphi|14\/100|[from] item: Leftovers
|upkeep
|turn|51
|
|t:|1610830635
|move|p2a: Greninja|Hydro Pump|p1a: Oracle of Delphi
|-resisted|p1a: Oracle of Delphi
|-damage|p1a: Oracle of Delphi|0 fnt
|faint|p1a: Oracle of Delphi
|-activate|p2a: Greninja|ability: Battle Bond
|detailschange|p2a: Greninja|Greninja-Ash, M
|
|upkeep
|
|t:|1610830643
|switch|p1a: Guitar Hero|Zapdos|100\/100
|turn|52
|
|t:|1610830654
|switch|p2a: Blissey|Blissey, F|100\/100
|move|p1a: Guitar Hero|Discharge|p2a: Blissey
|-damage|p2a: Blissey|88\/100
|
|upkeep
|turn|53
|
|t:|1610830663
|move|p1a: Guitar Hero|Defog|p2a: Blissey
|-unboost|p2a: Blissey|evasion|1
|-sideend|p2: Mossy Sandwich|Stealth Rock|[from] move: Defog|[of] p1a: Guitar Hero
|-sideend|p1: BlaueBrause|Stealth Rock|[from] move: Defog|[of] p1a: Guitar Hero
|-fieldend|Misty Terrain
|move|p2a: Blissey|Seismic Toss|p1a: Guitar Hero
|-damage|p1a: Guitar Hero|74\/100
|
|upkeep
|turn|54
|
|t:|1610830673
|move|p1a: Guitar Hero|Roost|p1a: Guitar Hero
|-heal|p1a: Guitar Hero|100\/100
|-singleturn|p1a: Guitar Hero|move: Roost
|move|p2a: Blissey|Teleport|p2a: Blissey
|
|t:|1610830677
|switch|p2a: Rillaboom|Rillaboom, F|63\/100|[from]move: Teleport
|-fieldstart|move: Grassy Terrain|[from] ability: Grassy Surge|[of] p2a: Rillaboom
|
|-heal|p2a: Rillaboom|69\/100|[from] Grassy Terrain
|upkeep
|turn|55
|
|t:|1610830684
|switch|p2a: Blissey|Blissey, F|88\/100
|move|p1a: Guitar Hero|Discharge|p2a: Blissey
|-damage|p2a: Blissey|77\/100
|
|-heal|p2a: Blissey|83\/100|[from] Grassy Terrain
|upkeep
|turn|56
|
|t:|1610830701
|switch|p1a: Ramoth|Volcarona, M|100\/100
|move|p2a: Blissey|Stealth Rock|p1a: Ramoth
|-sidestart|p1: BlaueBrause|move: Stealth Rock
|
|-heal|p2a: Blissey|89\/100|[from] Grassy Terrain
|upkeep
|turn|57
|
|t:|1610830709
|switch|p2a: Talonflame|Talonflame-Mega, M|100\/100
|-start|p2a: Talonflame|typechange|Fire\/Flying|[silent]
|move|p1a: Ramoth|Quiver Dance|p1a: Ramoth
|-boost|p1a: Ramoth|spa|1
|-boost|p1a: Ramoth|spd|1
|-boost|p1a: Ramoth|spe|1
|
|upkeep
|turn|58
|
|t:|1610830717
|move|p1a: Ramoth|Quiver Dance|p1a: Ramoth
|-boost|p1a: Ramoth|spa|1
|-boost|p1a: Ramoth|spd|1
|-boost|p1a: Ramoth|spe|1
|move|p2a: Talonflame|Hurricane|p1a: Ramoth
|-supereffective|p1a: Ramoth
|-damage|p1a: Ramoth|33\/100
|-start|p1a: Ramoth|confusion
|
|-heal|p1a: Ramoth|39\/100|[from] Grassy Terrain
|-fieldend|move: Grassy Terrain
|upkeep
|turn|59
|
|t:|1610830728
|-activate|p1a: Ramoth|confusion
|-damage|p1a: Ramoth|32\/100|[from] confusion
|move|p2a: Talonflame|U-turn|p1a: Ramoth
|-resisted|p1a: Ramoth
|-damage|p1a: Ramoth|21\/100
|
|t:|1610830732
|switch|p2a: Greninja|Greninja-Ash, M|94\/100|[from]move: U-turn
|
|upkeep
|turn|60
|
|t:|1610830738
|move|p2a: Greninja|Water Shuriken|p1a: Ramoth
|-supereffective|p1a: Ramoth
|-damage|p1a: Ramoth|2\/100
|-supereffective|p1a: Ramoth
|-damage|p1a: Ramoth|0 fnt
|-hitcount|p1a: Ramoth|2
|faint|p1a: Ramoth
|
|upkeep
|c|☆Mossy Sandwich|sorry
|c|☆BlaueBrause|it's okay
|c|☆BlaueBrause|they happen, hax
|
|t:|1610830759
|switch|p1a: Eragorn|Dragonite, F|100\/100
|-damage|p1a: Eragorn|76\/100|[from] Stealth Rock
|turn|61
|
|t:|1610830765
|switch|p2a: Talonflame|Talonflame-Mega, M|100\/100
|-start|p2a: Talonflame|typechange|Fire\/Flying|[silent]
|move|p1a: Eragorn|Roost|p1a: Eragorn
|-heal|p1a: Eragorn|100\/100
|-singleturn|p1a: Eragorn|move: Roost
|
|upkeep
|turn|62
|
|t:|1610830822
|detailschange|p1a: Eragorn|Dragonite-Mega, F
|-mega|p1a: Eragorn|Dragonite|Draconite
|-start|p1a: Eragorn|typechange|Dragon\/Flying|[silent]
|raw|<ul class="utilichart"><li class="result"><span class="col pokemonnamecol" style="white-space: nowrap">Dragonite-Mega<\/span> <span class="col typecol"><img src="https:\/\/play.pokemonshowdown.com\/sprites\/types\/Dragon.png" alt="Dragon" height="14" width="32"><img src="https:\/\/play.pokemonshowdown.com\/sprites\/types\/Flying.png" alt="Flying" height="14" width="32"><\/span> <span style="float: left ; min-height: 26px"><span class="col abilitycol">Tough Claws<\/span><span class="col abilitycol"><\/span><\/span><span style="float: left ; min-height: 26px"><span class="col statcol"><em>HP<\/em><br>91<\/span> <span class="col statcol"><em>Atk<\/em><br>164<\/span> <span class="col statcol"><em>Def<\/em><br>110<\/span> <span class="col statcol"><em>SpA<\/em><br>122<\/span> <span class="col statcol"><em>SpD<\/em><br>122<\/span> <span class="col statcol"><em>Spe<\/em><br>91<\/span> <\/span><\/li><li style="clear: both"><\/li><\/ul>
|move|p2a: Talonflame|Hidden Power|p1a: Eragorn
|-supereffective|p1a: Eragorn
|-damage|p1a: Eragorn|29\/100
|move|p1a: Eragorn|Dual Wingbeat|p2a: Talonflame
|-damage|p2a: Talonflame|51\/100
|-damage|p2a: Talonflame|3\/100
|-hitcount|p2a: Talonflame|2
|
|upkeep
|turn|63
|c|☆Mossy Sandwich|what
|
|t:|1610830837
|move|p2a: Talonflame|Hidden Power|p1a: Eragorn
|-supereffective|p1a: Eragorn
|-damage|p1a: Eragorn|0 fnt
|faint|p1a: Eragorn
|
|upkeep
|
|t:|1610830844
|switch|p1a: Guitar Hero|Zapdos|100\/100
|turn|64
|
|t:|1610830850
|move|p2a: Talonflame|Overheat|p1a: Guitar Hero
|-damage|p1a: Guitar Hero|31\/100
|-unboost|p2a: Talonflame|spa|2
|move|p1a: Guitar Hero|Discharge|p2a: Talonflame
|-supereffective|p2a: Talonflame
|-damage|p2a: Talonflame|0 fnt
|faint|p2a: Talonflame
|
|upkeep
|
|t:|1610830854
|switch|p2a: Rillaboom|Rillaboom, F|69\/100
|-fieldstart|move: Grassy Terrain|[from] ability: Grassy Surge|[of] p2a: Rillaboom
|turn|65
|
|t:|1610830863
|move|p2a: Rillaboom|Wood Hammer|p1a: Guitar Hero
|-resisted|p1a: Guitar Hero
|-damage|p1a: Guitar Hero|0 fnt
|-damage|p2a: Rillaboom|58\/100|[from] Recoil
|faint|p1a: Guitar Hero
|
|-heal|p2a: Rillaboom|64\/100|[from] Grassy Terrain
|upkeep
|
|t:|1610830871
|switch|p1a: ...|Excadrill, M|100\/100
|-damage|p1a: ...|97\/100|[from] Stealth Rock
|-ability|p1a: ...|Mold Breaker
|turn|66
|
|t:|1610830879
|switch|p2a: Corviknight|Corviknight, M|78\/100 brn
|-ability|p2a: Corviknight|Pressure
|move|p1a: ...|Iron Head|p2a: Corviknight
|-resisted|p2a: Corviknight
|-damage|p2a: Corviknight|68\/100 brn
|
|-heal|p1a: ...|100\/100|[from] item: Leftovers
|-heal|p2a: Corviknight|74\/100 brn|[from] item: Leftovers
|-damage|p2a: Corviknight|68\/100 brn|[from] brn
|upkeep
|turn|67
|
|t:|1610830889
|switch|p1a: Clefki?|Clefable, F|100\/100
|-damage|p1a: Clefki?|88\/100|[from] Stealth Rock
|move|p2a: Corviknight|U-turn|p1a: Clefki?
|-resisted|p1a: Clefki?
|-damage|p1a: Clefki?|86\/100
|
|t:|1610830894
|switch|p2a: Rillaboom|Rillaboom, F|64\/100|[from]move: U-turn
|
|-heal|p2a: Rillaboom|70\/100|[from] Grassy Terrain
|-heal|p1a: Clefki?|92\/100|[from] item: Leftovers
|-heal|p1a: Clefki?|98\/100|[from] Grassy Terrain
|upkeep
|turn|68
|
|t:|1610830902
|move|p2a: Rillaboom|Wood Hammer|p1a: Clefki?
|-damage|p1a: Clefki?|2\/100
|-damage|p2a: Rillaboom|33\/100|[from] Recoil
|move|p1a: Clefki?|Will-O-Wisp|p2a: Rillaboom
|-status|p2a: Rillaboom|brn
|
|-heal|p2a: Rillaboom|40\/100 brn|[from] Grassy Terrain
|-heal|p1a: Clefki?|8\/100|[from] item: Leftovers
|-heal|p1a: Clefki?|14\/100|[from] Grassy Terrain
|-damage|p2a: Rillaboom|33\/100 brn|[from] brn
|upkeep
|turn|69
|c|☆BlaueBrause|gg
|
|t:|1610830916
|move|p2a: Rillaboom|Wood Hammer|p1a: Clefki?
|-crit|p1a: Clefki?
|-damage|p1a: Clefki?|0 fnt
|-damage|p2a: Rillaboom|28\/100 brn|[from] Recoil
|faint|p1a: Clefki?
|
|-heal|p2a: Rillaboom|35\/100 brn|[from] Grassy Terrain
|-fieldend|move: Grassy Terrain
|-damage|p2a: Rillaboom|28\/100 brn|[from] brn
|upkeep
|c|☆Mossy Sandwich|gg
|
|t:|1610830925
|switch|p1a: ...|Excadrill, M|100\/100
|-damage|p1a: ...|97\/100|[from] Stealth Rock
|-ability|p1a: ...|Mold Breaker
|turn|70
|
|t:|1610830930
|switch|p2a: Corviknight|Corviknight, M|68\/100 brn
|-ability|p2a: Corviknight|Pressure
|move|p1a: ...|Iron Head|p2a: Corviknight
|-resisted|p2a: Corviknight
|-damage|p2a: Corviknight|57\/100 brn
|
|-heal|p1a: ...|100\/100|[from] item: Leftovers
|-heal|p2a: Corviknight|64\/100 brn|[from] item: Leftovers
|-damage|p2a: Corviknight|57\/100 brn|[from] brn
|upkeep
|turn|71
|-message|BlaueBrause forfeited.
|
|win|Mossy Sandwich
|c|☆BlaueBrause|let me post the replay
|j| Coppersmith
|c|☆BlaueBrause|oh, you wre faster
|l|☆Mossy Sandwich
|c| Coppersmith|am i gonna fight mossy or blue
|c| Coppersmith|or is it undecided
|l| Coppersmith</script>
</div>
<div class="battle-log battle-log-inline"><div class="inner"><div class="battle-options"><div style="padding-top: 3px; padding-right: 3px; text-align: right"><button class="icon button" name="openBattleOptions" title="Options">Battle Options</button></div></div><div class="inner message-log"><div class="chat"><small>☆BlaueBrause and ☆Mossy Sandwich joined</small></div><div class=""><small>Format:</small> <br><strong>[Gen 8] Megas for All</strong></div><div class=""><small><em>HP Percentage Mod:</em> HP is shown in percentages</small></div><div class=""><small><em>Endless Battle Clause:</em> Forcing endless battles is banned</small></div><div class=""><small><em>OHKO Clause:</em> OHKO moves are banned</small></div><div class=""><small><em>Evasion Moves Clause:</em> Evasion moves are banned</small></div><div class=""><small><em>Species Clause:</em> Limit one of each Pokémon</small></div><div class=""><small><em>Dynamax Clause:</em> You cannot dynamax</small></div><div class=""><small><em>Sleep Clause Mod:</em> Limit one foe put to sleep</small></div><div class=""><small><em>Freeze Clause Mod:</em> Limit one foe frozen</small></div><div class="chat"><img src="https://www.smogon.com/forums/attachments/banner_2-png.302358/" height="65" width="381"></div><div class="spacer battle-history"><br></div><div class="battle-history"><small>Welcome to Megas for All!</small><br></div><div class="battle-history"><small>This is a National Dex-based format where we aim to give a new Mega Evolution to every Pokémon.</small><br></div><div class="battle-history"><small>Just like any official format, you can still only Mega Evolve one Pokémon per team!</small><br></div><div class="battle-history"><small>You can find our thread and metagame resources here:</small><br></div><div class="battle-history"><small>https://www.smogon.com/forums/threads/3671140/</small><br></div><div class="chat battle-history"><strong>BlaueBrause's team:</strong> <em style="color:#445566;display:block;">Dragonite / Clefable / Tapu Fini / Zapdos / Volcarona / Excadrill</em></div><div class="chat battle-history"><strong>Mossy Sandwich's team:</strong> <em style="color:#445566;display:block;">Talonflame / Rillaboom / Corviknight / Blissey / Greninja / Landorus-Therian</em></div><div class="chat chatmessage-mossysandwich"><strong style="color:#ba49a2"><small>☆</small><span class="username" data-name="Mossy Sandwich">Mossy Sandwich</span>:</strong> <em>gl hf!</em></div><div class="chat"><small>+inkbug1 joined</small></div><div class="chat chatmessage-blauebrause"><strong style="color:#6b66e4"><small>☆</small><span class="username" data-name="BlaueBrause">BlaueBrause</span>:</strong> <em>glhf!</em></div><div class="spacer battle-history"><br></div><div class="battle-history">Battle started between BlaueBrause and Mossy Sandwich!<br></div><div class="spacer battle-history"><br></div><div class="battle-history">Go! Oracle of Delphi (<strong>Tapu Fini</strong>)!<br></div><div class="spacer battle-history"><br></div><div class="battle-history">Mossy Sandwich sent out <strong>Talonflame</strong>!<br></div><div class="battle-history">[Oracle of Delphi's Misty Surge]<br><small>Mist swirled around the battlefield!</small><br></div><div class="spacer battle-history"><br></div><h2 class="battle-history">Turn 1</h2><div class="chat"><small> Cosmo☆Stars joined</small></div><div class="spacer battle-history"><br></div><div class="battle-history"><small>The opposing Talonflame's Talonflite is reacting to the Key Stone!</small><br>The opposing Talonflame has Mega Evolved into Mega Talonflame!<br></div><div class="chat"><ul class="utilichart"><li class="result"><span class="col pokemonnamecol" style="white-space: nowrap">Talonflame-Mega</span> <span class="col typecol"><img src="https://play.pokemonshowdown.com/sprites/types/Fire.png" alt="Fire" height="14" width="32"><img src="https://play.pokemonshowdown.com/sprites/types/Flying.png" alt="Flying" height="14" width="32"></span> <span style="float: left ; min-height: 26px"><span class="col abilitycol">Bird of Prey</span><span class="col abilitycol"></span></span><span style="float: left ; min-height: 26px"><span class="col statcol"><em>HP</em><br>78</span> <span class="col statcol"><em>Atk</em><br>81</span> <span class="col statcol"><em>Def</em><br>71</span> <span class="col statcol"><em>SpA</em><br>134</span> <span class="col statcol"><em>SpD</em><br>69</span> <span class="col statcol"><em>Spe</em><br>166</span> </span></li><li style="clear: both"></li></ul></div><div class="spacer battle-history"><br></div><div class="battle-history">The opposing Talonflame used <strong>U-turn</strong>!<br></div><div class="battle-history"><small>It's not very effective...</small><br></div><div class="battle-history"><small>(Oracle of Delphi lost 4% of its health!)</small><br></div><div class="spacer battle-history"><br></div><div class="battle-history">The opposing Talonflame went back to Mossy Sandwich!<br></div><div class="battle-history">Mossy Sandwich sent out <strong>Corviknight</strong>!<br></div><div class="battle-history">[The opposing Corviknight's Pressure]<br><small>The opposing Corviknight is exerting its pressure!</small><br></div><div class="spacer battle-history"><br></div><div class="battle-history">Oracle of Delphi used <strong>Scald</strong>!<br></div><div class="battle-history"><small>(The opposing Corviknight lost 27% of its health!)</small><br></div><div class="spacer battle-history"><br></div><div class="battle-history"><small>Oracle of Delphi restored a little HP using its Leftovers!</small><br></div><div class="battle-history"><small>The opposing Corviknight restored a little HP using its Leftovers!</small><br></div><div class="spacer battle-history"><br></div><h2 class="battle-history">Turn 2</h2><div class="spacer battle-history"><br></div><div class="battle-history">Mossy Sandwich withdrew Corviknight!<br></div><div class="battle-history">Mossy Sandwich sent out <strong>Blissey</strong>!<br></div><div class="spacer battle-history"><br></div><div class="battle-history">Oracle of Delphi used <strong>Scald</strong>!<br></div><div class="battle-history"><small>(The opposing Blissey lost 10% of its health!)</small><br></div><div class="spacer battle-history"><br></div><h2 class="battle-history">Turn 3</h2><div class="spacer battle-history"><br></div><div class="battle-history">Oracle of Delphi used <strong>Taunt</strong>!<br></div><div class="battle-history"><small>The opposing Blissey fell for the taunt!</small><br></div><div class="spacer battle-history"><br></div><div class="battle-history">The opposing Blissey can't use Teleport after the taunt!<br></div><div class="spacer battle-history"><br></div><h2 class="battle-history">Turn 4</h2><div class="spacer battle-history"><br></div><div class="battle-history">Oracle of Delphi, come back!<br></div><div class="battle-history">Go! ... (<strong>Excadrill</strong>)!<br></div><div class="battle-history">[...'s Mold Breaker]<br><small>... breaks the mold!</small><br></div><div class="spacer battle-history"><br></div><div class="battle-history">Mossy Sandwich withdrew Blissey!<br></div><div class="battle-history">Mossy Sandwich sent out <strong>Rillaboom</strong>!<br></div><div class="battle-history">[The opposing Rillaboom's Grassy Surge]<br><small>Grass grew to cover the battlefield!</small><br></div><div class="spacer battle-history"><br></div><h2 class="battle-history">Turn 5</h2><div class="chat chatmessage-cosmostars"><strong style="color:#4e56ea"><small> </small><span class="username" data-name="Cosmo☆Stars">Cosmo☆Stars</span>:</strong> <em>dat bird got a sanic complex</em></div><div class="spacer battle-history"><br></div><div class="battle-history">... used <strong>Protect</strong>!<br></div><div class="battle-history"><small>... protected itself!</small><br></div><div class="spacer battle-history"><br></div><div class="battle-history">The opposing Rillaboom used <strong>U-turn</strong>!<br></div><div class="battle-history"><small>... protected itself!</small><br></div><div class="spacer battle-history"><br></div><h2 class="battle-history">Turn 6</h2><div class="spacer battle-history"><br></div><div class="battle-history">..., come back!<br></div><div class="battle-history">Go! Guitar Hero (<strong>Zapdos</strong>)!<br></div><div class="spacer battle-history"><br></div><div class="battle-history">The opposing Rillaboom went back to Mossy Sandwich!<br></div><div class="battle-history">Mossy Sandwich sent out <strong>Corviknight</strong>!<br></div><div class="battle-history">[The opposing Corviknight's Pressure]<br><small>The opposing Corviknight is exerting its pressure!</small><br></div><div class="spacer battle-history"><br></div><div class="battle-history"><small>The opposing Corviknight restored a little HP using its Leftovers!</small><br></div><div class="spacer battle-history"><br></div><h2 class="battle-history">Turn 7</h2><div class="spacer battle-history"><br></div><div class="battle-history">Mossy Sandwich withdrew Corviknight!<br></div><div class="battle-history">Mossy Sandwich sent out Landorus (<strong>Landorus-Therian</strong>)!<br></div><div class="battle-history">[The opposing Landorus's Intimidate]<br></div><div class="battle-history"><small>Guitar Hero's Attack fell!</small><br></div><div class="spacer battle-history"><br></div><div class="battle-history">Guitar Hero used <strong>Discharge</strong>!<br></div><div class="battle-history"><small>It doesn't affect the opposing Landorus...</small><br></div><div class="spacer battle-history"><br></div><h2 class="battle-history">Turn 8</h2><div class="spacer battle-history"><br></div><div class="battle-history">The opposing Landorus used <strong>Swords Dance</strong>!<br></div><div class="battle-history"><small>The opposing Landorus's Attack rose sharply!</small><br></div><div class="spacer battle-history"><br></div><div class="battle-history">Guitar Hero used <strong>Hidden Power</strong>!<br></div><div class="battle-history"><small>It's super effective!</small><br></div><div class="battle-history"><small>(The opposing Landorus lost 90% of its health!)</small><br></div><div class="spacer battle-history"><br></div><div class="battle-history"><small>The grass disappeared from the battlefield.</small><br></div><div class="spacer battle-history"><br></div><h2 class="battle-history">Turn 9</h2><div class="spacer battle-history"><br></div><div class="battle-history">Guitar Hero, come back!<br></div><div class="battle-history">Go! ... (<strong>Excadrill</strong>)!<br></div><div class="battle-history">[...'s Mold Breaker]<br><small>... breaks the mold!</small><br></div><div class="spacer battle-history"><br></div><div class="battle-history">The opposing Landorus used <strong>Stone Edge</strong>!<br></div><div class="battle-history"><small>... avoided the attack!</small><br></div><div class="spacer battle-history"><br></div><h2 class="battle-history">Turn 10</h2><div class="spacer battle-history"><br></div><div class="battle-history">... used <strong>Protect</strong>!<br></div><div class="battle-history"><small>... protected itself!</small><br></div><div class="spacer battle-history"><br></div><div class="battle-history">The opposing Landorus used <strong>Earthquake</strong>!<br></div><div class="battle-history"><small>... protected itself!</small><br></div><div class="spacer battle-history"><br></div><h2 class="battle-history">Turn 11</h2><div class="spacer battle-history"><br></div><div class="battle-history">... used <strong>Iron Head</strong>!<br></div><div class="battle-history"><small>(The opposing Landorus lost 10% of its health!)</small><br></div><div class="spacer battle-history"><br></div><div class="battle-history">The opposing Landorus fainted!<br></div><div class="spacer battle-history"><br></div><div class="battle-history">Mossy Sandwich sent out Talonflame (<strong>Talonflame-Mega</strong>)!<br></div><div class="spacer battle-history"><br></div><h2 class="battle-history">Turn 12</h2><div class="spacer battle-history"><br></div><div class="battle-history">... used <strong>Protect</strong>!<br></div><div class="battle-history"><small>... protected itself!</small><br></div><div class="spacer battle-history"><br></div><div class="battle-history">The opposing Talonflame used <strong>U-turn</strong>!<br></div><div class="battle-history"><small>... protected itself!</small><br></div><div class="spacer battle-history"><br></div><h2 class="battle-history">Turn 13</h2><div class="chat"><small> pokisokis joined</small></div><div class="chat chatmessage-blauebrause"><strong style="color:#6b66e4"><small>☆</small><span class="username" data-name="BlaueBrause">BlaueBrause</span>:</strong> <em>was that adamant?</em></div><div class="chat chatmessage-mossysandwich"><strong style="color:#ba49a2"><small>☆</small><span class="username" data-name="Mossy Sandwich">Mossy Sandwich</span>:</strong> <em>yes</em></div><div class="spacer battle-history"><br></div><div class="battle-history">..., come back!<br></div><div class="battle-history">Go! Oracle of Delphi (<strong>Tapu Fini</strong>)!<br></div><div class="battle-history">[Oracle of Delphi's Misty Surge]<br><small>Mist swirled around the battlefield!</small><br></div><div class="spacer battle-history"><br></div><div class="battle-history">The opposing Talonflame used <strong>Overheat</strong>!<br></div><div class="battle-history"><small>It's not very effective...</small><br></div><div class="battle-history"><small>(Oracle of Delphi lost 27% of its health!)</small><br></div><div class="battle-history"><small>The opposing Talonflame's Sp. Atk fell harshly!</small><br></div><div class="spacer battle-history"><br></div><div class="battle-history"><small>Oracle of Delphi restored a little HP using its Leftovers!</small><br></div><div class="spacer battle-history"><br></div><h2 class="battle-history">Turn 14</h2><div class="spacer battle-history"><br></div><div class="battle-history">The opposing Talonflame used <strong>U-turn</strong>!<br></div><div class="battle-history"><small>It's not very effective...</small><br></div><div class="battle-history"><small>(Oracle of Delphi lost 5% of its health!)</small><br></div><div class="spacer battle-history"><br></div><div class="battle-history">The opposing Talonflame went back to Mossy Sandwich!<br></div><div class="battle-history">Mossy Sandwich sent out <strong>Blissey</strong>!<br></div><div class="spacer battle-history"><br></div><div class="battle-history">Oracle of Delphi used <strong>Taunt</strong>!<br></div><div class="battle-history"><small>The opposing Blissey fell for the taunt!</small><br></div><div class="spacer battle-history"><br></div><div class="battle-history"><small>Oracle of Delphi restored a little HP using its Leftovers!</small><br></div><div class="spacer battle-history"><br></div><h2 class="battle-history">Turn 15</h2><div class="spacer battle-history"><br></div><div class="battle-history">Oracle of Delphi, come back!<br></div><div class="battle-history">Go! ... (<strong>Excadrill</strong>)!<br></div><div class="battle-history">[...'s Mold Breaker]<br><small>... breaks the mold!</small><br></div><div class="spacer battle-history"><br></div><div class="battle-history">The opposing Blissey used <strong>Seismic Toss</strong>!<br></div><div class="battle-history"><small>(... lost 27% of its health!)</small><br></div><div class="spacer battle-history"><br></div><div class="battle-history"><small>... restored a little HP using its Leftovers!</small><br></div><div class="spacer battle-history"><br></div><h2 class="battle-history">Turn 16</h2><div class="spacer battle-history"><br></div><div class="battle-history">Mossy Sandwich withdrew Blissey!<br></div><div class="battle-history">Mossy Sandwich sent out <strong>Corviknight</strong>!<br></div><div class="battle-history">[The opposing Corviknight's Pressure]<br><small>The opposing Corviknight is exerting its pressure!</small><br></div><div class="spacer battle-history"><br></div><div class="battle-history">... used <strong>Iron Head</strong>!<br></div><div class="battle-history"><small>It's not very effective...</small><br></div><div class="battle-history"><small>(The opposing Corviknight lost 11% of its health!)</small><br></div><div class="spacer battle-history"><br></div><div class="battle-history"><small>... restored a little HP using its Leftovers!</small><br></div><div class="battle-history"><small>The opposing Corviknight restored a little HP using its Leftovers!</small><br></div><div class="spacer battle-history"><br></div><h2 class="battle-history">Turn 17</h2><div class="spacer battle-history"><br></div><div class="battle-history">... used <strong>Toxic</strong>!<br></div><div class="battle-history"><small>It doesn't affect the opposing Corviknight...</small><br></div><div class="spacer battle-history"><br></div><div class="battle-history">The opposing Corviknight used <strong>U-turn</strong>!<br></div><div class="battle-history"><small>It's not very effective...</small><br></div><div class="battle-history"><small>(... lost 10% of its health!)</small><br></div><div class="spacer battle-history"><br></div><div class="battle-history">The opposing Corviknight went back to Mossy Sandwich!<br></div><div class="battle-history">Mossy Sandwich sent out <strong>Greninja</strong>!<br></div><div class="spacer battle-history"><br></div><div class="battle-history"><small>... restored a little HP using its Leftovers!</small><br></div><div class="battle-history"><small>The mist disappeared from the battlefield.</small><br></div><div class="spacer battle-history"><br></div><h2 class="battle-history">Turn 18</h2><div class="spacer battle-history"><br></div><div class="battle-history">... used <strong>Protect</strong>!<br></div><div class="battle-history"><small>... protected itself!</small><br></div><div class="spacer battle-history"><br></div><div class="battle-history">The opposing Greninja used <strong>Hydro Pump</strong>!<br></div><div class="battle-history"><small>... protected itself!</small><br></div><div class="spacer battle-history"><br></div><div class="battle-history"><small>... restored a little HP using its Leftovers!</small><br></div><div class="spacer battle-history"><br></div><h2 class="battle-history">Turn 19</h2><div class="spacer battle-history"><br></div><div class="battle-history">..., come back!<br></div><div class="battle-history">Go! Oracle of Delphi (<strong>Tapu Fini</strong>)!<br></div><div class="battle-history">[Oracle of Delphi's Misty Surge]<br><small>Mist swirled around the battlefield!</small><br></div><div class="spacer battle-history"><br></div><div class="battle-history">The opposing Greninja used <strong>Hydro Pump</strong>!<br></div><div class="battle-history"><small>It's not very effective...</small><br></div><div class="battle-history"><small>(Oracle of Delphi lost 30% of its health!)</small><br></div><div class="spacer battle-history"><br></div><div class="battle-history"><small>Oracle of Delphi restored a little HP using its Leftovers!</small><br></div><div class="spacer battle-history"><br></div><h2 class="battle-history">Turn 20</h2><div class="spacer battle-history"><br></div><div class="battle-history">Mossy Sandwich withdrew Greninja!<br></div><div class="battle-history">Mossy Sandwich sent out <strong>Blissey</strong>!<br></div><div class="spacer battle-history"><br></div><div class="battle-history">Oracle of Delphi used <strong>Calm Mind</strong>!<br></div><div class="battle-history"><small>Oracle of Delphi's Sp. Atk rose!</small><br></div><div class="battle-history"><small>Oracle of Delphi's Sp. Def rose!</small><br></div><div class="spacer battle-history"><br></div><div class="battle-history"><small>Oracle of Delphi restored a little HP using its Leftovers!</small><br></div><div class="spacer battle-history"><br></div><h2 class="battle-history">Turn 21</h2><div class="spacer battle-history"><br></div><div class="battle-history">Mossy Sandwich withdrew Blissey!<br></div><div class="battle-history">Mossy Sandwich sent out <strong>Rillaboom</strong>!<br></div><div class="battle-history">[The opposing Rillaboom's Grassy Surge]<br><small>Grass grew to cover the battlefield!</small><br></div><div class="spacer battle-history"><br></div><div class="battle-history">Oracle of Delphi used <strong>Taunt</strong>!<br></div><div class="battle-history"><small>The opposing Rillaboom fell for the taunt!</small><br></div><div class="spacer battle-history"><br></div><div class="battle-history"><small>Oracle of Delphi restored a little HP using its Leftovers!</small><br></div><div class="battle-history"><small>Oracle of Delphi's HP was restored.</small><br></div><div class="spacer battle-history"><br></div><h2 class="battle-history">Turn 22</h2><div class="spacer battle-history"><br></div><div class="battle-history">Oracle of Delphi, come back!<br></div><div class="battle-history">Go! Guitar Hero (<strong>Zapdos</strong>)!<br></div><div class="spacer battle-history"><br></div><div class="battle-history">The opposing Rillaboom used <strong>Wood Hammer</strong>!<br></div><div class="battle-history"><small>It's not very effective...</small><br></div><div class="battle-history"><small>(Guitar Hero lost 48% of its health!)</small><br></div><div class="battle-history"><small>The opposing Rillaboom was damaged by the recoil!</small><br></div><div class="spacer battle-history"><br></div><div class="battle-history"><small>The opposing Rillaboom's HP was restored.</small><br></div><div class="spacer battle-history"><br></div><h2 class="battle-history">Turn 23</h2><div class="spacer battle-history"><br></div><div class="battle-history">Mossy Sandwich withdrew Rillaboom!<br></div><div class="battle-history">Mossy Sandwich sent out <strong>Blissey</strong>!<br></div><div class="spacer battle-history"><br></div><div class="battle-history">Guitar Hero used <strong>Roost</strong>!<br></div><div class="battle-history"><small>Guitar Hero had its HP restored.</small><br></div><div class="battle-history"><small>(Guitar Hero loses Flying type this turn.)</small><br></div><div class="spacer battle-history"><br></div><div class="battle-history"><small>The opposing Blissey's HP was restored.</small><br></div><div class="spacer battle-history"><br></div><h2 class="battle-history">Turn 24</h2><div class="spacer battle-history"><br></div><div class="battle-history">Guitar Hero, come back!<br></div><div class="battle-history">Go! ... (<strong>Excadrill</strong>)!<br></div><div class="battle-history">[...'s Mold Breaker]<br><small>... breaks the mold!</small><br></div><div class="spacer battle-history"><br></div><div class="battle-history">The opposing Blissey used <strong>Stealth Rock</strong>!<br></div><div class="battle-history"><small>Pointed stones float in the air around your team!</small><br></div><div class="spacer battle-history"><br></div><div class="battle-history"><small>... restored a little HP using its Leftovers!</small><br></div><div class="battle-history"><small>...'s HP was restored.</small><br></div><div class="battle-history"><small>The opposing Blissey's HP was restored.</small><br></div><div class="spacer battle-history"><br></div><h2 class="battle-history">Turn 25</h2><div class="spacer battle-history"><br></div><div class="battle-history">..., come back!<br></div><div class="battle-history">Go! Guitar Hero (<strong>Zapdos</strong>)!<br></div><div class="spacer battle-history"><br></div><div class="battle-history">Mossy Sandwich withdrew Blissey!<br></div><div class="battle-history">Mossy Sandwich sent out <strong>Corviknight</strong>!<br></div><div class="battle-history">[The opposing Corviknight's Pressure]<br><small>The opposing Corviknight is exerting its pressure!</small><br></div><div class="spacer battle-history"><br></div><div class="battle-history"><small>The opposing Corviknight restored a little HP using its Leftovers!</small><br></div><div class="battle-history"><small>The grass disappeared from the battlefield.</small><br></div><div class="spacer battle-history"><br></div><h2 class="battle-history">Turn 26</h2><div class="spacer battle-history"><br></div><div class="battle-history">Mossy Sandwich withdrew Corviknight!<br></div><div class="battle-history">Mossy Sandwich sent out <strong>Blissey</strong>!<br></div><div class="spacer battle-history"><br></div><div class="battle-history">Guitar Hero used <strong>Defog</strong>!<br></div><div class="battle-history"><small>The opposing Blissey's evasiveness fell!</small><br></div><div class="battle-history"><small>The pointed stones disappeared from around your team!</small><br></div><div class="spacer battle-history"><br></div><h2 class="battle-history">Turn 27</h2><div class="spacer battle-history"><br></div><div class="battle-history">Guitar Hero, come back!<br></div><div class="battle-history">Go! Oracle of Delphi (<strong>Tapu Fini</strong>)!<br></div><div class="battle-history">[Oracle of Delphi's Misty Surge]<br><small>Mist swirled around the battlefield!</small><br></div><div class="spacer battle-history"><br></div><div class="battle-history">The opposing Blissey used <strong>Seismic Toss</strong>!<br></div><div class="battle-history"><small>(Oracle of Delphi lost 29% of its health!)</small><br></div><div class="spacer battle-history"><br></div><div class="battle-history"><small>Oracle of Delphi restored a little HP using its Leftovers!</small><br></div><div class="spacer battle-history"><br></div><h2 class="battle-history">Turn 28</h2><div class="spacer battle-history"><br></div><div class="battle-history">Oracle of Delphi, come back!<br></div><div class="battle-history">Go! Ramoth (<strong>Volcarona</strong>)!<br></div><div class="spacer battle-history"><br></div><div class="battle-history">The opposing Blissey used <strong>Teleport</strong>!<br></div><div class="spacer battle-history"><br></div><div class="battle-history">Mossy Sandwich withdrew Blissey!<br></div><div class="battle-history">Mossy Sandwich sent out Talonflame (<strong>Talonflame-Mega</strong>)!<br></div><div class="spacer battle-history"><br></div><h2 class="battle-history">Turn 29</h2><div class="spacer battle-history"><br></div><div class="battle-history">Ramoth, come back!<br></div><div class="battle-history">Go! Guitar Hero (<strong>Zapdos</strong>)!<br></div><div class="spacer battle-history"><br></div><div class="battle-history">The opposing Talonflame used <strong>Hurricane</strong>!<br></div><div class="battle-history"><small>It's not very effective...</small><br></div><div class="battle-history"><small>(Guitar Hero lost 29% of its health!)</small><br></div><div class="spacer battle-history"><br></div><h2 class="battle-history">Turn 30</h2><div class="spacer battle-history"><br></div><div class="battle-history">The opposing Talonflame used <strong>Overheat</strong>!<br></div><div class="battle-history"><small>(Guitar Hero lost 66% of its health!)</small><br></div><div class="battle-history"><small>The opposing Talonflame's Sp. Atk fell harshly!</small><br></div><div class="spacer battle-history"><br></div><div class="battle-history">Guitar Hero used <strong>Roost</strong>!<br></div><div class="battle-history"><small>Guitar Hero had its HP restored.</small><br></div><div class="battle-history"><small>(Guitar Hero loses Flying type this turn.)</small><br></div><div class="spacer battle-history"><br></div><h2 class="battle-history">Turn 31</h2><div class="spacer battle-history"><br></div><div class="battle-history">Mossy Sandwich withdrew Talonflame!<br></div><div class="battle-history">Mossy Sandwich sent out <strong>Blissey</strong>!<br></div><div class="spacer battle-history"><br></div><div class="battle-history">Guitar Hero used <strong>Roost</strong>!<br></div><div class="battle-history"><small>Guitar Hero had its HP restored.</small><br></div><div class="battle-history"><small>(Guitar Hero loses Flying type this turn.)</small><br></div><div class="spacer battle-history"><br></div><div class="battle-history"><small>The mist disappeared from the battlefield.</small><br></div><div class="spacer battle-history"><br></div><h2 class="battle-history">Turn 32</h2><div class="chat chatmessage-blauebrause"><strong style="color:#6b66e4"><small>☆</small><span class="username" data-name="BlaueBrause">BlaueBrause</span>:</strong> <em>it's going to be a very long battle</em></div><div class="chat chatmessage-blauebrause"><strong style="color:#6b66e4"><small>☆</small><span class="username" data-name="BlaueBrause">BlaueBrause</span>:</strong> <em>i feel</em></div><div class="spacer battle-history"><br></div><div class="battle-history">Guitar Hero, come back!<br></div><div class="battle-history">Go! ... (<strong>Excadrill</strong>)!<br></div><div class="battle-history">[...'s Mold Breaker]<br><small>... breaks the mold!</small><br></div><div class="spacer battle-history"><br></div><div class="battle-history">The opposing Blissey used <strong>Stealth Rock</strong>!<br></div><div class="battle-history"><small>Pointed stones float in the air around your team!</small><br></div><div class="spacer battle-history"><br></div><div class="battle-history"><small>... restored a little HP using its Leftovers!</small><br></div><div class="spacer battle-history"><br></div><h2 class="battle-history">Turn 33</h2><div class="spacer battle-history"><br></div><div class="battle-history">Mossy Sandwich withdrew Blissey!<br></div><div class="battle-history">Mossy Sandwich sent out <strong>Rillaboom</strong>!<br></div><div class="battle-history">[The opposing Rillaboom's Grassy Surge]<br><small>Grass grew to cover the battlefield!</small><br></div><div class="spacer battle-history"><br></div><div class="battle-history">... used <strong>Iron Head</strong>!<br></div><div class="battle-history"><small>(The opposing Rillaboom lost 41% of its health!)</small><br></div><div class="spacer battle-history"><br></div><div class="battle-history"><small>The opposing Rillaboom's HP was restored.</small><br></div><div class="spacer battle-history"><br></div><h2 class="battle-history">Turn 34</h2><div class="spacer battle-history"><br></div><div class="battle-history">... used <strong>Protect</strong>!<br></div><div class="battle-history"><small>... protected itself!</small><br></div><div class="spacer battle-history"><br></div><div class="battle-history">The opposing Rillaboom used <strong>High Horsepower</strong>!<br></div><div class="battle-history"><small>... protected itself!</small><br></div><div class="spacer battle-history"><br></div><div class="battle-history"><small>The opposing Rillaboom's HP was restored.</small><br></div><div class="spacer battle-history"><br></div><h2 class="battle-history">Turn 35</h2><div class="spacer battle-history"><br></div><div class="battle-history">..., come back!<br></div><div class="battle-history">Go! Guitar Hero (<strong>Zapdos</strong>)!<br></div><div class="spacer battle-history"><br></div><div class="battle-history">Mossy Sandwich withdrew Rillaboom!<br></div><div class="battle-history">Mossy Sandwich sent out <strong>Blissey</strong>!<br></div><div class="spacer battle-history"><br></div><h2 class="battle-history">Turn 36</h2><div class="spacer battle-history"><br></div><div class="battle-history">Guitar Hero, come back!<br></div><div class="battle-history">Go! ... (<strong>Excadrill</strong>)!<br></div><div class="battle-history"><small>Pointed stones dug into ...!</small><br></div><div class="battle-history">[...'s Mold Breaker]<br><small>... breaks the mold!</small><br></div><div class="spacer battle-history"><br></div><div class="battle-history">The opposing Blissey used <strong>Seismic Toss</strong>!<br></div><div class="battle-history"><small>(... lost 27% of its health!)</small><br></div><div class="spacer battle-history"><br></div><div class="battle-history"><small>... restored a little HP using its Leftovers!</small><br></div><div class="battle-history"><small>...'s HP was restored.</small><br></div><div class="spacer battle-history"><br></div><h2 class="battle-history">Turn 37</h2><div class="spacer battle-history"><br></div><div class="battle-history">Mossy Sandwich withdrew Blissey!<br></div><div class="battle-history">Mossy Sandwich sent out <strong>Corviknight</strong>!<br></div><div class="battle-history">[The opposing Corviknight's Pressure]<br><small>The opposing Corviknight is exerting its pressure!</small><br></div><div class="spacer battle-history"><br></div><div class="battle-history">... used <strong>Iron Head</strong>!<br></div><div class="battle-history"><small>It's not very effective...</small><br></div><div class="battle-history"><small>(The opposing Corviknight lost 10% of its health!)</small><br></div><div class="spacer battle-history"><br></div><div class="battle-history"><small>... restored a little HP using its Leftovers!</small><br></div><div class="battle-history"><small>...'s HP was restored.</small><br></div><div class="battle-history"><small>The opposing Corviknight restored a little HP using its Leftovers!</small><br></div><div class="battle-history"><small>The grass disappeared from the battlefield.</small><br></div><div class="spacer battle-history"><br></div><h2 class="battle-history">Turn 38</h2><div class="spacer battle-history"><br></div><div class="battle-history">..., come back!<br></div><div class="battle-history">Go! Guitar Hero (<strong>Zapdos</strong>)!<br></div><div class="spacer battle-history"><br></div><div class="battle-history">The opposing Corviknight used <strong>U-turn</strong>!<br></div><div class="battle-history"><small>It's not very effective...</small><br></div><div class="battle-history"><small>(Guitar Hero lost 5% of its health!)</small><br></div><div class="spacer battle-history"><br></div><div class="battle-history">The opposing Corviknight went back to Mossy Sandwich!<br></div><div class="battle-history">Mossy Sandwich sent out <strong>Blissey</strong>!<br></div><div class="spacer battle-history"><br></div><h2 class="battle-history">Turn 39</h2><div class="spacer battle-history"><br></div><div class="battle-history">Guitar Hero used <strong>Defog</strong>!<br></div><div class="battle-history"><small>The opposing Blissey's evasiveness fell!</small><br></div><div class="battle-history"><small>The pointed stones disappeared from around your team!</small><br></div><div class="spacer battle-history"><br></div><div class="battle-history">The opposing Blissey used <strong>Seismic Toss</strong>!<br></div><div class="battle-history"><small>(Guitar Hero lost 26% of its health!)</small><br></div><div class="battle-history">[Guitar Hero's Static]<br><small>The opposing Blissey is paralyzed! It may be unable to move!</small><br></div><div class="spacer battle-history"><br></div><h2 class="battle-history">Turn 40</h2><div class="spacer battle-history"><br></div><div class="battle-history">Guitar Hero used <strong>Roost</strong>!<br></div><div class="battle-history"><small>Guitar Hero had its HP restored.</small><br></div><div class="battle-history"><small>(Guitar Hero loses Flying type this turn.)</small><br></div><div class="spacer battle-history"><br></div><div class="battle-history">The opposing Blissey used <strong>Teleport</strong>!<br></div><div class="spacer battle-history"><br></div><div class="battle-history">Mossy Sandwich withdrew Blissey!<br></div><div class="battle-history">Mossy Sandwich sent out <strong>Rillaboom</strong>!<br></div><div class="battle-history">[The opposing Rillaboom's Grassy Surge]<br><small>Grass grew to cover the battlefield!</small><br></div><div class="spacer battle-history"><br></div><div class="battle-history"><small>The opposing Rillaboom's HP was restored.</small><br></div><div class="spacer battle-history"><br></div><h2 class="battle-history">Turn 41</h2><div class="spacer battle-history"><br></div><div class="battle-history">Mossy Sandwich withdrew Rillaboom!<br></div><div class="battle-history">Mossy Sandwich sent out <strong>Blissey</strong>!<br></div><div class="spacer battle-history"><br></div><div class="battle-history">Guitar Hero used <strong>Discharge</strong>!<br></div><div class="battle-history"><small>(The opposing Blissey lost 12% of its health!)</small><br></div><div class="spacer battle-history"><br></div><div class="battle-history"><small>The opposing Blissey's HP was restored.</small><br></div><div class="spacer battle-history"><br></div><h2 class="battle-history">Turn 42</h2><div class="spacer battle-history"><br></div><div class="battle-history">Guitar Hero, come back!<br></div><div class="battle-history">Go! Clefki? (<strong>Clefable</strong>)!<br></div><div class="spacer battle-history"><br></div><div class="battle-history">The opposing Blissey used <strong>Stealth Rock</strong>!<br></div><div class="battle-history"><small>Pointed stones float in the air around your team!</small><br></div><div class="spacer battle-history"><br></div><div class="battle-history"><small>The opposing Blissey's HP was restored.</small><br></div><div class="spacer battle-history"><br></div><h2 class="battle-history">Turn 43</h2><div class="spacer battle-history"><br></div><div class="battle-history">Clefki? used <strong>Stealth Rock</strong>!<br></div><div class="battle-history"><small>Pointed stones float in the air around the opposing team!</small><br></div><div class="spacer battle-history"><br></div><div class="battle-history">The opposing Blissey used <strong>Teleport</strong>!<br></div><div class="spacer battle-history"><br></div><div class="battle-history">Mossy Sandwich withdrew Blissey!<br></div><div class="battle-history">Mossy Sandwich sent out <strong>Corviknight</strong>!<br></div><div class="battle-history"><small>Pointed stones dug into the opposing Corviknight!</small><br></div><div class="battle-history">[The opposing Corviknight's Pressure]<br><small>The opposing Corviknight is exerting its pressure!</small><br></div><div class="spacer battle-history"><br></div><div class="battle-history"><small>The opposing Corviknight restored a little HP using its Leftovers!</small><br></div><div class="spacer battle-history"><br></div><h2 class="battle-history">Turn 44</h2><div class="spacer battle-history"><br></div><div class="battle-history">The opposing Corviknight used <strong>Defog</strong>!<br></div><div class="battle-history"><small>Clefki?'s evasiveness fell!</small><br></div><div class="battle-history"><small>The pointed stones disappeared from around your team!</small><br></div><div class="battle-history"><small>The pointed stones disappeared from around the opposing team!</small><br></div><div class="battle-history"><small>The grass disappeared from the battlefield.</small><br></div><div class="spacer battle-history"><br></div><div class="battle-history">Clefki? used <strong>Will-O-Wisp</strong>!<br></div><div class="battle-history"><small>The opposing Corviknight was burned!</small><br></div><div class="spacer battle-history"><br></div><div class="battle-history"><small>The opposing Corviknight restored a little HP using its Leftovers!</small><br></div><div class="battle-history"><small>The opposing Corviknight was hurt by its burn!</small><br></div><div class="spacer battle-history"><br></div><h2 class="battle-history">Turn 45</h2><div class="chat"><small> pokisokis left</small></div><div class="spacer battle-history"><br></div><div class="battle-history">Mossy Sandwich withdrew Corviknight!<br></div><div class="battle-history">Mossy Sandwich sent out <strong>Rillaboom</strong>!<br></div><div class="battle-history">[The opposing Rillaboom's Grassy Surge]<br><small>Grass grew to cover the battlefield!</small><br></div><div class="spacer battle-history"><br></div><div class="battle-history">Clefki? used <strong>Stealth Rock</strong>!<br></div><div class="battle-history"><small>Pointed stones float in the air around the opposing team!</small><br></div><div class="spacer battle-history"><br></div><div class="battle-history"><small>The opposing Rillaboom's HP was restored.</small><br></div><div class="spacer battle-history"><br></div><h2 class="battle-history">Turn 46</h2><div class="spacer battle-history"><br></div><div class="battle-history">Clefki?, come back!<br></div><div class="battle-history">Go! Guitar Hero (<strong>Zapdos</strong>)!<br></div><div class="spacer battle-history"><br></div><div class="battle-history">The opposing Rillaboom used <strong>Wood Hammer</strong>!<br></div><div class="battle-history"><small>It's not very effective...</small><br></div><div class="battle-history"><small>(Guitar Hero lost 43% of its health!)</small><br></div><div class="battle-history"><small>The opposing Rillaboom was damaged by the recoil!</small><br></div><div class="spacer battle-history"><br></div><div class="battle-history"><small>The opposing Rillaboom's HP was restored.</small><br></div><div class="spacer battle-history"><br></div><h2 class="battle-history">Turn 47</h2><div class="spacer battle-history"><br></div><div class="battle-history">Mossy Sandwich withdrew Rillaboom!<br></div><div class="battle-history">Mossy Sandwich sent out <strong>Blissey</strong>!<br></div><div class="spacer battle-history"><br></div><div class="battle-history">Guitar Hero used <strong>Roost</strong>!<br></div><div class="battle-history"><small>Guitar Hero had its HP restored.</small><br></div><div class="battle-history"><small>(Guitar Hero loses Flying type this turn.)</small><br></div><div class="spacer battle-history"><br></div><div class="battle-history"><small>The opposing Blissey's HP was restored.</small><br></div><div class="spacer battle-history"><br></div><h2 class="battle-history">Turn 48</h2><div class="spacer battle-history"><br></div><div class="battle-history">Guitar Hero, come back!<br></div><div class="battle-history">Go! ... (<strong>Excadrill</strong>)!<br></div><div class="battle-history">[...'s Mold Breaker]<br><small>... breaks the mold!</small><br></div><div class="spacer battle-history"><br></div><div class="battle-history">The opposing Blissey used <strong>Stealth Rock</strong>!<br></div><div class="battle-history"><small>Pointed stones float in the air around your team!</small><br></div><div class="spacer battle-history"><br></div><div class="battle-history"><small>... restored a little HP using its Leftovers!</small><br></div><div class="battle-history"><small>...'s HP was restored.</small><br></div><div class="spacer battle-history"><br></div><h2 class="battle-history">Turn 49</h2><div class="spacer battle-history"><br></div><div class="battle-history">..., come back!<br></div><div class="battle-history">Go! Ramoth (<strong>Volcarona</strong>)!<br></div><div class="spacer battle-history"><br></div><div class="battle-history">The opposing Blissey used <strong>Teleport</strong>!<br></div><div class="spacer battle-history"><br></div><div class="battle-history">Mossy Sandwich withdrew Blissey!<br></div><div class="battle-history">Mossy Sandwich sent out <strong>Greninja</strong>!<br></div><div class="battle-history"><small>Pointed stones dug into the opposing Greninja!</small><br></div><div class="spacer battle-history"><br></div><div class="battle-history"><small>The opposing Greninja's HP was restored.</small><br></div><div class="battle-history"><small>The grass disappeared from the battlefield.</small><br></div><div class="spacer battle-history"><br></div><h2 class="battle-history">Turn 50</h2><div class="spacer battle-history"><br></div><div class="battle-history">Ramoth, come back!<br></div><div class="battle-history">Go! Oracle of Delphi (<strong>Tapu Fini</strong>)!<br></div><div class="battle-history"><small>Pointed stones dug into Oracle of Delphi!</small><br></div><div class="battle-history">[Oracle of Delphi's Misty Surge]<br><small>Mist swirled around the battlefield!</small><br></div><div class="spacer battle-history"><br></div><div class="battle-history">The opposing Greninja used <strong>Hydro Pump</strong>!<br></div><div class="battle-history"><small>It's not very effective...</small><br></div><div class="battle-history"><small>(Oracle of Delphi lost 31% of its health!)</small><br></div><div class="spacer battle-history"><br></div><div class="battle-history"><small>Oracle of Delphi restored a little HP using its Leftovers!</small><br></div><div class="spacer battle-history"><br></div><h2 class="battle-history">Turn 51</h2><div class="spacer battle-history"><br></div><div class="battle-history">The opposing Greninja used <strong>Hydro Pump</strong>!<br></div><div class="battle-history"><small>It's not very effective...</small><br></div><div class="battle-history"><small>(Oracle of Delphi lost 14% of its health!)</small><br></div><div class="spacer battle-history"><br></div><div class="battle-history">Oracle of Delphi fainted!<br></div><div class="battle-history">[The opposing Greninja's Battle Bond]<br><small>The opposing Greninja became fully charged due to its bond with its Trainer!</small><br></div><div class="battle-history">The opposing Greninja became Ash-Greninja!<br></div><div class="spacer battle-history"><br></div><div class="battle-history">Go! Guitar Hero (<strong>Zapdos</strong>)!<br></div><div class="spacer battle-history"><br></div><h2 class="battle-history">Turn 52</h2><div class="spacer battle-history"><br></div><div class="battle-history">Mossy Sandwich withdrew Greninja!<br></div><div class="battle-history">Mossy Sandwich sent out <strong>Blissey</strong>!<br></div><div class="spacer battle-history"><br></div><div class="battle-history">Guitar Hero used <strong>Discharge</strong>!<br></div><div class="battle-history"><small>(The opposing Blissey lost 12% of its health!)</small><br></div><div class="spacer battle-history"><br></div><h2 class="battle-history">Turn 53</h2><div class="spacer battle-history"><br></div><div class="battle-history">Guitar Hero used <strong>Defog</strong>!<br></div><div class="battle-history"><small>The opposing Blissey's evasiveness fell!</small><br></div><div class="battle-history"><small>The pointed stones disappeared from around the opposing team!</small><br></div><div class="battle-history"><small>The pointed stones disappeared from around your team!</small><br></div><div class="battle-history"><small>The mist disappeared from the battlefield.</small><br></div><div class="spacer battle-history"><br></div><div class="battle-history">The opposing Blissey used <strong>Seismic Toss</strong>!<br></div><div class="battle-history"><small>(Guitar Hero lost 26% of its health!)</small><br></div><div class="spacer battle-history"><br></div><h2 class="battle-history">Turn 54</h2><div class="spacer battle-history"><br></div><div class="battle-history">Guitar Hero used <strong>Roost</strong>!<br></div><div class="battle-history"><small>Guitar Hero had its HP restored.</small><br></div><div class="battle-history"><small>(Guitar Hero loses Flying type this turn.)</small><br></div><div class="spacer battle-history"><br></div><div class="battle-history">The opposing Blissey used <strong>Teleport</strong>!<br></div><div class="spacer battle-history"><br></div><div class="battle-history">Mossy Sandwich withdrew Blissey!<br></div><div class="battle-history">Mossy Sandwich sent out <strong>Rillaboom</strong>!<br></div><div class="battle-history">[The opposing Rillaboom's Grassy Surge]<br><small>Grass grew to cover the battlefield!</small><br></div><div class="spacer battle-history"><br></div><div class="battle-history"><small>The opposing Rillaboom's HP was restored.</small><br></div><div class="spacer battle-history"><br></div><h2 class="battle-history">Turn 55</h2><div class="spacer battle-history"><br></div><div class="battle-history">Mossy Sandwich withdrew Rillaboom!<br></div><div class="battle-history">Mossy Sandwich sent out <strong>Blissey</strong>!<br></div><div class="spacer battle-history"><br></div><div class="battle-history">Guitar Hero used <strong>Discharge</strong>!<br></div><div class="battle-history"><small>(The opposing Blissey lost 11% of its health!)</small><br></div><div class="spacer battle-history"><br></div><div class="battle-history"><small>The opposing Blissey's HP was restored.</small><br></div><div class="spacer battle-history"><br></div><h2 class="battle-history">Turn 56</h2><div class="spacer battle-history"><br></div><div class="battle-history">Guitar Hero, come back!<br></div><div class="battle-history">Go! Ramoth (<strong>Volcarona</strong>)!<br></div><div class="spacer battle-history"><br></div><div class="battle-history">The opposing Blissey used <strong>Stealth Rock</strong>!<br></div><div class="battle-history"><small>Pointed stones float in the air around your team!</small><br></div><div class="spacer battle-history"><br></div><div class="battle-history"><small>The opposing Blissey's HP was restored.</small><br></div><div class="spacer battle-history"><br></div><h2 class="battle-history">Turn 57</h2><div class="spacer battle-history"><br></div><div class="battle-history">Mossy Sandwich withdrew Blissey!<br></div><div class="battle-history">Mossy Sandwich sent out Talonflame (<strong>Talonflame-Mega</strong>)!<br></div><div class="spacer battle-history"><br></div><div class="battle-history">Ramoth used <strong>Quiver Dance</strong>!<br></div><div class="battle-history"><small>Ramoth's Sp. Atk rose!</small><br></div><div class="battle-history"><small>Ramoth's Sp. Def rose!</small><br></div><div class="battle-history"><small>Ramoth's Speed rose!</small><br></div><div class="spacer battle-history"><br></div><h2 class="battle-history">Turn 58</h2><div class="spacer battle-history"><br></div><div class="battle-history">Ramoth used <strong>Quiver Dance</strong>!<br></div><div class="battle-history"><small>Ramoth's Sp. Atk rose!</small><br></div><div class="battle-history"><small>Ramoth's Sp. Def rose!</small><br></div><div class="battle-history"><small>Ramoth's Speed rose!</small><br></div><div class="spacer battle-history"><br></div><div class="battle-history">The opposing Talonflame used <strong>Hurricane</strong>!<br></div><div class="battle-history"><small>It's super effective!</small><br></div><div class="battle-history"><small>(Ramoth lost 67% of its health!)</small><br></div><div class="battle-history"><small>Ramoth became confused!</small><br></div><div class="spacer battle-history"><br></div><div class="battle-history"><small>Ramoth's HP was restored.</small><br></div><div class="battle-history"><small>The grass disappeared from the battlefield.</small><br></div><div class="spacer battle-history"><br></div><h2 class="battle-history">Turn 59</h2><div class="spacer battle-history"><br></div><div class="battle-history"><small>Ramoth is confused!</small><br></div><div class="battle-history">It hurt itself in its confusion!<br></div><div class="spacer battle-history"><br></div><div class="battle-history">The opposing Talonflame used <strong>U-turn</strong>!<br></div><div class="battle-history"><small>It's not very effective...</small><br></div><div class="battle-history"><small>(Ramoth lost 11% of its health!)</small><br></div><div class="spacer battle-history"><br></div><div class="battle-history">The opposing Talonflame went back to Mossy Sandwich!<br></div><div class="battle-history">Mossy Sandwich sent out Greninja (<strong>Greninja-Ash</strong>)!<br></div><div class="spacer battle-history"><br></div><h2 class="battle-history">Turn 60</h2><div class="spacer battle-history"><br></div><div class="battle-history">The opposing Greninja used <strong>Water Shuriken</strong>!<br></div><div class="battle-history"><small>It's super effective!</small><br></div><div class="battle-history"><small>(Ramoth lost 19% of its health!)</small><br></div><div class="battle-history"><small>It's super effective!</small><br></div><div class="battle-history"><small>(Ramoth lost 2% of its health!)</small><br></div><div class="battle-history"><small>The Pokémon was hit 2 times!</small><br></div><div class="spacer battle-history"><br></div><div class="battle-history">Ramoth fainted!<br></div><div class="chat chatmessage-mossysandwich"><strong style="color:#ba49a2"><small>☆</small><span class="username" data-name="Mossy Sandwich">Mossy Sandwich</span>:</strong> <em>sorry</em></div><div class="chat chatmessage-blauebrause"><strong style="color:#6b66e4"><small>☆</small><span class="username" data-name="BlaueBrause">BlaueBrause</span>:</strong> <em>it's okay</em></div><div class="chat chatmessage-blauebrause"><strong style="color:#6b66e4"><small>☆</small><span class="username" data-name="BlaueBrause">BlaueBrause</span>:</strong> <em>they happen, hax</em></div><div class="spacer battle-history"><br></div><div class="battle-history">Go! Eragorn (<strong>Dragonite</strong>)!<br></div><div class="battle-history"><small>Pointed stones dug into Eragorn!</small><br></div><div class="spacer battle-history"><br></div><h2 class="battle-history">Turn 61</h2><div class="spacer battle-history"><br></div><div class="battle-history">Mossy Sandwich withdrew Greninja!<br></div><div class="battle-history">Mossy Sandwich sent out Talonflame (<strong>Talonflame-Mega</strong>)!<br></div><div class="spacer battle-history"><br></div><div class="battle-history">Eragorn used <strong>Roost</strong>!<br></div><div class="battle-history"><small>Eragorn had its HP restored.</small><br></div><div class="battle-history"><small>(Eragorn loses Flying type this turn.)</small><br></div><div class="spacer battle-history"><br></div><h2 class="battle-history">Turn 62</h2><div class="spacer battle-history"><br></div><div class="battle-history"><small>Eragorn's Draconite is reacting to the Key Stone!</small><br>Eragorn has Mega Evolved into Mega Dragonite!<br></div><div class="chat"><ul class="utilichart"><li class="result"><span class="col pokemonnamecol" style="white-space: nowrap">Dragonite-Mega</span> <span class="col typecol"><img src="https://play.pokemonshowdown.com/sprites/types/Dragon.png" alt="Dragon" height="14" width="32"><img src="https://play.pokemonshowdown.com/sprites/types/Flying.png" alt="Flying" height="14" width="32"></span> <span style="float: left ; min-height: 26px"><span class="col abilitycol">Tough Claws</span><span class="col abilitycol"></span></span><span style="float: left ; min-height: 26px"><span class="col statcol"><em>HP</em><br>91</span> <span class="col statcol"><em>Atk</em><br>164</span> <span class="col statcol"><em>Def</em><br>110</span> <span class="col statcol"><em>SpA</em><br>122</span> <span class="col statcol"><em>SpD</em><br>122</span> <span class="col statcol"><em>Spe</em><br>91</span> </span></li><li style="clear: both"></li></ul></div><div class="spacer battle-history"><br></div><div class="battle-history">The opposing Talonflame used <strong>Hidden Power</strong>!<br></div><div class="battle-history"><small>It's super effective!</small><br></div><div class="battle-history"><small>(Eragorn lost 71% of its health!)</small><br></div><div class="spacer battle-history"><br></div><div class="battle-history">Eragorn used <strong>Dual Wingbeat</strong>!<br></div><div class="battle-history"><small>(The opposing Talonflame lost 49% of its health!)</small><br></div><div class="battle-history"><small>(The opposing Talonflame lost 48% of its health!)</small><br></div><div class="battle-history"><small>The Pokémon was hit 2 times!</small><br></div><div class="spacer battle-history"><br></div><h2 class="battle-history">Turn 63</h2><div class="chat chatmessage-mossysandwich"><strong style="color:#ba49a2"><small>☆</small><span class="username" data-name="Mossy Sandwich">Mossy Sandwich</span>:</strong> <em>what</em></div><div class="spacer battle-history"><br></div><div class="battle-history">The opposing Talonflame used <strong>Hidden Power</strong>!<br></div><div class="battle-history"><small>It's super effective!</small><br></div><div class="battle-history"><small>(Eragorn lost 29% of its health!)</small><br></div><div class="spacer battle-history"><br></div><div class="battle-history">Eragorn fainted!<br></div><div class="spacer battle-history"><br></div><div class="battle-history">Go! Guitar Hero (<strong>Zapdos</strong>)!<br></div><div class="spacer battle-history"><br></div><h2 class="battle-history">Turn 64</h2><div class="spacer battle-history"><br></div><div class="battle-history">The opposing Talonflame used <strong>Overheat</strong>!<br></div><div class="battle-history"><small>(Guitar Hero lost 69% of its health!)</small><br></div><div class="battle-history"><small>The opposing Talonflame's Sp. Atk fell harshly!</small><br></div><div class="spacer battle-history"><br></div><div class="battle-history">Guitar Hero used <strong>Discharge</strong>!<br></div><div class="battle-history"><small>It's super effective!</small><br></div><div class="battle-history"><small>(The opposing Talonflame lost 3% of its health!)</small><br></div><div class="spacer battle-history"><br></div><div class="battle-history">The opposing Talonflame fainted!<br></div><div class="spacer battle-history"><br></div><div class="battle-history">Mossy Sandwich sent out <strong>Rillaboom</strong>!<br></div><div class="battle-history">[The opposing Rillaboom's Grassy Surge]<br><small>Grass grew to cover the battlefield!</small><br></div><div class="spacer battle-history"><br></div><h2 class="battle-history">Turn 65</h2><div class="spacer battle-history"><br></div><div class="battle-history">The opposing Rillaboom used <strong>Wood Hammer</strong>!<br></div><div class="battle-history"><small>It's not very effective...</small><br></div><div class="battle-history"><small>(Guitar Hero lost 31% of its health!)</small><br></div><div class="battle-history"><small>The opposing Rillaboom was damaged by the recoil!</small><br></div><div class="spacer battle-history"><br></div><div class="battle-history">Guitar Hero fainted!<br></div><div class="spacer battle-history"><br></div><div class="battle-history"><small>The opposing Rillaboom's HP was restored.</small><br></div><div class="spacer battle-history"><br></div><div class="battle-history">Go! ... (<strong>Excadrill</strong>)!<br></div><div class="battle-history"><small>Pointed stones dug into ...!</small><br></div><div class="battle-history">[...'s Mold Breaker]<br><small>... breaks the mold!</small><br></div><div class="spacer battle-history"><br></div><h2 class="battle-history">Turn 66</h2><div class="spacer battle-history"><br></div><div class="battle-history">Mossy Sandwich withdrew Rillaboom!<br></div><div class="battle-history">Mossy Sandwich sent out <strong>Corviknight</strong>!<br></div><div class="battle-history">[The opposing Corviknight's Pressure]<br><small>The opposing Corviknight is exerting its pressure!</small><br></div><div class="spacer battle-history"><br></div><div class="battle-history">... used <strong>Iron Head</strong>!<br></div><div class="battle-history"><small>It's not very effective...</small><br></div><div class="battle-history"><small>(The opposing Corviknight lost 10% of its health!)</small><br></div><div class="spacer battle-history"><br></div><div class="battle-history"><small>... restored a little HP using its Leftovers!</small><br></div><div class="battle-history"><small>The opposing Corviknight restored a little HP using its Leftovers!</small><br></div><div class="battle-history"><small>The opposing Corviknight was hurt by its burn!</small><br></div><div class="spacer battle-history"><br></div><h2 class="battle-history">Turn 67</h2><div class="spacer battle-history"><br></div><div class="battle-history">..., come back!<br></div><div class="battle-history">Go! Clefki? (<strong>Clefable</strong>)!<br></div><div class="battle-history"><small>Pointed stones dug into Clefki?!</small><br></div><div class="spacer battle-history"><br></div><div class="battle-history">The opposing Corviknight used <strong>U-turn</strong>!<br></div><div class="battle-history"><small>It's not very effective...</small><br></div><div class="battle-history"><small>(Clefki? lost 2% of its health!)</small><br></div><div class="spacer battle-history"><br></div><div class="battle-history">The opposing Corviknight went back to Mossy Sandwich!<br></div><div class="battle-history">Mossy Sandwich sent out <strong>Rillaboom</strong>!<br></div><div class="spacer battle-history"><br></div><div class="battle-history"><small>The opposing Rillaboom's HP was restored.</small><br></div><div class="battle-history"><small>Clefki? restored a little HP using its Leftovers!</small><br></div><div class="battle-history"><small>Clefki?'s HP was restored.</small><br></div><div class="spacer battle-history"><br></div><h2 class="battle-history">Turn 68</h2><div class="spacer battle-history"><br></div><div class="battle-history">The opposing Rillaboom used <strong>Wood Hammer</strong>!<br></div><div class="battle-history"><small>(Clefki? lost 96% of its health!)</small><br></div><div class="battle-history"><small>The opposing Rillaboom was damaged by the recoil!</small><br></div><div class="spacer battle-history"><br></div><div class="battle-history">Clefki? used <strong>Will-O-Wisp</strong>!<br></div><div class="battle-history"><small>The opposing Rillaboom was burned!</small><br></div><div class="spacer battle-history"><br></div><div class="battle-history"><small>The opposing Rillaboom's HP was restored.</small><br></div><div class="battle-history"><small>Clefki? restored a little HP using its Leftovers!</small><br></div><div class="battle-history"><small>Clefki?'s HP was restored.</small><br></div><div class="battle-history"><small>The opposing Rillaboom was hurt by its burn!</small><br></div><div class="spacer battle-history"><br></div><h2 class="battle-history">Turn 69</h2><div class="chat chatmessage-blauebrause"><strong style="color:#6b66e4"><small>☆</small><span class="username" data-name="BlaueBrause">BlaueBrause</span>:</strong> <em>gg</em></div><div class="spacer battle-history"><br></div><div class="battle-history">The opposing Rillaboom used <strong>Wood Hammer</strong>!<br></div><div class="battle-history"><small>A critical hit!</small><br></div><div class="battle-history"><small>(Clefki? lost 14% of its health!)</small><br></div><div class="battle-history"><small>The opposing Rillaboom was damaged by the recoil!</small><br></div><div class="spacer battle-history"><br></div><div class="battle-history">Clefki? fainted!<br></div><div class="spacer battle-history"><br></div><div class="battle-history"><small>The opposing Rillaboom's HP was restored.</small><br></div><div class="battle-history"><small>The grass disappeared from the battlefield.</small><br></div><div class="battle-history"><small>The opposing Rillaboom was hurt by its burn!</small><br></div><div class="chat chatmessage-mossysandwich"><strong style="color:#ba49a2"><small>☆</small><span class="username" data-name="Mossy Sandwich">Mossy Sandwich</span>:</strong> <em>gg</em></div><div class="spacer battle-history"><br></div><div class="battle-history">Go! ... (<strong>Excadrill</strong>)!<br></div><div class="battle-history"><small>Pointed stones dug into ...!</small><br></div><div class="battle-history">[...'s Mold Breaker]<br><small>... breaks the mold!</small><br></div><div class="spacer battle-history"><br></div><h2 class="battle-history">Turn 70</h2><div class="spacer battle-history"><br></div><div class="battle-history">Mossy Sandwich withdrew Rillaboom!<br></div><div class="battle-history">Mossy Sandwich sent out <strong>Corviknight</strong>!<br></div><div class="battle-history">[The opposing Corviknight's Pressure]<br><small>The opposing Corviknight is exerting its pressure!</small><br></div><div class="spacer battle-history"><br></div><div class="battle-history">... used <strong>Iron Head</strong>!<br></div><div class="battle-history"><small>It's not very effective...</small><br></div><div class="battle-history"><small>(The opposing Corviknight lost 11% of its health!)</small><br></div><div class="spacer battle-history"><br></div><div class="battle-history"><small>... restored a little HP using its Leftovers!</small><br></div><div class="battle-history"><small>The opposing Corviknight restored a little HP using its Leftovers!</small><br></div><div class="battle-history"><small>The opposing Corviknight was hurt by its burn!</small><br></div><div class="spacer battle-history"><br></div><h2 class="battle-history">Turn 71</h2><div class="spacer battle-history"><br></div><div class="battle-history"><small>BlaueBrause forfeited.</small><br></div><div class="spacer battle-history"><br></div><div class="battle-history"><strong>Mossy Sandwich</strong> won the battle!<br></div><div class="chat chatmessage-blauebrause"><strong style="color:#6b66e4"><small>☆</small><span class="username" data-name="BlaueBrause">BlaueBrause</span>:</strong> <em>let me post the replay</em></div><div class="chat chatmessage-blauebrause"><strong style="color:#6b66e4"><small>☆</small><span class="username" data-name="BlaueBrause">BlaueBrause</span>:</strong> <em>oh, you wre faster</em></div><div class="chat chatmessage-coppersmith"><strong style="color:#0aa445"><small> </small><span class="username" data-name="Coppersmith">Coppersmith</span>:</strong> <em>am i gonna fight mossy or blue</em></div><div class="chat chatmessage-coppersmith"><strong style="color:#0aa445"><small> </small><span class="username" data-name="Coppersmith">Coppersmith</span>:</strong> <em>or is it undecided</em></div><div class="chat"><small> Coppersmith joined; ☆Mossy Sandwich and  Coppersmith left</small></div></div><div class="inner-preempt message-log"></div></div></div>
</div>
<script>
let daily = Math.floor(Date.now()/1000/60/60/24);document.write('<script src="https://dragonheaven.herokuapp.com/js/replay-embed.js?version'+daily+'"></'+'script>');
</script>
