<!DOCTYPE html>
<meta charset="utf-8" />
<!-- version 1 -->
<title>[Gen 8] Megas for All replay: harmony96369 vs. ViZarPKMN</title>
<style>
html,body {font-family:Verdana, sans-serif;font-size:10pt;margin:0;padding:0;}body{padding:12px 0;} .battle-log {font-family:Verdana, sans-serif;font-size:10pt;} .battle-log-inline {border:1px solid #AAAAAA;background:#EEF2F5;color:black;max-width:640px;margin:0 auto 80px;padding-bottom:5px;} .battle-log .inner {padding:4px 8px 0px 8px;} .battle-log .inner-preempt {padding:0 8px 4px 8px;} .battle-log .inner-after {margin-top:0.5em;} .battle-log h2 {margin:0.5em -8px;padding:4px 8px;border:1px solid #AAAAAA;background:#E0E7EA;border-left:0;border-right:0;font-family:Verdana, sans-serif;font-size:13pt;} .battle-log .chat {vertical-align:middle;padding:3px 0 3px 0;font-size:8pt;} .battle-log .chat strong {color:#40576A;} .battle-log .chat em {padding:1px 4px 1px 3px;color:#000000;font-style:normal;} .chat.mine {background:rgba(0,0,0,0.05);margin-left:-8px;margin-right:-8px;padding-left:8px;padding-right:8px;} .spoiler {color:#BBBBBB;background:#BBBBBB;padding:0px 3px;} .spoiler:hover, .spoiler:active, .spoiler-shown {color:#000000;background:#E2E2E2;padding:0px 3px;} .spoiler a {color:#BBBBBB;} .spoiler:hover a, .spoiler:active a, .spoiler-shown a {color:#2288CC;} .chat code, .chat .spoiler:hover code, .chat .spoiler:active code, .chat .spoiler-shown code {border:1px solid #C0C0C0;background:#EEEEEE;color:black;padding:0 2px;} .chat .spoiler code {border:1px solid #CCCCCC;background:#CCCCCC;color:#CCCCCC;} .battle-log .rated {padding:3px 4px;} .battle-log .rated strong {color:white;background:#89A;padding:1px 4px;border-radius:4px;} .spacer {margin-top:0.5em;} .message-announce {background:#6688AA;color:white;padding:1px 4px 2px;} .message-announce a, .broadcast-green a, .broadcast-blue a, .broadcast-red a {color:#DDEEFF;} .broadcast-green {background-color:#559955;color:white;padding:2px 4px;} .broadcast-blue {background-color:#6688AA;color:white;padding:2px 4px;} .infobox {border:1px solid #6688AA;padding:2px 4px;} .infobox-limited {max-height:200px;overflow:auto;overflow-x:hidden;} .broadcast-red {background-color:#AA5544;color:white;padding:2px 4px;} .message-learn-canlearn {font-weight:bold;color:#228822;text-decoration:underline;} .message-learn-cannotlearn {font-weight:bold;color:#CC2222;text-decoration:underline;} .message-effect-weak {font-weight:bold;color:#CC2222;} .message-effect-resist {font-weight:bold;color:#6688AA;} .message-effect-immune {font-weight:bold;color:#666666;} .message-learn-list {margin-top:0;margin-bottom:0;} .message-throttle-notice, .message-error {color:#992222;} .message-overflow, .chat small.message-overflow {font-size:0pt;} .message-overflow::before {font-size:9pt;content:'...';} .subtle {color:#3A4A66;}
</style>
<div class="wrapper replay-wrapper" style="max-width:1180px;margin:0 auto">
<input type="hidden" name="replayid" value="dragonheaven-gen8megasforall-317-ubdndyl90dg7x1kpwsa4gqx73q14ljnpw" />
<div class="battle"></div><div class="battle-log"></div><div class="replay-controls"></div><div class="replay-controls-2"></div>
<h1 style="font-weight:normal;text-align:center"><strong>[Gen 8] Megas for All</strong><br /><a href="http://pokemonshowdown.com/users/harmony96369" class="subtle" target="_blank">harmony96369</a> vs. <a href="http://pokemonshowdown.com/users/vizarpkmn" class="subtle" target="_blank">ViZarPKMN</a></h1>
<script type="text/plain" class="battle-log-data">|raw|<div class="broadcast-red"><strong>This battle is invite-only!<\/strong><br \/>Users must be invited with <code>\/invite<\/code> (or be staff) to join<\/div>
|j|☆harmony96369
|j|☆ViZarPKMN

|t:|1619628737
|player|p1|harmony96369|169|
|player|p2|ViZarPKMN|benga|
|teamsize|p1|6
|teamsize|p2|6
|gametype|singles
|gen|8
|tier|[Gen 8] Megas for All
|clearpoke
|poke|p1|Tapu Koko|
|poke|p1|Rotom-Wash|
|poke|p1|Luxray, F|
|poke|p1|Zeraora|
|poke|p1|Zapdos|
|poke|p1|Raichu-Alola, F|
|poke|p2|Melmetal|
|poke|p2|Corviknight, M|
|poke|p2|Ferrothorn, F|
|poke|p2|Heatran, F|
|poke|p2|Jirachi|
|poke|p2|Excadrill, F|
|rule|HP Percentage Mod: HP is shown in percentages
|rule|Endless Battle Clause: Forcing endless battles is banned
|rule|OHKO Clause: OHKO moves are banned
|rule|Evasion Moves Clause: Evasion moves are banned
|rule|Species Clause: Limit one of each Pokémon
|rule|Dynamax Clause: You cannot dynamax
|rule|Sleep Clause Mod: Limit one foe put to sleep
|rule|Freeze Clause Mod: Limit one foe frozen
|raw|<img src="https:\/\/www.smogon.com\/forums\/attachments\/banner_2-png.302358\/" height="65" width="381">
|-message|Welcome to Megas for All!
|-message|This is a National Dex-based format where we aim to give a new Mega Evolution to every Pokémon.
|-message|Just like any official format, you can still only Mega Evolve one Pokémon per team!
|-message|You can find our thread and metagame resources here:
|-message|https:\/\/www.smogon.com\/forums\/threads\/3671140\/
|teampreview
|c|☆harmony96369|warning: this battle is a rickroll
|
|t:|1619628754
|start
|switch|p1a: Never|Tapu Koko, shiny|100\/100
|switch|p2a: Excadrill|Excadrill, F|361\/361
|-ability|p2a: Excadrill|Mold Breaker
|-fieldstart|move: Electric Terrain|[from] ability: Electric Surge|[of] p1a: Never
|turn|1
|
|t:|1619628800
|move|p2a: Excadrill|Earthquake|p1a: Never
|-supereffective|p1a: Never
|-damage|p1a: Never|0 fnt
|faint|p1a: Never
|
|upkeep
|
|t:|1619628806
|switch|p1a: ~Rick|Raichu-Alola, F|100\/100
|turn|2
|
|t:|1619628809
|switch|p2a: Ferrothorn|Ferrothorn, F|352\/352
|move|p1a: ~Rick|Focus Blast|p2a: Ferrothorn
|-supereffective|p2a: Ferrothorn
|-damage|p2a: Ferrothorn|134\/352
|
|-heal|p2a: Ferrothorn|156\/352|[from] item: Leftovers
|upkeep
|turn|3
|
|t:|1619628816
|move|p2a: Ferrothorn|Protect|p2a: Ferrothorn
|-singleturn|p2a: Ferrothorn|Protect
|move|p1a: ~Rick|Nasty Plot|p1a: ~Rick
|-boost|p1a: ~Rick|spa|2
|
|-heal|p2a: Ferrothorn|178\/352|[from] item: Leftovers
|upkeep
|turn|4
|
|t:|1619628847
|switch|p2a: Heatran|Heatran, F|385\/385
|move|p1a: ~Rick|Focus Blast|p2a: Heatran
|-supereffective|p2a: Heatran
|-damage|p2a: Heatran|7\/385
|
|-heal|p2a: Heatran|31\/385|[from] item: Leftovers
|upkeep
|turn|5
|
|t:|1619628854
|move|p2a: Heatran|Protect|p2a: Heatran
|-singleturn|p2a: Heatran|Protect
|move|p1a: ~Rick|Psychic|p2a: Heatran
|-activate|p2a: Heatran|move: Protect
|
|-heal|p2a: Heatran|55\/385|[from] item: Leftovers
|-fieldend|move: Electric Terrain
|upkeep
|turn|6
|
|t:|1619628862
|move|p1a: ~Rick|Rising Voltage|p2a: Heatran
|-damage|p2a: Heatran|0 fnt
|faint|p2a: Heatran
|
|upkeep
|
|t:|1619628865
|switch|p2a: Excadrill|Excadrill, F|361\/361
|-ability|p2a: Excadrill|Mold Breaker
|turn|7
|
|t:|1619628870
|move|p2a: Excadrill|Earthquake|p1a: ~Rick
|-supereffective|p1a: ~Rick
|-enditem|p1a: ~Rick|Focus Sash
|-damage|p1a: ~Rick|1\/100
|move|p1a: ~Rick|Focus Blast|p2a: Excadrill|[miss]
|-miss|p1a: ~Rick|p2a: Excadrill
|
|upkeep
|turn|8
|
|t:|1619628877
|move|p2a: Excadrill|Earthquake|p1a: ~Rick
|-supereffective|p1a: ~Rick
|-damage|p1a: ~Rick|0 fnt
|faint|p1a: ~Rick
|
|upkeep
|c|☆harmony96369|dammit
|
|t:|1619628882
|switch|p1a: Up|Zapdos|100\/100
|turn|9
|
|t:|1619628887
|switch|p2a: Ferrothorn|Ferrothorn, F|178\/352
|move|p1a: Up|Volt Switch|p2a: Ferrothorn
|-resisted|p2a: Ferrothorn
|-damage|p2a: Ferrothorn|121\/352
|
|t:|1619628892
|switch|p1a: Gonna|Rotom-Wash|100\/100|[from]move: Volt Switch
|
|-heal|p2a: Ferrothorn|143\/352|[from] item: Leftovers
|upkeep
|turn|10
|
|t:|1619628901
|move|p1a: Gonna|Will-O-Wisp|p2a: Ferrothorn|[miss]
|-miss|p1a: Gonna|p2a: Ferrothorn
|move|p2a: Ferrothorn|Power Whip|p1a: Gonna
|-supereffective|p1a: Gonna
|-damage|p1a: Gonna|17\/100
|
|-heal|p1a: Gonna|23\/100|[from] item: Leftovers
|-heal|p2a: Ferrothorn|165\/352|[from] item: Leftovers
|upkeep
|turn|11
|
|t:|1619628909
|move|p1a: Gonna|Will-O-Wisp|p2a: Ferrothorn
|-status|p2a: Ferrothorn|brn
|move|p2a: Ferrothorn|Stealth Rock|p1a: Gonna
|-sidestart|p1: harmony96369|move: Stealth Rock
|
|-heal|p1a: Gonna|29\/100|[from] item: Leftovers
|-heal|p2a: Ferrothorn|187\/352 brn|[from] item: Leftovers
|-damage|p2a: Ferrothorn|165\/352 brn|[from] brn
|upkeep
|turn|12
|
|t:|1619628918
|move|p1a: Gonna|Defog|p2a: Ferrothorn
|-unboost|p2a: Ferrothorn|evasion|1
|-sideend|p1: harmony96369|Stealth Rock|[from] move: Defog|[of] p1a: Gonna
|move|p2a: Ferrothorn|Leech Seed|p1a: Gonna
|-start|p1a: Gonna|move: Leech Seed
|
|-heal|p1a: Gonna|36\/100|[from] item: Leftovers
|-heal|p2a: Ferrothorn|187\/352 brn|[from] item: Leftovers
|-damage|p1a: Gonna|23\/100|[from] Leech Seed|[of] p2a: Ferrothorn
|-heal|p2a: Ferrothorn|225\/352 brn|[silent]
|-damage|p2a: Ferrothorn|203\/352 brn|[from] brn
|upkeep
|turn|13
|
|t:|1619628929
|switch|p1a: Up|Zapdos|100\/100
|move|p2a: Ferrothorn|Stealth Rock|p1a: Up
|-sidestart|p1: harmony96369|move: Stealth Rock
|
|-heal|p2a: Ferrothorn|225\/352 brn|[from] item: Leftovers
|-damage|p2a: Ferrothorn|203\/352 brn|[from] brn
|upkeep
|turn|14
|
|t:|1619628972
|move|p1a: Up|Heat Wave|p2a: Ferrothorn
|-supereffective|p2a: Ferrothorn
|-damage|p2a: Ferrothorn|0 fnt
|faint|p2a: Ferrothorn
|
|upkeep
|
|t:|1619628984
|switch|p2a: Jirachi|Jirachi, shiny|341\/341
|turn|15
|
|t:|1619628990
|-zpower|p2a: Jirachi
|move|p2a: Jirachi|Z-Happy Hour|p2a: Jirachi|[anim]Happy Hour
|-boost|p2a: Jirachi|atk|1|[zeffect]
|-boost|p2a: Jirachi|def|1|[zeffect]
|-boost|p2a: Jirachi|spa|1|[zeffect]
|-boost|p2a: Jirachi|spd|1|[zeffect]
|-boost|p2a: Jirachi|spe|1|[zeffect]
|move|p1a: Up|Volt Switch|p2a: Jirachi
|-damage|p2a: Jirachi|248\/341
|
|t:|1619628999
|switch|p1a: Gonna|Rotom-Wash|23\/100|[from]move: Volt Switch
|-damage|p1a: Gonna|11\/100|[from] Stealth Rock
|
|-heal|p1a: Gonna|17\/100|[from] item: Leftovers
|upkeep
|turn|16
|
|t:|1619629006
|move|p2a: Jirachi|Psychic|p1a: Gonna
|-damage|p1a: Gonna|0 fnt
|faint|p1a: Gonna
|
|upkeep
|
|t:|1619629010
|switch|p1a: Give|Luxray, F|100\/100
|-damage|p1a: Give|88\/100|[from] Stealth Rock
|-ability|p1a: Give|Intimidate|boost
|-unboost|p2a: Jirachi|atk|1
|turn|17
|
|t:|1619629015
|detailschange|p1a: Give|Luxray-Mega, F
|-mega|p1a: Give|Luxray|Luxrite
|-start|p1a: Give|typechange|Electric|[silent]
|raw|<ul class="utilichart"><li class="result"><span class="col pokemonnamecol" style="white-space: nowrap">Luxray-Mega<\/span> <span class="col typecol"><img src="https:\/\/play.pokemonshowdown.com\/sprites\/types\/Electric.png" alt="Electric" height="14" width="32"><\/span> <span style="float: left ; min-height: 26px"><span class="col abilitycol">Ambush<\/span><span class="col abilitycol"><\/span><\/span><span style="float: left ; min-height: 26px"><span class="col statcol"><em>HP<\/em><br>80<\/span> <span class="col statcol"><em>Atk<\/em><br>160<\/span> <span class="col statcol"><em>Def<\/em><br>89<\/span> <span class="col statcol"><em>SpA<\/em><br>125<\/span> <span class="col statcol"><em>SpD<\/em><br>89<\/span> <span class="col statcol"><em>Spe<\/em><br>80<\/span> <\/span><\/li><li style="clear: both"><\/li><\/ul>
|move|p2a: Jirachi|Psychic|p1a: Give
|-damage|p1a: Give|12\/100
|-unboost|p1a: Give|spd|1
|move|p1a: Give|Agility|p1a: Give
|-boost|p1a: Give|spe|2
|
|upkeep
|turn|18
|
|t:|1619629023
|move|p1a: Give|Wild Charge|p2a: Jirachi
|-crit|p2a: Jirachi
|-damage|p2a: Jirachi|0 fnt
|-damage|p1a: Give|0 fnt|[from] Recoil
|faint|p2a: Jirachi
|faint|p1a: Give
|
|upkeep
|
|t:|1619629030
|switch|p2a: Melmetal|Melmetal|472\/472
|switch|p1a: You|Zeraora|100\/100
|-damage|p1a: You|88\/100|[from] Stealth Rock
|turn|19
|
|t:|1619629041
|-zpower|p1a: You
|move|p1a: You|Gigavolt Havoc|p2a: Melmetal|[zeffect]
|-damage|p2a: Melmetal|262\/472
|move|p2a: Melmetal|Ice Punch|p1a: You
|-damage|p1a: You|12\/100
|
|upkeep
|turn|20
|
|t:|1619629049
|switch|p2a: Corviknight|Corviknight, M|399\/399
|-ability|p2a: Corviknight|Pressure
|move|p1a: You|Close Combat|p2a: Corviknight
|-crit|p2a: Corviknight
|-damage|p2a: Corviknight|222\/399
|-unboost|p1a: You|def|1
|-unboost|p1a: You|spd|1
|
|upkeep
|turn|21
|
|t:|1619629060
|detailschange|p2a: Corviknight|Corviknight-Mega, M
|-mega|p2a: Corviknight|Corviknight|Corviknite
|-ability|p2a: Corviknight|Intimidate|boost
|-unboost|p1a: You|atk|1
|-start|p2a: Corviknight|typechange|Flying\/Steel|[silent]
|raw|<ul class="utilichart"><li class="result"><span class="col pokemonnamecol" style="white-space: nowrap">Corviknight-Mega<\/span> <span class="col typecol"><img src="https:\/\/play.pokemonshowdown.com\/sprites\/types\/Flying.png" alt="Flying" height="14" width="32"><img src="https:\/\/play.pokemonshowdown.com\/sprites\/types\/Steel.png" alt="Steel" height="14" width="32"><\/span> <span style="float: left ; min-height: 26px"><span class="col abilitycol">Intimidate<\/span><span class="col abilitycol"><\/span><\/span><span style="float: left ; min-height: 26px"><span class="col statcol"><em>HP<\/em><br>98<\/span> <span class="col statcol"><em>Atk<\/em><br>117<\/span> <span class="col statcol"><em>Def<\/em><br>120<\/span> <span class="col statcol"><em>SpA<\/em><br>78<\/span> <span class="col statcol"><em>SpD<\/em><br>105<\/span> <span class="col statcol"><em>Spe<\/em><br>77<\/span> <\/span><\/li><li style="clear: both"><\/li><\/ul>
|move|p1a: You|Blaze Kick|p2a: Corviknight|[miss]
|-miss|p1a: You|p2a: Corviknight
|move|p2a: Corviknight|U-turn|p1a: You
|-damage|p1a: You|0 fnt
|faint|p1a: You
|
|t:|1619629066
|switch|p2a: Excadrill|Excadrill, F|361\/361
|-ability|p2a: Excadrill|Mold Breaker
|
|upkeep
|
|t:|1619629071
|switch|p1a: Up|Zapdos|100\/100
|turn|22
|
|t:|1619629074
|move|p2a: Excadrill|Toxic|p1a: Up
|-status|p1a: Up|tox
|move|p1a: Up|Heat Wave|p2a: Excadrill
|-supereffective|p2a: Excadrill
|-damage|p2a: Excadrill|33\/361
|
|-damage|p1a: Up|94\/100 tox|[from] psn
|upkeep
|turn|23
|
|t:|1619629081
|switch|p2a: Corviknight|Corviknight-Mega, M|222\/399
|-start|p2a: Corviknight|typechange|Flying\/Steel|[silent]
|-ability|p2a: Corviknight|Intimidate|boost
|-unboost|p1a: Up|atk|1
|move|p1a: Up|Heat Wave|p2a: Corviknight
|-supereffective|p2a: Corviknight
|-damage|p2a: Corviknight|72\/399
|
|-damage|p1a: Up|82\/100 tox|[from] psn
|upkeep
|turn|24
|
|t:|1619629094
|switch|p2a: Excadrill|Excadrill, F|33\/361
|-ability|p2a: Excadrill|Mold Breaker
|move|p1a: Up|Volt Switch|p2a: Excadrill
|-immune|p2a: Excadrill
|
|-damage|p1a: Up|64\/100 tox|[from] psn
|upkeep
|turn|25
|
|t:|1619629105
|switch|p2a: Corviknight|Corviknight-Mega, M|72\/399
|-start|p2a: Corviknight|typechange|Flying\/Steel|[silent]
|-ability|p2a: Corviknight|Intimidate|boost
|-unboost|p1a: Up|atk|1
|move|p1a: Up|Heat Wave|p2a: Corviknight
|-supereffective|p2a: Corviknight
|-damage|p2a: Corviknight|0 fnt
|faint|p2a: Corviknight
|
|-damage|p1a: Up|40\/100 tox|[from] psn
|upkeep
|
|t:|1619629110
|switch|p2a: Melmetal|Melmetal|262\/472
|turn|26
|
|t:|1619629116
|move|p1a: Up|Roost|p1a: Up
|-heal|p1a: Up|91\/100 tox
|-singleturn|p1a: Up|move: Roost
|move|p2a: Melmetal|Ice Punch|p1a: Up
|-damage|p1a: Up|37\/100 tox
|
|-damage|p1a: Up|7\/100 tox|[from] psn
|upkeep
|turn|27
|
|t:|1619629124
|move|p1a: Up|Heat Wave|p2a: Melmetal
|-supereffective|p2a: Melmetal
|-damage|p2a: Melmetal|0 fnt
|faint|p2a: Melmetal
|
|-damage|p1a: Up|0 fnt|[from] psn
|faint|p1a: Up
|
|win|ViZarPKMN
|upkeep
|c|☆ViZarPKMN|gg</script>
</div>
<div class="battle-log battle-log-inline"><div class="inner"><div class="battle-options"><div style="padding-top: 3px; padding-right: 3px; text-align: right"><button class="icon button" name="openBattleOptions" title="Options">Battle Options</button></div></div><div class="inner message-log"><div class="chat"><div class="broadcast-red"><strong>This battle is invite-only!</strong><br>Users must be invited with <code>/invite</code> (or be staff) to join</div></div><div class="chat"><small>☆harmony96369 and ☆ViZarPKMN joined</small></div><div class=""><small>Format:</small> <br><strong>[Gen 8] Megas for All</strong></div><div class=""><small><em>HP Percentage Mod:</em> HP is shown in percentages</small></div><div class=""><small><em>Endless Battle Clause:</em> Forcing endless battles is banned</small></div><div class=""><small><em>OHKO Clause:</em> OHKO moves are banned</small></div><div class=""><small><em>Evasion Moves Clause:</em> Evasion moves are banned</small></div><div class=""><small><em>Species Clause:</em> Limit one of each Pokémon</small></div><div class=""><small><em>Dynamax Clause:</em> You cannot dynamax</small></div><div class=""><small><em>Sleep Clause Mod:</em> Limit one foe put to sleep</small></div><div class=""><small><em>Freeze Clause Mod:</em> Limit one foe frozen</small></div><div class="chat"><img src="https://www.smogon.com/forums/attachments/banner_2-png.302358/" height="65" width="381"></div><div class="spacer battle-history"><br></div><div class="battle-history"><small>Welcome to Megas for All!</small><br></div><div class="battle-history"><small>This is a National Dex-based format where we aim to give a new Mega Evolution to every Pokémon.</small><br></div><div class="battle-history"><small>Just like any official format, you can still only Mega Evolve one Pokémon per team!</small><br></div><div class="battle-history"><small>You can find our thread and metagame resources here:</small><br></div><div class="battle-history"><small>https://www.smogon.com/forums/threads/3671140/</small><br></div><div class="chat battle-history"><strong>harmony96369's team:</strong> <em style="color:#445566;display:block;">Tapu Koko / Rotom-Wash / Luxray / Zeraora / Zapdos / Raichu-Alola</em></div><div class="chat battle-history"><strong>ViZarPKMN's team:</strong> <em style="color:#445566;display:block;">Melmetal / Corviknight / Ferrothorn / Heatran / Jirachi / Excadrill</em></div><div class="chat chatmessage-harmony96369"><strong style="color:#b06d27"><small>☆</small><span class="username" data-name="harmony96369">harmony96369</span>:</strong> <em>warning: this battle is a rickroll</em></div><div class="spacer battle-history"><br></div><div class="battle-history">Battle started between harmony96369 and ViZarPKMN!<br></div><div class="spacer battle-history"><br></div><div class="battle-history">harmony96369 sent out Never (<strong>Tapu Koko</strong>)!<br></div><div class="spacer battle-history"><br></div><div class="battle-history">Go! <strong>Excadrill</strong>!<br></div><div class="battle-history">[Excadrill's Mold Breaker]<br><small>Excadrill breaks the mold!</small><br></div><div class="battle-history">[The opposing Never's Electric Surge]<br><small>An electric current ran across the battlefield!</small><br></div><div class="spacer battle-history"><br></div><h2 class="battle-history">Turn 1</h2><div class="spacer battle-history"><br></div><div class="battle-history">Excadrill used <strong>Earthquake</strong>!<br></div><div class="battle-history"><small>It's super effective!</small><br></div><div class="battle-history"><small>(The opposing Never lost 100% of its health!)</small><br></div><div class="spacer battle-history"><br></div><div class="battle-history">The opposing Never fainted!<br></div><div class="spacer battle-history"><br></div><div class="battle-history">harmony96369 sent out ~Rick (<strong>Raichu-Alola</strong>)!<br></div><div class="spacer battle-history"><br></div><h2 class="battle-history">Turn 2</h2><div class="spacer battle-history"><br></div><div class="battle-history">Excadrill, come back!<br></div><div class="battle-history">Go! <strong>Ferrothorn</strong>!<br></div><div class="spacer battle-history"><br></div><div class="battle-history">The opposing ~Rick used <strong>Focus Blast</strong>!<br></div><div class="battle-history"><small>It's super effective!</small><br></div><div class="battle-history"><small>(Ferrothorn lost <abbr title="−218/352">61.9%</abbr> of its health!)</small><br></div><div class="spacer battle-history"><br></div><div class="battle-history"><small>Ferrothorn restored a little HP using its Leftovers!</small><br></div><div class="spacer battle-history"><br></div><h2 class="battle-history">Turn 3</h2><div class="spacer battle-history"><br></div><div class="battle-history">Ferrothorn used <strong>Protect</strong>!<br></div><div class="battle-history"><small>Ferrothorn protected itself!</small><br></div><div class="spacer battle-history"><br></div><div class="battle-history">The opposing ~Rick used <strong>Nasty Plot</strong>!<br></div><div class="battle-history"><small>The opposing ~Rick's Sp. Atk rose sharply!</small><br></div><div class="spacer battle-history"><br></div><div class="battle-history"><small>Ferrothorn restored a little HP using its Leftovers!</small><br></div><div class="spacer battle-history"><br></div><h2 class="battle-history">Turn 4</h2><div class="spacer battle-history"><br></div><div class="battle-history">Ferrothorn, come back!<br></div><div class="battle-history">Go! <strong>Heatran</strong>!<br></div><div class="spacer battle-history"><br></div><div class="battle-history">The opposing ~Rick used <strong>Focus Blast</strong>!<br></div><div class="battle-history"><small>It's super effective!</small><br></div><div class="battle-history"><small>(Heatran lost <abbr title="−378/385">98.2%</abbr> of its health!)</small><br></div><div class="spacer battle-history"><br></div><div class="battle-history"><small>Heatran restored a little HP using its Leftovers!</small><br></div><div class="spacer battle-history"><br></div><h2 class="battle-history">Turn 5</h2><div class="spacer battle-history"><br></div><div class="battle-history">Heatran used <strong>Protect</strong>!<br></div><div class="battle-history"><small>Heatran protected itself!</small><br></div><div class="spacer battle-history"><br></div><div class="battle-history">The opposing ~Rick used <strong>Psychic</strong>!<br></div><div class="battle-history"><small>Heatran protected itself!</small><br></div><div class="spacer battle-history"><br></div><div class="battle-history"><small>Heatran restored a little HP using its Leftovers!</small><br></div><div class="battle-history"><small>The electricity disappeared from the battlefield.</small><br></div><div class="spacer battle-history"><br></div><h2 class="battle-history">Turn 6</h2><div class="spacer battle-history"><br></div><div class="battle-history">The opposing ~Rick used <strong>Rising Voltage</strong>!<br></div><div class="battle-history"><small>(Heatran lost <abbr title="−55/385">14.3%</abbr> of its health!)</small><br></div><div class="spacer battle-history"><br></div><div class="battle-history">Heatran fainted!<br></div><div class="spacer battle-history"><br></div><div class="battle-history">Go! <strong>Excadrill</strong>!<br></div><div class="battle-history">[Excadrill's Mold Breaker]<br><small>Excadrill breaks the mold!</small><br></div><div class="spacer battle-history"><br></div><h2 class="battle-history">Turn 7</h2><div class="spacer battle-history"><br></div><div class="battle-history">Excadrill used <strong>Earthquake</strong>!<br></div><div class="battle-history"><small>It's super effective!</small><br></div><div class="battle-history"><small>The opposing ~Rick hung on using its Focus Sash!</small><br></div><div class="battle-history"><small>(The opposing ~Rick lost 99% of its health!)</small><br></div><div class="spacer battle-history"><br></div><div class="battle-history">The opposing ~Rick used <strong>Focus Blast</strong>!<br></div><div class="battle-history"><small>Excadrill avoided the attack!</small><br></div><div class="spacer battle-history"><br></div><h2 class="battle-history">Turn 8</h2><div class="spacer battle-history"><br></div><div class="battle-history">Excadrill used <strong>Earthquake</strong>!<br></div><div class="battle-history"><small>It's super effective!</small><br></div><div class="battle-history"><small>(The opposing ~Rick lost 1% of its health!)</small><br></div><div class="spacer battle-history"><br></div><div class="battle-history">The opposing ~Rick fainted!<br></div><div class="chat chatmessage-harmony96369"><strong style="color:#b06d27"><small>☆</small><span class="username" data-name="harmony96369">harmony96369</span>:</strong> <em>dammit</em></div><div class="spacer battle-history"><br></div><div class="battle-history">harmony96369 sent out Up (<strong>Zapdos</strong>)!<br></div><div class="spacer battle-history"><br></div><h2 class="battle-history">Turn 9</h2><div class="spacer battle-history"><br></div><div class="battle-history">Excadrill, come back!<br></div><div class="battle-history">Go! <strong>Ferrothorn</strong>!<br></div><div class="spacer battle-history"><br></div><div class="battle-history">The opposing Up used <strong>Volt Switch</strong>!<br></div><div class="battle-history"><small>It's not very effective...</small><br></div><div class="battle-history"><small>(Ferrothorn lost <abbr title="−57/352">16.2%</abbr> of its health!)</small><br></div><div class="spacer battle-history"><br></div><div class="battle-history">The opposing Up went back to harmony96369!<br></div><div class="battle-history">harmony96369 sent out Gonna (<strong>Rotom-Wash</strong>)!<br></div><div class="spacer battle-history"><br></div><div class="battle-history"><small>Ferrothorn restored a little HP using its Leftovers!</small><br></div><div class="spacer battle-history"><br></div><h2 class="battle-history">Turn 10</h2><div class="spacer battle-history"><br></div><div class="battle-history">The opposing Gonna used <strong>Will-O-Wisp</strong>!<br></div><div class="battle-history"><small>Ferrothorn avoided the attack!</small><br></div><div class="spacer battle-history"><br></div><div class="battle-history">Ferrothorn used <strong>Power Whip</strong>!<br></div><div class="battle-history"><small>It's super effective!</small><br></div><div class="battle-history"><small>(The opposing Gonna lost 83% of its health!)</small><br></div><div class="spacer battle-history"><br></div><div class="battle-history"><small>The opposing Gonna restored a little HP using its Leftovers!</small><br></div><div class="battle-history"><small>Ferrothorn restored a little HP using its Leftovers!</small><br></div><div class="spacer battle-history"><br></div><h2 class="battle-history">Turn 11</h2><div class="spacer battle-history"><br></div><div class="battle-history">The opposing Gonna used <strong>Will-O-Wisp</strong>!<br></div><div class="battle-history"><small>Ferrothorn was burned!</small><br></div><div class="spacer battle-history"><br></div><div class="battle-history">Ferrothorn used <strong>Stealth Rock</strong>!<br></div><div class="battle-history"><small>Pointed stones float in the air around the opposing team!</small><br></div><div class="spacer battle-history"><br></div><div class="battle-history"><small>The opposing Gonna restored a little HP using its Leftovers!</small><br></div><div class="battle-history"><small>Ferrothorn restored a little HP using its Leftovers!</small><br></div><div class="battle-history"><small>Ferrothorn was hurt by its burn!</small><br></div><div class="spacer battle-history"><br></div><h2 class="battle-history">Turn 12</h2><div class="spacer battle-history"><br></div><div class="battle-history">The opposing Gonna used <strong>Defog</strong>!<br></div><div class="battle-history"><small>Ferrothorn's evasiveness fell!</small><br></div><div class="battle-history"><small>The pointed stones disappeared from around the opposing team!</small><br></div><div class="spacer battle-history"><br></div><div class="battle-history">Ferrothorn used <strong>Leech Seed</strong>!<br></div><div class="battle-history"><small>The opposing Gonna was seeded!</small><br></div><div class="spacer battle-history"><br></div><div class="battle-history"><small>The opposing Gonna restored a little HP using its Leftovers!</small><br></div><div class="battle-history"><small>Ferrothorn restored a little HP using its Leftovers!</small><br></div><div class="battle-history"><small>The opposing Gonna's health is sapped by Leech Seed!</small><br></div><div class="battle-history"><small>Ferrothorn was hurt by its burn!</small><br></div><div class="spacer battle-history"><br></div><h2 class="battle-history">Turn 13</h2><div class="spacer battle-history"><br></div><div class="battle-history">harmony96369 withdrew Gonna!<br></div><div class="battle-history">harmony96369 sent out Up (<strong>Zapdos</strong>)!<br></div><div class="spacer battle-history"><br></div><div class="battle-history">Ferrothorn used <strong>Stealth Rock</strong>!<br></div><div class="battle-history"><small>Pointed stones float in the air around the opposing team!</small><br></div><div class="spacer battle-history"><br></div><div class="battle-history"><small>Ferrothorn restored a little HP using its Leftovers!</small><br></div><div class="battle-history"><small>Ferrothorn was hurt by its burn!</small><br></div><div class="spacer battle-history"><br></div><h2 class="battle-history">Turn 14</h2><div class="spacer battle-history"><br></div><div class="battle-history">The opposing Up used <strong>Heat Wave</strong>!<br></div><div class="battle-history"><small>It's super effective!</small><br></div><div class="battle-history"><small>(Ferrothorn lost <abbr title="−203/352">57.7%</abbr> of its health!)</small><br></div><div class="spacer battle-history"><br></div><div class="battle-history">Ferrothorn fainted!<br></div><div class="spacer battle-history"><br></div><div class="battle-history">Go! <strong>Jirachi</strong>!<br></div><div class="spacer battle-history"><br></div><h2 class="battle-history">Turn 15</h2><div class="spacer battle-history"><br></div><div class="battle-history"><small>Jirachi surrounded itself with its Z-Power!</small><br></div><div class="spacer battle-history"><br></div><div class="battle-history">Jirachi used <strong>Z-Happy Hour</strong>!<br></div><div class="battle-history"><small>Jirachi boosted its Attack using its Z-Power!</small><br></div><div class="battle-history"><small>Jirachi boosted its Defense using its Z-Power!</small><br></div><div class="battle-history"><small>Jirachi boosted its Sp. Atk using its Z-Power!</small><br></div><div class="battle-history"><small>Jirachi boosted its Sp. Def using its Z-Power!</small><br></div><div class="battle-history"><small>Jirachi boosted its Speed using its Z-Power!</small><br></div><div class="spacer battle-history"><br></div><div class="battle-history">The opposing Up used <strong>Volt Switch</strong>!<br></div><div class="battle-history"><small>(Jirachi lost <abbr title="−93/341">27.3%</abbr> of its health!)</small><br></div><div class="spacer battle-history"><br></div><div class="battle-history">The opposing Up went back to harmony96369!<br></div><div class="battle-history">harmony96369 sent out Gonna (<strong>Rotom-Wash</strong>)!<br></div><div class="battle-history"><small>Pointed stones dug into the opposing Gonna!</small><br></div><div class="spacer battle-history"><br></div><div class="battle-history"><small>The opposing Gonna restored a little HP using its Leftovers!</small><br></div><div class="spacer battle-history"><br></div><h2 class="battle-history">Turn 16</h2><div class="spacer battle-history"><br></div><div class="battle-history">Jirachi used <strong>Psychic</strong>!<br></div><div class="battle-history"><small>(The opposing Gonna lost 17% of its health!)</small><br></div><div class="spacer battle-history"><br></div><div class="battle-history">The opposing Gonna fainted!<br></div><div class="spacer battle-history"><br></div><div class="battle-history">harmony96369 sent out Give (<strong>Luxray</strong>)!<br></div><div class="battle-history"><small>Pointed stones dug into the opposing Give!</small><br></div><div class="battle-history">[The opposing Give's Intimidate]<br></div><div class="battle-history"><small>Jirachi's Attack fell!</small><br></div><div class="spacer battle-history"><br></div><h2 class="battle-history">Turn 17</h2><div class="spacer battle-history"><br></div><div class="battle-history"><small>The opposing Give's Luxrite is reacting to the Key Stone!</small><br>The opposing Give has Mega Evolved into Mega Luxray!<br></div><div class="chat"><ul class="utilichart"><li class="result"><span class="col pokemonnamecol" style="white-space: nowrap">Luxray-Mega</span> <span class="col typecol"><img src="https://play.pokemonshowdown.com/sprites/types/Electric.png" alt="Electric" height="14" width="32"></span> <span style="float: left ; min-height: 26px"><span class="col abilitycol">Ambush</span><span class="col abilitycol"></span></span><span style="float: left ; min-height: 26px"><span class="col statcol"><em>HP</em><br>80</span> <span class="col statcol"><em>Atk</em><br>160</span> <span class="col statcol"><em>Def</em><br>89</span> <span class="col statcol"><em>SpA</em><br>125</span> <span class="col statcol"><em>SpD</em><br>89</span> <span class="col statcol"><em>Spe</em><br>80</span> </span></li><li style="clear: both"></li></ul></div><div class="spacer battle-history"><br></div><div class="battle-history">Jirachi used <strong>Psychic</strong>!<br></div><div class="battle-history"><small>(The opposing Give lost 76% of its health!)</small><br></div><div class="battle-history"><small>The opposing Give's Sp. Def fell!</small><br></div><div class="spacer battle-history"><br></div><div class="battle-history">The opposing Give used <strong>Agility</strong>!<br></div><div class="battle-history"><small>The opposing Give's Speed rose sharply!</small><br></div><div class="spacer battle-history"><br></div><h2 class="battle-history">Turn 18</h2><div class="spacer battle-history"><br></div><div class="battle-history">The opposing Give used <strong>Wild Charge</strong>!<br></div><div class="battle-history"><small>A critical hit!</small><br></div><div class="battle-history"><small>(Jirachi lost <abbr title="−248/341">72.7%</abbr> of its health!)</small><br></div><div class="battle-history"><small>The opposing Give was damaged by the recoil!</small><br></div><div class="spacer battle-history"><br></div><div class="battle-history">Jirachi fainted!<br></div><div class="battle-history">The opposing Give fainted!<br></div><div class="spacer battle-history"><br></div><div class="battle-history">Go! <strong>Melmetal</strong>!<br></div><div class="spacer battle-history"><br></div><div class="battle-history">harmony96369 sent out You (<strong>Zeraora</strong>)!<br></div><div class="battle-history"><small>Pointed stones dug into the opposing You!</small><br></div><div class="spacer battle-history"><br></div><h2 class="battle-history">Turn 19</h2><div class="spacer battle-history"><br></div><div class="battle-history"><small>The opposing You surrounded itself with its Z-Power!</small><br></div><div class="spacer battle-history"><br></div><div class="battle-history"><small>The opposing You unleashes its full-force Z-Move!</small><br>The opposing You used <strong>Gigavolt Havoc</strong>!<br></div><div class="battle-history"><small>(Melmetal lost <abbr title="−210/472">44.5%</abbr> of its health!)</small><br></div><div class="spacer battle-history"><br></div><div class="battle-history">Melmetal used <strong>Ice Punch</strong>!<br></div><div class="battle-history"><small>(The opposing You lost 76% of its health!)</small><br></div><div class="spacer battle-history"><br></div><h2 class="battle-history">Turn 20</h2><div class="spacer battle-history"><br></div><div class="battle-history">Melmetal, come back!<br></div><div class="battle-history">Go! <strong>Corviknight</strong>!<br></div><div class="battle-history">[Corviknight's Pressure]<br><small>Corviknight is exerting its pressure!</small><br></div><div class="spacer battle-history"><br></div><div class="battle-history">The opposing You used <strong>Close Combat</strong>!<br></div><div class="battle-history"><small>A critical hit!</small><br></div><div class="battle-history"><small>(Corviknight lost <abbr title="−177/399">44.4%</abbr> of its health!)</small><br></div><div class="battle-history"><small>The opposing You's Defense fell!</small><br></div><div class="battle-history"><small>The opposing You's Sp. Def fell!</small><br></div><div class="spacer battle-history"><br></div><h2 class="battle-history">Turn 21</h2><div class="spacer battle-history"><br></div><div class="battle-history"><small>Corviknight's Corviknite is reacting to the Key Stone!</small><br>Corviknight has Mega Evolved into Mega Corviknight!<br></div><div class="battle-history">[Corviknight's Intimidate]<br></div><div class="battle-history"><small>The opposing You's Attack fell!</small><br></div><div class="chat"><ul class="utilichart"><li class="result"><span class="col pokemonnamecol" style="white-space: nowrap">Corviknight-Mega</span> <span class="col typecol"><img src="https://play.pokemonshowdown.com/sprites/types/Flying.png" alt="Flying" height="14" width="32"><img src="https://play.pokemonshowdown.com/sprites/types/Steel.png" alt="Steel" height="14" width="32"></span> <span style="float: left ; min-height: 26px"><span class="col abilitycol">Intimidate</span><span class="col abilitycol"></span></span><span style="float: left ; min-height: 26px"><span class="col statcol"><em>HP</em><br>98</span> <span class="col statcol"><em>Atk</em><br>117</span> <span class="col statcol"><em>Def</em><br>120</span> <span class="col statcol"><em>SpA</em><br>78</span> <span class="col statcol"><em>SpD</em><br>105</span> <span class="col statcol"><em>Spe</em><br>77</span> </span></li><li style="clear: both"></li></ul></div><div class="spacer battle-history"><br></div><div class="battle-history">The opposing You used <strong>Blaze Kick</strong>!<br></div><div class="battle-history"><small>Corviknight avoided the attack!</small><br></div><div class="spacer battle-history"><br></div><div class="battle-history">Corviknight used <strong>U-turn</strong>!<br></div><div class="battle-history"><small>(The opposing You lost 12% of its health!)</small><br></div><div class="spacer battle-history"><br></div><div class="battle-history">The opposing You fainted!<br></div><div class="spacer battle-history"><br></div><div class="battle-history">Corviknight went back to ViZarPKMN!<br></div><div class="battle-history">Go! <strong>Excadrill</strong>!<br></div><div class="battle-history">[Excadrill's Mold Breaker]<br><small>Excadrill breaks the mold!</small><br></div><div class="spacer battle-history"><br></div><div class="battle-history">harmony96369 sent out Up (<strong>Zapdos</strong>)!<br></div><div class="spacer battle-history"><br></div><h2 class="battle-history">Turn 22</h2><div class="spacer battle-history"><br></div><div class="battle-history">Excadrill used <strong>Toxic</strong>!<br></div><div class="battle-history"><small>The opposing Up was badly poisoned!</small><br></div><div class="spacer battle-history"><br></div><div class="battle-history">The opposing Up used <strong>Heat Wave</strong>!<br></div><div class="battle-history"><small>It's super effective!</small><br></div><div class="battle-history"><small>(Excadrill lost <abbr title="−328/361">90.9%</abbr> of its health!)</small><br></div><div class="spacer battle-history"><br></div><div class="battle-history"><small>The opposing Up was hurt by poison!</small><br></div><div class="spacer battle-history"><br></div><h2 class="battle-history">Turn 23</h2><div class="spacer battle-history"><br></div><div class="battle-history">Excadrill, come back!<br></div><div class="battle-history">Go! Corviknight (<strong>Corviknight-Mega</strong>)!<br></div><div class="battle-history">[Corviknight's Intimidate]<br></div><div class="battle-history"><small>The opposing Up's Attack fell!</small><br></div><div class="spacer battle-history"><br></div><div class="battle-history">The opposing Up used <strong>Heat Wave</strong>!<br></div><div class="battle-history"><small>It's super effective!</small><br></div><div class="battle-history"><small>(Corviknight lost <abbr title="−150/399">37.6%</abbr> of its health!)</small><br></div><div class="spacer battle-history"><br></div><div class="battle-history"><small>The opposing Up was hurt by poison!</small><br></div><div class="spacer battle-history"><br></div><h2 class="battle-history">Turn 24</h2><div class="spacer battle-history"><br></div><div class="battle-history">Corviknight, come back!<br></div><div class="battle-history">Go! <strong>Excadrill</strong>!<br></div><div class="battle-history">[Excadrill's Mold Breaker]<br><small>Excadrill breaks the mold!</small><br></div><div class="spacer battle-history"><br></div><div class="battle-history">The opposing Up used <strong>Volt Switch</strong>!<br></div><div class="battle-history"><small>It doesn't affect Excadrill...</small><br></div><div class="spacer battle-history"><br></div><div class="battle-history"><small>The opposing Up was hurt by poison!</small><br></div><div class="spacer battle-history"><br></div><h2 class="battle-history">Turn 25</h2><div class="spacer battle-history"><br></div><div class="battle-history">Excadrill, come back!<br></div><div class="battle-history">Go! Corviknight (<strong>Corviknight-Mega</strong>)!<br></div><div class="battle-history">[Corviknight's Intimidate]<br></div><div class="battle-history"><small>The opposing Up's Attack fell!</small><br></div><div class="spacer battle-history"><br></div><div class="battle-history">The opposing Up used <strong>Heat Wave</strong>!<br></div><div class="battle-history"><small>It's super effective!</small><br></div><div class="battle-history"><small>(Corviknight lost <abbr title="−72/399">18.0%</abbr> of its health!)</small><br></div><div class="spacer battle-history"><br></div><div class="battle-history">Corviknight fainted!<br></div><div class="spacer battle-history"><br></div><div class="battle-history"><small>The opposing Up was hurt by poison!</small><br></div><div class="spacer battle-history"><br></div><div class="battle-history">Go! <strong>Melmetal</strong>!<br></div><div class="spacer battle-history"><br></div><h2 class="battle-history">Turn 26</h2><div class="spacer battle-history"><br></div><div class="battle-history">The opposing Up used <strong>Roost</strong>!<br></div><div class="battle-history"><small>The opposing Up had its HP restored.</small><br></div><div class="battle-history"><small>(The opposing Up loses Flying type this turn.)</small><br></div><div class="spacer battle-history"><br></div><div class="battle-history">Melmetal used <strong>Ice Punch</strong>!<br></div><div class="battle-history"><small>(The opposing Up lost 54% of its health!)</small><br></div><div class="spacer battle-history"><br></div><div class="battle-history"><small>The opposing Up was hurt by poison!</small><br></div><div class="spacer battle-history"><br></div><h2 class="battle-history">Turn 27</h2><div class="spacer battle-history"><br></div><div class="battle-history">The opposing Up used <strong>Heat Wave</strong>!<br></div><div class="battle-history"><small>It's super effective!</small><br></div><div class="battle-history"><small>(Melmetal lost <abbr title="−262/472">55.5%</abbr> of its health!)</small><br></div><div class="spacer battle-history"><br></div><div class="battle-history">Melmetal fainted!<br></div><div class="spacer battle-history"><br></div><div class="battle-history"><small>The opposing Up was hurt by poison!</small><br></div><div class="spacer battle-history"><br></div><div class="battle-history">The opposing Up fainted!<br></div><div class="spacer battle-history"><br></div><div class="battle-history"><strong>ViZarPKMN</strong> won the battle!<br></div><div class="chat chatmessage-vizarpkmn mine"><strong style="color:#4f78c0"><small>☆</small><span class="username" data-name="ViZarPKMN">ViZarPKMN</span>:</strong> <em>gg</em></div></div><div class="inner-preempt message-log"></div></div></div>
</div>
<script>
let daily = Math.floor(Date.now()/1000/60/60/24);document.write('<script src="https://dragonheaven.herokuapp.com/js/replay-embed.js?version'+daily+'"></'+'script>');
</script>
