<!DOCTYPE html>
<meta charset="utf-8" />
<!-- version 1 -->
<title>[Gen 8] M4A Monotype replay: okispokisSUB vs. CCMegaFlareon</title>
<style>
html,body {font-family:Verdana, sans-serif;font-size:10pt;margin:0;padding:0;}body{padding:12px 0;} .battle-log {font-family:Verdana, sans-serif;font-size:10pt;} .battle-log-inline {border:1px solid #AAAAAA;background:#EEF2F5;color:black;max-width:640px;margin:0 auto 80px;padding-bottom:5px;} .battle-log .inner {padding:4px 8px 0px 8px;} .battle-log .inner-preempt {padding:0 8px 4px 8px;} .battle-log .inner-after {margin-top:0.5em;} .battle-log h2 {margin:0.5em -8px;padding:4px 8px;border:1px solid #AAAAAA;background:#E0E7EA;border-left:0;border-right:0;font-family:Verdana, sans-serif;font-size:13pt;} .battle-log .chat {vertical-align:middle;padding:3px 0 3px 0;font-size:8pt;} .battle-log .chat strong {color:#40576A;} .battle-log .chat em {padding:1px 4px 1px 3px;color:#000000;font-style:normal;} .chat.mine {background:rgba(0,0,0,0.05);margin-left:-8px;margin-right:-8px;padding-left:8px;padding-right:8px;} .spoiler {color:#BBBBBB;background:#BBBBBB;padding:0px 3px;} .spoiler:hover, .spoiler:active, .spoiler-shown {color:#000000;background:#E2E2E2;padding:0px 3px;} .spoiler a {color:#BBBBBB;} .spoiler:hover a, .spoiler:active a, .spoiler-shown a {color:#2288CC;} .chat code, .chat .spoiler:hover code, .chat .spoiler:active code, .chat .spoiler-shown code {border:1px solid #C0C0C0;background:#EEEEEE;color:black;padding:0 2px;} .chat .spoiler code {border:1px solid #CCCCCC;background:#CCCCCC;color:#CCCCCC;} .battle-log .rated {padding:3px 4px;} .battle-log .rated strong {color:white;background:#89A;padding:1px 4px;border-radius:4px;} .spacer {margin-top:0.5em;} .message-announce {background:#6688AA;color:white;padding:1px 4px 2px;} .message-announce a, .broadcast-green a, .broadcast-blue a, .broadcast-red a {color:#DDEEFF;} .broadcast-green {background-color:#559955;color:white;padding:2px 4px;} .broadcast-blue {background-color:#6688AA;color:white;padding:2px 4px;} .infobox {border:1px solid #6688AA;padding:2px 4px;} .infobox-limited {max-height:200px;overflow:auto;overflow-x:hidden;} .broadcast-red {background-color:#AA5544;color:white;padding:2px 4px;} .message-learn-canlearn {font-weight:bold;color:#228822;text-decoration:underline;} .message-learn-cannotlearn {font-weight:bold;color:#CC2222;text-decoration:underline;} .message-effect-weak {font-weight:bold;color:#CC2222;} .message-effect-resist {font-weight:bold;color:#6688AA;} .message-effect-immune {font-weight:bold;color:#666666;} .message-learn-list {margin-top:0;margin-bottom:0;} .message-throttle-notice, .message-error {color:#992222;} .message-overflow, .chat small.message-overflow {font-size:0pt;} .message-overflow::before {font-size:9pt;content:'...';} .subtle {color:#3A4A66;}
</style>
<div class="wrapper replay-wrapper" style="max-width:1180px;margin:0 auto">
<input type="hidden" name="replayid" value="dragonheaven-gen8m4amonotype-899" />
<div class="battle"></div><div class="battle-log"></div><div class="replay-controls"></div><div class="replay-controls-2"></div>
<h1 style="font-weight:normal;text-align:center"><strong>[Gen 8] M4A Monotype</strong><br /><a href="http://pokemonshowdown.com/users/okispokissub" class="subtle" target="_blank">okispokisSUB</a> vs. <a href="http://pokemonshowdown.com/users/ccmegaflareon" class="subtle" target="_blank">CCMegaFlareon</a></h1>
<script type="text/plain" class="battle-log-data">|j|☆okispokisSUB
|j|☆CCMegaFlareon
|t:|1609278016
|player|p1|okispokisSUB|2|
|player|p2|CCMegaFlareon|giovanni|
|teamsize|p1|6
|teamsize|p2|6
|gametype|singles
|gen|8
|tier|[Gen 8] M4A Monotype
|rule|Same Type Clause: Pokémon in a team must share a type
|clearpoke
|poke|p1|Mandibuzz, F|
|poke|p1|Spiritomb, F|
|poke|p1|Tyranitar, M|
|poke|p1|Urshifu-*, M|
|poke|p1|Drapion, M|
|poke|p1|Greninja, M|
|poke|p2|Slowbro, M|
|poke|p2|Victini|
|poke|p2|Tapu Lele|
|poke|p2|Jirachi|
|poke|p2|Alakazam, F|
|poke|p2|Starmie|
|rule|HP Percentage Mod: HP is shown in percentages
|rule|Endless Battle Clause: Forcing endless battles is banned
|rule|OHKO Clause: OHKO moves are banned
|rule|Evasion Moves Clause: Evasion moves are banned
|rule|Species Clause: Limit one of each Pokémon
|rule|Dynamax Clause: You cannot dynamax
|rule|Sleep Clause Mod: Limit one foe put to sleep
|rule|Freeze Clause Mod: Limit one foe frozen
|teampreview
|j| Coppersmith
|c| Coppersmith|that's rough
|
|t:|1609278035
|start
|switch|p1a: Scorpion|Drapion, M, shiny|100\/100
|switch|p2a: Jirachi|Jirachi|100\/100
|turn|1
|j| H2OPulse
|
|t:|1609278062
|switch|p1a: Not Godzilla|Tyranitar, M|100\/100
|-weather|Sandstorm|[from] ability: Sand Stream|[of] p1a: Not Godzilla
|move|p2a: Jirachi|Thunder Wave|p1a: Not Godzilla
|-status|p1a: Not Godzilla|par
|
|-weather|Sandstorm|[upkeep]
|upkeep
|turn|2
|
|t:|1609278070
|move|p2a: Jirachi|Iron Head|p1a: Not Godzilla
|-supereffective|p1a: Not Godzilla
|-damage|p1a: Not Godzilla|56\/100 par
|move|p1a: Not Godzilla|Stealth Rock|p2a: Jirachi
|-sidestart|p2: CCMegaFlareon|move: Stealth Rock
|
|-weather|Sandstorm|[upkeep]
|-heal|p1a: Not Godzilla|62\/100 par|[from] item: Leftovers
|upkeep
|turn|3
|
|t:|1609278083
|move|p2a: Jirachi|Stealth Rock|p1a: Not Godzilla
|-sidestart|p1: okispokisSUB|move: Stealth Rock
|move|p1a: Not Godzilla|Thunder Wave|p2a: Jirachi
|-status|p2a: Jirachi|par
|
|-weather|Sandstorm|[upkeep]
|-heal|p1a: Not Godzilla|68\/100 par|[from] item: Leftovers
|upkeep
|turn|4
|
|t:|1609278093
|move|p2a: Jirachi|Iron Head|p1a: Not Godzilla
|-supereffective|p1a: Not Godzilla
|-damage|p1a: Not Godzilla|22\/100 par
|cant|p1a: Not Godzilla|flinch
|
|-weather|Sandstorm|[upkeep]
|-heal|p1a: Not Godzilla|28\/100 par|[from] item: Leftovers
|upkeep
|turn|5
|
|t:|1609278105
|switch|p1a: Po|Urshifu, M|100\/100
|-damage|p1a: Po|94\/100|[from] Stealth Rock
|move|p2a: Jirachi|Iron Head|p1a: Po
|-damage|p1a: Po|67\/100
|
|-weather|none
|upkeep
|turn|6
|
|t:|1609278117
|move|p1a: Po|Wicked Blow|p2a: Jirachi
|-supereffective|p2a: Jirachi
|-crit|p2a: Jirachi
|-damage|p2a: Jirachi|0 fnt
|faint|p2a: Jirachi
|
|upkeep
|
|t:|1609278122
|switch|p2a: Alakazam|Alakazam, F|100\/100
|turn|7
|j| BlaueBrause
|c|☆CCMegaFlareon|was Urshifu unbanned in NatDex?
|
|t:|1609278140
|switch|p1a: Da Tomb|Spiritomb, F, shiny|100\/100
|-damage|p1a: Da Tomb|88\/100|[from] Stealth Rock
|-ability|p1a: Da Tomb|Pressure
|move|p2a: Alakazam|Dazzling Gleam|p1a: Da Tomb
|-supereffective|p1a: Da Tomb
|-damage|p1a: Da Tomb|40\/100
|
|upkeep
|turn|8
|c| Coppersmith|no
|c| Coppersmith|its legal in mono tho
|c|☆CCMegaFlareon|ohhh
|c| BlaueBrause|urshifu is banned in nat but it's allowed in mono
|
|t:|1609278167
|switch|p1a: Scorpion|Drapion, M, shiny|100\/100
|-damage|p1a: Scorpion|88\/100|[from] Stealth Rock
|move|p2a: Alakazam|Dazzling Gleam|p1a: Scorpion
|-damage|p1a: Scorpion|45\/100
|
|upkeep
|turn|9
|
|t:|1609278176
|move|p1a: Scorpion|Knock Off|p2a: Alakazam
|-supereffective|p2a: Alakazam
|-enditem|p2a: Alakazam|Focus Sash
|-damage|p2a: Alakazam|1\/100
|move|p2a: Alakazam|Dazzling Gleam|p1a: Scorpion
|-damage|p1a: Scorpion|1\/100
|
|upkeep
|turn|10
|j| ViZarPKMN
|c| Coppersmith|wow
|
|t:|1609278196
|move|p1a: Scorpion|Knock Off|p2a: Alakazam
|-supereffective|p2a: Alakazam
|-damage|p2a: Alakazam|0 fnt
|faint|p2a: Alakazam
|
|upkeep
|
|t:|1609278209
|switch|p2a: Tapu Lele|Tapu Lele|100\/100
|-damage|p2a: Tapu Lele|88\/100|[from] Stealth Rock
|-fieldstart|move: Psychic Terrain|[from] ability: Psychic Surge|[of] p2a: Tapu Lele
|turn|11
|
|t:|1609278215
|move|p1a: Scorpion|Knock Off|p2a: Tapu Lele
|-damage|p2a: Tapu Lele|24\/100
|-enditem|p2a: Tapu Lele|Choice Specs|[from] move: Knock Off|[of] p1a: Scorpion
|move|p2a: Tapu Lele|Moonblast|p1a: Scorpion
|-damage|p1a: Scorpion|0 fnt
|faint|p1a: Scorpion
|
|upkeep
|c| Coppersmith|scarf drapion?
|
|t:|1609278242
|switch|p1a: Esidisi|Greninja, M, shiny|100\/100
|-damage|p1a: Esidisi|88\/100|[from] Stealth Rock
|turn|12
|
|t:|1609278247
|move|p1a: Esidisi|U-turn|p2a: Tapu Lele
|-start|p1a: Esidisi|typechange|Bug|[from] ability: Protean
|-damage|p2a: Tapu Lele|0 fnt
|faint|p2a: Tapu Lele
|
|t:|1609278265
|switch|p1a: Watchlist|Mandibuzz, F|100\/100|[from]move: U-turn
|
|upkeep
|
|t:|1609278269
|switch|p2a: Victini|Victini|100\/100
|-damage|p2a: Victini|76\/100|[from] Stealth Rock
|turn|13
|c|☆okispokisSUB|yeah. apparently it's the standard in mono
|c| BlaueBrause|sth. to bear in mind, every mega (even the canon ones) not banned is allowed
|
|t:|1609278299
|switch|p1a: Not Godzilla|Tyranitar, M|28\/100 par
|-damage|p1a: Not Godzilla|16\/100 par|[from] Stealth Rock
|-weather|Sandstorm|[from] ability: Sand Stream|[of] p1a: Not Godzilla
|move|p2a: Victini|V-create|p1a: Not Godzilla
|-resisted|p1a: Not Godzilla
|-damage|p1a: Not Godzilla|0 fnt
|-unboost|p2a: Victini|spe|1
|-unboost|p2a: Victini|def|1
|-unboost|p2a: Victini|spd|1
|faint|p1a: Not Godzilla
|
|-weather|Sandstorm|[upkeep]
|-damage|p2a: Victini|69\/100|[from] Sandstorm
|upkeep
|
|t:|1609278325
|switch|p1a: Esidisi|Greninja, M, shiny|88\/100
|-damage|p1a: Esidisi|76\/100|[from] Stealth Rock
|turn|14
|j| abismal
|
|t:|1609278358
|switch|p2a: Slowbro|Slowbro, M|100\/100
|move|p1a: Esidisi|Hydro Pump|p2a: Slowbro
|-start|p1a: Esidisi|typechange|Water|[from] ability: Protean
|-resisted|p2a: Slowbro
|-damage|p2a: Slowbro|74\/100
|
|-weather|Sandstorm|[upkeep]
|-damage|p1a: Esidisi|70\/100|[from] Sandstorm
|-damage|p2a: Slowbro|68\/100|[from] Sandstorm
|upkeep
|turn|15
|
|t:|1609278370
|move|p1a: Esidisi|U-turn|p2a: Slowbro
|-start|p1a: Esidisi|typechange|Bug|[from] ability: Protean
|-supereffective|p2a: Slowbro
|-damage|p2a: Slowbro|39\/100
|
|t:|1609278380
|switch|p1a: Watchlist|Mandibuzz, F|100\/100|[from]move: U-turn
|move|p2a: Slowbro|Scald|p1a: Watchlist
|-damage|p1a: Watchlist|79\/100
|
|-weather|Sandstorm|[upkeep]
|-damage|p2a: Slowbro|33\/100|[from] Sandstorm
|-fieldend|move: Psychic Terrain
|upkeep
|turn|16
|
|t:|1609278388
|move|p1a: Watchlist|Defog|p2a: Slowbro
|-unboost|p2a: Slowbro|evasion|1
|-sideend|p2: CCMegaFlareon|Stealth Rock|[from] move: Defog|[of] p1a: Watchlist
|-sideend|p1: okispokisSUB|Stealth Rock|[from] move: Defog|[of] p1a: Watchlist
|move|p2a: Slowbro|Slack Off|p2a: Slowbro
|-heal|p2a: Slowbro|83\/100
|
|-weather|Sandstorm|[upkeep]
|-damage|p2a: Slowbro|77\/100|[from] Sandstorm
|upkeep
|turn|17
|
|t:|1609278399
|move|p1a: Watchlist|Toxic|p2a: Slowbro
|-status|p2a: Slowbro|tox
|move|p2a: Slowbro|Scald|p1a: Watchlist
|-damage|p1a: Watchlist|55\/100
|
|-weather|none
|-damage|p2a: Slowbro|71\/100 tox|[from] psn
|upkeep
|turn|18
|
|t:|1609278408
|move|p1a: Watchlist|Roost|p1a: Watchlist
|-heal|p1a: Watchlist|100\/100
|-singleturn|p1a: Watchlist|move: Roost
|move|p2a: Slowbro|Scald|p1a: Watchlist
|-damage|p1a: Watchlist|78\/100
|
|-damage|p2a: Slowbro|58\/100 tox|[from] psn
|upkeep
|turn|19
|
|t:|1609278418
|switch|p1a: Da Tomb|Spiritomb, F, shiny|40\/100
|-ability|p1a: Da Tomb|Pressure
|move|p2a: Slowbro|Teleport|p2a: Slowbro
|
|t:|1609278425
|switch|p2a: Victini|Victini|69\/100|[from]move: Teleport
|
|upkeep
|turn|20
|
|t:|1609278465
|switch|p1a: Watchlist|Mandibuzz, F|78\/100
|move|p2a: Victini|V-create|p1a: Watchlist
|-damage|p1a: Watchlist|15\/100
|-unboost|p2a: Victini|spe|1
|-unboost|p2a: Victini|def|1
|-unboost|p2a: Victini|spd|1
|
|upkeep
|turn|21
|
|t:|1609278480
|move|p2a: Victini|V-create|p1a: Watchlist
|-damage|p1a: Watchlist|0 fnt
|-unboost|p2a: Victini|spe|1
|-unboost|p2a: Victini|def|1
|-unboost|p2a: Victini|spd|1
|faint|p1a: Watchlist
|
|upkeep
|
|t:|1609278486
|switch|p1a: Po|Urshifu, M|67\/100
|turn|22
|
|t:|1609278489
|switch|p2a: Slowbro|Slowbro, M|92\/100 tox
|move|p1a: Po|Wicked Blow|p2a: Slowbro
|-supereffective|p2a: Slowbro
|-crit|p2a: Slowbro
|-damage|p2a: Slowbro|0 fnt
|faint|p2a: Slowbro
|
|upkeep
|
|t:|1609278496
|switch|p2a: Victini|Victini|69\/100
|turn|23
|
|t:|1609278521
|switch|p1a: Da Tomb|Spiritomb, F, shiny|40\/100
|-ability|p1a: Da Tomb|Pressure
|move|p2a: Victini|Bolt Strike|p1a: Da Tomb
|-damage|p1a: Da Tomb|0 fnt
|faint|p1a: Da Tomb
|
|upkeep
|
|t:|1609278542
|switch|p1a: Po|Urshifu, M|67\/100
|turn|24
|
|t:|1609278552
|move|p1a: Po|Sucker Punch|p2a: Victini
|-supereffective|p2a: Victini
|-damage|p2a: Victini|0 fnt
|faint|p2a: Victini
|
|upkeep
|
|t:|1609278556
|switch|p2a: Starmie|Starmie|100\/100
|turn|25
|
|t:|1609278561
|switch|p1a: Esidisi|Greninja, M, shiny|70\/100
|detailschange|p2a: Starmie|Starmie-Mega
|-mega|p2a: Starmie|Starmie|Starminite
|-ability|p2a: Starmie|Rotation|boost
|-boost|p2a: Starmie|spd|1
|-start|p2a: Starmie|typechange|Water\/Psychic|[silent]
|raw|<ul class="utilichart"><li class="result"><span class="col pokemonnamecol" style="white-space: nowrap">Starmie-Mega<\/span> <span class="col typecol"><img src="https:\/\/play.pokemonshowdown.com\/sprites\/types\/Water.png" alt="Water" height="14" width="32"><img src="https:\/\/play.pokemonshowdown.com\/sprites\/types\/Psychic.png" alt="Psychic" height="14" width="32"><\/span> <span style="float: left ; min-height: 26px"><span class="col abilitycol">Rotation<\/span><span class="col abilitycol"><\/span><\/span><span style="float: left ; min-height: 26px"><span class="col statcol"><em>HP<\/em><br>60<\/span> <span class="col statcol"><em>Atk<\/em><br>75<\/span> <span class="col statcol"><em>Def<\/em><br>105<\/span> <span class="col statcol"><em>SpA<\/em><br>140<\/span> <span class="col statcol"><em>SpD<\/em><br>105<\/span> <span class="col statcol"><em>Spe<\/em><br>135<\/span> <\/span><\/li><li style="clear: both"><\/li><\/ul>
|move|p2a: Starmie|Scald|p1a: Esidisi
|-resisted|p1a: Esidisi
|-damage|p1a: Esidisi|37\/100
|
|upkeep
|turn|26
|
|t:|1609278575
|move|p2a: Starmie|Calm Mind|p2a: Starmie
|-boost|p2a: Starmie|spa|1
|-boost|p2a: Starmie|spd|1
|move|p1a: Esidisi|U-turn|p2a: Starmie
|-start|p1a: Esidisi|typechange|Bug|[from] ability: Protean
|-supereffective|p2a: Starmie
|-damage|p2a: Starmie|43\/100
|
|t:|1609278583
|switch|p1a: Po|Urshifu, M|67\/100|[from]move: U-turn
|
|upkeep
|turn|27
|
|t:|1609278592
|move|p1a: Po|Sucker Punch|p2a: Starmie
|-supereffective|p2a: Starmie
|-damage|p2a: Starmie|0 fnt
|faint|p2a: Starmie
|
|win|okispokisSUB
|c|☆CCMegaFlareon|gg
|l| abismal
|c|☆okispokisSUB|gg
|l| BlaueBrause
|l| H2OPulse
|j| inkbug1

|j| BlaueBrause
|l| BlaueBrause
|l|☆CCMegaFlareon
|l|☆okispokisSUB</script>
</div>
<div class="battle-log battle-log-inline"><div class="inner"><div class="battle-options"><div style="padding-top: 3px; padding-right: 3px; text-align: right"><button class="icon button" name="openBattleOptions" title="Options">Battle Options</button></div></div><div class="inner message-log"><div class="chat"><small>☆okispokisSUB and ☆CCMegaFlareon joined</small></div><div class=""><small>Format:</small> <br><strong>[Gen 8] M4A Monotype</strong></div><div class=""><small><em>Same Type Clause:</em> Pokémon in a team must share a type</small></div><div class=""><small><em>HP Percentage Mod:</em> HP is shown in percentages</small></div><div class=""><small><em>Endless Battle Clause:</em> Forcing endless battles is banned</small></div><div class=""><small><em>OHKO Clause:</em> OHKO moves are banned</small></div><div class=""><small><em>Evasion Moves Clause:</em> Evasion moves are banned</small></div><div class=""><small><em>Species Clause:</em> Limit one of each Pokémon</small></div><div class=""><small><em>Dynamax Clause:</em> You cannot dynamax</small></div><div class=""><small><em>Sleep Clause Mod:</em> Limit one foe put to sleep</small></div><div class=""><small><em>Freeze Clause Mod:</em> Limit one foe frozen</small></div><div class="chat battle-history"><strong>okispokisSUB's team:</strong> <em style="color:#445566;display:block;">Mandibuzz / Spiritomb / Tyranitar / Urshifu-* / Drapion / Greninja</em></div><div class="chat battle-history"><strong>CCMegaFlareon's team:</strong> <em style="color:#445566;display:block;">Slowbro / Victini / Tapu Lele / Jirachi / Alakazam / Starmie</em></div><div class="chat"><small> Coppersmith joined</small></div><div class="chat chatmessage-coppersmith"><strong style="color:#0aa445"><small> </small><span class="username" data-name="Coppersmith">Coppersmith</span>:</strong> <em>that's rough</em></div><div class="spacer battle-history"><br></div><div class="battle-history">Battle started between okispokisSUB and CCMegaFlareon!<br></div><div class="spacer battle-history"><br></div><div class="battle-history">Go! Scorpion (<strong>Drapion</strong>)!<br></div><div class="spacer battle-history"><br></div><div class="battle-history">CCMegaFlareon sent out <strong>Jirachi</strong>!<br></div><div class="spacer battle-history"><br></div><h2 class="battle-history">Turn 1</h2><div class="chat"><small> H2OPulse joined</small></div><div class="spacer battle-history"><br></div><div class="battle-history">Scorpion, come back!<br></div><div class="battle-history">Go! Not Godzilla (<strong>Tyranitar</strong>)!<br></div><div class="battle-history">[Not Godzilla's Sand Stream]<br><small>A sandstorm kicked up!</small><br></div><div class="spacer battle-history"><br></div><div class="battle-history">The opposing Jirachi used <strong>Thunder Wave</strong>!<br></div><div class="battle-history"><small>Not Godzilla is paralyzed! It may be unable to move!</small><br></div><div class="spacer battle-history"><br></div><div class="battle-history"><small>(The sandstorm is raging.)</small><br></div><div class="spacer battle-history"><br></div><h2 class="battle-history">Turn 2</h2><div class="spacer battle-history"><br></div><div class="battle-history">The opposing Jirachi used <strong>Iron Head</strong>!<br></div><div class="battle-history"><small>It's super effective!</small><br></div><div class="battle-history"><small>(Not Godzilla lost 44% of its health!)</small><br></div><div class="spacer battle-history"><br></div><div class="battle-history">Not Godzilla used <strong>Stealth Rock</strong>!<br></div><div class="battle-history"><small>Pointed stones float in the air around the opposing team!</small><br></div><div class="spacer battle-history"><br></div><div class="battle-history"><small>(The sandstorm is raging.)</small><br></div><div class="battle-history"><small>Not Godzilla restored a little HP using its Leftovers!</small><br></div><div class="spacer battle-history"><br></div><h2 class="battle-history">Turn 3</h2><div class="spacer battle-history"><br></div><div class="battle-history">The opposing Jirachi used <strong>Stealth Rock</strong>!<br></div><div class="battle-history"><small>Pointed stones float in the air around your team!</small><br></div><div class="spacer battle-history"><br></div><div class="battle-history">Not Godzilla used <strong>Thunder Wave</strong>!<br></div><div class="battle-history"><small>The opposing Jirachi is paralyzed! It may be unable to move!</small><br></div><div class="spacer battle-history"><br></div><div class="battle-history"><small>(The sandstorm is raging.)</small><br></div><div class="battle-history"><small>Not Godzilla restored a little HP using its Leftovers!</small><br></div><div class="spacer battle-history"><br></div><h2 class="battle-history">Turn 4</h2><div class="spacer battle-history"><br></div><div class="battle-history">The opposing Jirachi used <strong>Iron Head</strong>!<br></div><div class="battle-history"><small>It's super effective!</small><br></div><div class="battle-history"><small>(Not Godzilla lost 46% of its health!)</small><br></div><div class="spacer battle-history"><br></div><div class="battle-history">Not Godzilla flinched and couldn't move!<br></div><div class="spacer battle-history"><br></div><div class="battle-history"><small>(The sandstorm is raging.)</small><br></div><div class="battle-history"><small>Not Godzilla restored a little HP using its Leftovers!</small><br></div><div class="spacer battle-history"><br></div><h2 class="battle-history">Turn 5</h2><div class="spacer battle-history"><br></div><div class="battle-history">Not Godzilla, come back!<br></div><div class="battle-history">Go! Po (<strong>Urshifu</strong>)!<br></div><div class="battle-history"><small>Pointed stones dug into Po!</small><br></div><div class="spacer battle-history"><br></div><div class="battle-history">The opposing Jirachi used <strong>Iron Head</strong>!<br></div><div class="battle-history"><small>(Po lost 27% of its health!)</small><br></div><div class="spacer battle-history"><br></div><div class="battle-history"><small>The sandstorm subsided.</small><br></div><div class="spacer battle-history"><br></div><h2 class="battle-history">Turn 6</h2><div class="spacer battle-history"><br></div><div class="battle-history">Po used <strong>Wicked Blow</strong>!<br></div><div class="battle-history"><small>It's super effective!</small><br></div><div class="battle-history"><small>A critical hit!</small><br></div><div class="battle-history"><small>(The opposing Jirachi lost 100% of its health!)</small><br></div><div class="spacer battle-history"><br></div><div class="battle-history">The opposing Jirachi fainted!<br></div><div class="spacer battle-history"><br></div><div class="battle-history">CCMegaFlareon sent out <strong>Alakazam</strong>!<br></div><div class="spacer battle-history"><br></div><h2 class="battle-history">Turn 7</h2><div class="chat"><small> BlaueBrause joined</small></div><div class="chat chatmessage-ccmegaflareon"><strong style="color:#ac36b5"><small>☆</small><span class="username" data-name="CCMegaFlareon">CCMegaFlareon</span>:</strong> <em>was Urshifu unbanned in NatDex?</em></div><div class="spacer battle-history"><br></div><div class="battle-history">Po, come back!<br></div><div class="battle-history">Go! Da Tomb (<strong>Spiritomb</strong>)!<br></div><div class="battle-history"><small>Pointed stones dug into Da Tomb!</small><br></div><div class="battle-history">[Da Tomb's Pressure]<br><small>Da Tomb is exerting its pressure!</small><br></div><div class="spacer battle-history"><br></div><div class="battle-history">The opposing Alakazam used <strong>Dazzling Gleam</strong>!<br></div><div class="battle-history"><small>It's super effective!</small><br></div><div class="battle-history"><small>(Da Tomb lost 48% of its health!)</small><br></div><div class="spacer battle-history"><br></div><h2 class="battle-history">Turn 8</h2><div class="chat chatmessage-coppersmith"><strong style="color:#0aa445"><small> </small><span class="username" data-name="Coppersmith">Coppersmith</span>:</strong> <em>no</em></div><div class="chat chatmessage-coppersmith"><strong style="color:#0aa445"><small> </small><span class="username" data-name="Coppersmith">Coppersmith</span>:</strong> <em>its legal in mono tho</em></div><div class="chat chatmessage-ccmegaflareon"><strong style="color:#ac36b5"><small>☆</small><span class="username" data-name="CCMegaFlareon">CCMegaFlareon</span>:</strong> <em>ohhh</em></div><div class="chat chatmessage-blauebrause"><strong style="color:#6b66e4"><small> </small><span class="username" data-name="BlaueBrause">BlaueBrause</span>:</strong> <em>urshifu is banned in nat but it's allowed in mono</em></div><div class="spacer battle-history"><br></div><div class="battle-history">Da Tomb, come back!<br></div><div class="battle-history">Go! Scorpion (<strong>Drapion</strong>)!<br></div><div class="battle-history"><small>Pointed stones dug into Scorpion!</small><br></div><div class="spacer battle-history"><br></div><div class="battle-history">The opposing Alakazam used <strong>Dazzling Gleam</strong>!<br></div><div class="battle-history"><small>(Scorpion lost 43% of its health!)</small><br></div><div class="spacer battle-history"><br></div><h2 class="battle-history">Turn 9</h2><div class="spacer battle-history"><br></div><div class="battle-history">Scorpion used <strong>Knock Off</strong>!<br></div><div class="battle-history"><small>It's super effective!</small><br></div><div class="battle-history"><small>The opposing Alakazam hung on using its Focus Sash!</small><br></div><div class="battle-history"><small>(The opposing Alakazam lost 99% of its health!)</small><br></div><div class="spacer battle-history"><br></div><div class="battle-history">The opposing Alakazam used <strong>Dazzling Gleam</strong>!<br></div><div class="battle-history"><small>(Scorpion lost 44% of its health!)</small><br></div><div class="spacer battle-history"><br></div><h2 class="battle-history">Turn 10</h2><div class="chat"><small> ViZarPKMN joined</small></div><div class="chat chatmessage-coppersmith"><strong style="color:#0aa445"><small> </small><span class="username" data-name="Coppersmith">Coppersmith</span>:</strong> <em>wow</em></div><div class="spacer battle-history"><br></div><div class="battle-history">Scorpion used <strong>Knock Off</strong>!<br></div><div class="battle-history"><small>It's super effective!</small><br></div><div class="battle-history"><small>(The opposing Alakazam lost 1% of its health!)</small><br></div><div class="spacer battle-history"><br></div><div class="battle-history">The opposing Alakazam fainted!<br></div><div class="spacer battle-history"><br></div><div class="battle-history">CCMegaFlareon sent out <strong>Tapu Lele</strong>!<br></div><div class="battle-history"><small>Pointed stones dug into the opposing Tapu Lele!</small><br></div><div class="battle-history">[The opposing Tapu Lele's Psychic Surge]<br><small>The battlefield got weird!</small><br></div><div class="spacer battle-history"><br></div><h2 class="battle-history">Turn 11</h2><div class="spacer battle-history"><br></div><div class="battle-history">Scorpion used <strong>Knock Off</strong>!<br></div><div class="battle-history"><small>(The opposing Tapu Lele lost 64% of its health!)</small><br></div><div class="battle-history"><small>Scorpion knocked off the opposing Tapu Lele's Choice Specs!</small><br></div><div class="spacer battle-history"><br></div><div class="battle-history">The opposing Tapu Lele used <strong>Moonblast</strong>!<br></div><div class="battle-history"><small>(Scorpion lost 1% of its health!)</small><br></div><div class="spacer battle-history"><br></div><div class="battle-history">Scorpion fainted!<br></div><div class="chat chatmessage-coppersmith"><strong style="color:#0aa445"><small> </small><span class="username" data-name="Coppersmith">Coppersmith</span>:</strong> <em>scarf drapion?</em></div><div class="spacer battle-history"><br></div><div class="battle-history">Go! Esidisi (<strong>Greninja</strong>)!<br></div><div class="battle-history"><small>Pointed stones dug into Esidisi!</small><br></div><div class="spacer battle-history"><br></div><h2 class="battle-history">Turn 12</h2><div class="spacer battle-history"><br></div><div class="battle-history">Esidisi used <strong>U-turn</strong>!<br></div><div class="spacer battle-history"><br></div><div class="battle-history">[Esidisi's Protean]<br><small>Esidisi's type changed to Bug!</small><br></div><div class="battle-history"><small>(The opposing Tapu Lele lost 24% of its health!)</small><br></div><div class="spacer battle-history"><br></div><div class="battle-history">The opposing Tapu Lele fainted!<br></div><div class="spacer battle-history"><br></div><div class="battle-history">Esidisi went back to okispokisSUB!<br></div><div class="battle-history">Go! Watchlist (<strong>Mandibuzz</strong>)!<br></div><div class="spacer battle-history"><br></div><div class="battle-history">CCMegaFlareon sent out <strong>Victini</strong>!<br></div><div class="battle-history"><small>Pointed stones dug into the opposing Victini!</small><br></div><div class="spacer battle-history"><br></div><h2 class="battle-history">Turn 13</h2><div class="chat chatmessage-okispokissub"><strong style="color:#909622"><small>☆</small><span class="username" data-name="okispokisSUB">okispokisSUB</span>:</strong> <em>yeah. apparently it's the standard in mono</em></div><div class="chat chatmessage-blauebrause"><strong style="color:#6b66e4"><small> </small><span class="username" data-name="BlaueBrause">BlaueBrause</span>:</strong> <em>sth. to bear in mind, every mega (even the canon ones) not banned is allowed</em></div><div class="spacer battle-history"><br></div><div class="battle-history">Watchlist, come back!<br></div><div class="battle-history">Go! Not Godzilla (<strong>Tyranitar</strong>)!<br></div><div class="battle-history"><small>Pointed stones dug into Not Godzilla!</small><br></div><div class="battle-history">[Not Godzilla's Sand Stream]<br><small>A sandstorm kicked up!</small><br></div><div class="spacer battle-history"><br></div><div class="battle-history">The opposing Victini used <strong>V-create</strong>!<br></div><div class="battle-history"><small>It's not very effective...</small><br></div><div class="battle-history"><small>(Not Godzilla lost 16% of its health!)</small><br></div><div class="battle-history"><small>The opposing Victini's Speed fell!</small><br></div><div class="battle-history"><small>The opposing Victini's Defense fell!</small><br></div><div class="battle-history"><small>The opposing Victini's Sp. Def fell!</small><br></div><div class="spacer battle-history"><br></div><div class="battle-history">Not Godzilla fainted!<br></div><div class="spacer battle-history"><br></div><div class="battle-history"><small>(The sandstorm is raging.)</small><br></div><div class="battle-history"><small>The opposing Victini is buffeted by the sandstorm!</small><br></div><div class="spacer battle-history"><br></div><div class="battle-history">Go! Esidisi (<strong>Greninja</strong>)!<br></div><div class="battle-history"><small>Pointed stones dug into Esidisi!</small><br></div><div class="spacer battle-history"><br></div><h2 class="battle-history">Turn 14</h2><div class="chat"><small> abismal joined</small></div><div class="spacer battle-history"><br></div><div class="battle-history">CCMegaFlareon withdrew Victini!<br></div><div class="battle-history">CCMegaFlareon sent out <strong>Slowbro</strong>!<br></div><div class="spacer battle-history"><br></div><div class="battle-history">Esidisi used <strong>Hydro Pump</strong>!<br></div><div class="spacer battle-history"><br></div><div class="battle-history">[Esidisi's Protean]<br><small>Esidisi's type changed to Water!</small><br></div><div class="battle-history"><small>It's not very effective...</small><br></div><div class="battle-history"><small>(The opposing Slowbro lost 26% of its health!)</small><br></div><div class="spacer battle-history"><br></div><div class="battle-history"><small>(The sandstorm is raging.)</small><br></div><div class="battle-history"><small>Esidisi is buffeted by the sandstorm!</small><br></div><div class="battle-history"><small>The opposing Slowbro is buffeted by the sandstorm!</small><br></div><div class="spacer battle-history"><br></div><h2 class="battle-history">Turn 15</h2><div class="spacer battle-history"><br></div><div class="battle-history">Esidisi used <strong>U-turn</strong>!<br></div><div class="spacer battle-history"><br></div><div class="battle-history">[Esidisi's Protean]<br><small>Esidisi's type changed to Bug!</small><br></div><div class="battle-history"><small>It's super effective!</small><br></div><div class="battle-history"><small>(The opposing Slowbro lost 29% of its health!)</small><br></div><div class="spacer battle-history"><br></div><div class="battle-history">Esidisi went back to okispokisSUB!<br></div><div class="battle-history">Go! Watchlist (<strong>Mandibuzz</strong>)!<br></div><div class="spacer battle-history"><br></div><div class="battle-history">The opposing Slowbro used <strong>Scald</strong>!<br></div><div class="battle-history"><small>(Watchlist lost 21% of its health!)</small><br></div><div class="spacer battle-history"><br></div><div class="battle-history"><small>(The sandstorm is raging.)</small><br></div><div class="battle-history"><small>The opposing Slowbro is buffeted by the sandstorm!</small><br></div><div class="battle-history"><small>The weirdness disappeared from the battlefield!</small><br></div><div class="spacer battle-history"><br></div><h2 class="battle-history">Turn 16</h2><div class="spacer battle-history"><br></div><div class="battle-history">Watchlist used <strong>Defog</strong>!<br></div><div class="battle-history"><small>The opposing Slowbro's evasiveness fell!</small><br></div><div class="battle-history"><small>The pointed stones disappeared from around the opposing team!</small><br></div><div class="battle-history"><small>The pointed stones disappeared from around your team!</small><br></div><div class="spacer battle-history"><br></div><div class="battle-history">The opposing Slowbro used <strong>Slack Off</strong>!<br></div><div class="battle-history"><small>The opposing Slowbro had its HP restored.</small><br></div><div class="spacer battle-history"><br></div><div class="battle-history"><small>(The sandstorm is raging.)</small><br></div><div class="battle-history"><small>The opposing Slowbro is buffeted by the sandstorm!</small><br></div><div class="spacer battle-history"><br></div><h2 class="battle-history">Turn 17</h2><div class="spacer battle-history"><br></div><div class="battle-history">Watchlist used <strong>Toxic</strong>!<br></div><div class="battle-history"><small>The opposing Slowbro was badly poisoned!</small><br></div><div class="spacer battle-history"><br></div><div class="battle-history">The opposing Slowbro used <strong>Scald</strong>!<br></div><div class="battle-history"><small>(Watchlist lost 24% of its health!)</small><br></div><div class="spacer battle-history"><br></div><div class="battle-history"><small>The sandstorm subsided.</small><br></div><div class="battle-history"><small>The opposing Slowbro was hurt by poison!</small><br></div><div class="spacer battle-history"><br></div><h2 class="battle-history">Turn 18</h2><div class="spacer battle-history"><br></div><div class="battle-history">Watchlist used <strong>Roost</strong>!<br></div><div class="battle-history"><small>Watchlist had its HP restored.</small><br></div><div class="battle-history"><small>(Watchlist loses Flying type this turn.)</small><br></div><div class="spacer battle-history"><br></div><div class="battle-history">The opposing Slowbro used <strong>Scald</strong>!<br></div><div class="battle-history"><small>(Watchlist lost 22% of its health!)</small><br></div><div class="spacer battle-history"><br></div><div class="battle-history"><small>The opposing Slowbro was hurt by poison!</small><br></div><div class="spacer battle-history"><br></div><h2 class="battle-history">Turn 19</h2><div class="spacer battle-history"><br></div><div class="battle-history">Watchlist, come back!<br></div><div class="battle-history">Go! Da Tomb (<strong>Spiritomb</strong>)!<br></div><div class="battle-history">[Da Tomb's Pressure]<br><small>Da Tomb is exerting its pressure!</small><br></div><div class="spacer battle-history"><br></div><div class="battle-history">The opposing Slowbro used <strong>Teleport</strong>!<br></div><div class="spacer battle-history"><br></div><div class="battle-history">CCMegaFlareon withdrew Slowbro!<br></div><div class="battle-history">CCMegaFlareon sent out <strong>Victini</strong>!<br></div><div class="spacer battle-history"><br></div><h2 class="battle-history">Turn 20</h2><div class="spacer battle-history"><br></div><div class="battle-history">Da Tomb, come back!<br></div><div class="battle-history">Go! Watchlist (<strong>Mandibuzz</strong>)!<br></div><div class="spacer battle-history"><br></div><div class="battle-history">The opposing Victini used <strong>V-create</strong>!<br></div><div class="battle-history"><small>(Watchlist lost 63% of its health!)</small><br></div><div class="battle-history"><small>The opposing Victini's Speed fell!</small><br></div><div class="battle-history"><small>The opposing Victini's Defense fell!</small><br></div><div class="battle-history"><small>The opposing Victini's Sp. Def fell!</small><br></div><div class="spacer battle-history"><br></div><h2 class="battle-history">Turn 21</h2><div class="spacer battle-history"><br></div><div class="battle-history">The opposing Victini used <strong>V-create</strong>!<br></div><div class="battle-history"><small>(Watchlist lost 15% of its health!)</small><br></div><div class="battle-history"><small>The opposing Victini's Speed fell!</small><br></div><div class="battle-history"><small>The opposing Victini's Defense fell!</small><br></div><div class="battle-history"><small>The opposing Victini's Sp. Def fell!</small><br></div><div class="spacer battle-history"><br></div><div class="battle-history">Watchlist fainted!<br></div><div class="spacer battle-history"><br></div><div class="battle-history">Go! Po (<strong>Urshifu</strong>)!<br></div><div class="spacer battle-history"><br></div><h2 class="battle-history">Turn 22</h2><div class="spacer battle-history"><br></div><div class="battle-history">CCMegaFlareon withdrew Victini!<br></div><div class="battle-history">CCMegaFlareon sent out <strong>Slowbro</strong>!<br></div><div class="spacer battle-history"><br></div><div class="battle-history">Po used <strong>Wicked Blow</strong>!<br></div><div class="battle-history"><small>It's super effective!</small><br></div><div class="battle-history"><small>A critical hit!</small><br></div><div class="battle-history"><small>(The opposing Slowbro lost 92% of its health!)</small><br></div><div class="spacer battle-history"><br></div><div class="battle-history">The opposing Slowbro fainted!<br></div><div class="spacer battle-history"><br></div><div class="battle-history">CCMegaFlareon sent out <strong>Victini</strong>!<br></div><div class="spacer battle-history"><br></div><h2 class="battle-history">Turn 23</h2><div class="spacer battle-history"><br></div><div class="battle-history">Po, come back!<br></div><div class="battle-history">Go! Da Tomb (<strong>Spiritomb</strong>)!<br></div><div class="battle-history">[Da Tomb's Pressure]<br><small>Da Tomb is exerting its pressure!</small><br></div><div class="spacer battle-history"><br></div><div class="battle-history">The opposing Victini used <strong>Bolt Strike</strong>!<br></div><div class="battle-history"><small>(Da Tomb lost 40% of its health!)</small><br></div><div class="spacer battle-history"><br></div><div class="battle-history">Da Tomb fainted!<br></div><div class="spacer battle-history"><br></div><div class="battle-history">Go! Po (<strong>Urshifu</strong>)!<br></div><div class="spacer battle-history"><br></div><h2 class="battle-history">Turn 24</h2><div class="spacer battle-history"><br></div><div class="battle-history">Po used <strong>Sucker Punch</strong>!<br></div><div class="battle-history"><small>It's super effective!</small><br></div><div class="battle-history"><small>(The opposing Victini lost 69% of its health!)</small><br></div><div class="spacer battle-history"><br></div><div class="battle-history">The opposing Victini fainted!<br></div><div class="spacer battle-history"><br></div><div class="battle-history">CCMegaFlareon sent out <strong>Starmie</strong>!<br></div><div class="spacer battle-history"><br></div><h2 class="battle-history">Turn 25</h2><div class="spacer battle-history"><br></div><div class="battle-history">Po, come back!<br></div><div class="battle-history">Go! Esidisi (<strong>Greninja</strong>)!<br></div><div class="spacer battle-history"><br></div><div class="battle-history"><small>The opposing Starmie's Starminite is reacting to the Key Stone!</small><br>The opposing Starmie has Mega Evolved into Mega Starmie!<br></div><div class="battle-history">[The opposing Starmie's Rotation]<br></div><div class="battle-history"><small>The opposing Starmie's Sp. Def rose!</small><br></div><div class="chat"><ul class="utilichart"><li class="result"><span class="col pokemonnamecol" style="white-space: nowrap">Starmie-Mega</span> <span class="col typecol"><img src="https://play.pokemonshowdown.com/sprites/types/Water.png" alt="Water" height="14" width="32"><img src="https://play.pokemonshowdown.com/sprites/types/Psychic.png" alt="Psychic" height="14" width="32"></span> <span style="float: left ; min-height: 26px"><span class="col abilitycol">Rotation</span><span class="col abilitycol"></span></span><span style="float: left ; min-height: 26px"><span class="col statcol"><em>HP</em><br>60</span> <span class="col statcol"><em>Atk</em><br>75</span> <span class="col statcol"><em>Def</em><br>105</span> <span class="col statcol"><em>SpA</em><br>140</span> <span class="col statcol"><em>SpD</em><br>105</span> <span class="col statcol"><em>Spe</em><br>135</span> </span></li><li style="clear: both"></li></ul></div><div class="spacer battle-history"><br></div><div class="battle-history">The opposing Starmie used <strong>Scald</strong>!<br></div><div class="battle-history"><small>It's not very effective...</small><br></div><div class="battle-history"><small>(Esidisi lost 33% of its health!)</small><br></div><div class="spacer battle-history"><br></div><h2 class="battle-history">Turn 26</h2><div class="spacer battle-history"><br></div><div class="battle-history">The opposing Starmie used <strong>Calm Mind</strong>!<br></div><div class="battle-history"><small>The opposing Starmie's Sp. Atk rose!</small><br></div><div class="battle-history"><small>The opposing Starmie's Sp. Def rose!</small><br></div><div class="spacer battle-history"><br></div><div class="battle-history">Esidisi used <strong>U-turn</strong>!<br></div><div class="spacer battle-history"><br></div><div class="battle-history">[Esidisi's Protean]<br><small>Esidisi's type changed to Bug!</small><br></div><div class="battle-history"><small>It's super effective!</small><br></div><div class="battle-history"><small>(The opposing Starmie lost 57% of its health!)</small><br></div><div class="spacer battle-history"><br></div><div class="battle-history">Esidisi went back to okispokisSUB!<br></div><div class="battle-history">Go! Po (<strong>Urshifu</strong>)!<br></div><div class="spacer battle-history"><br></div><h2 class="battle-history">Turn 27</h2><div class="spacer battle-history"><br></div><div class="battle-history">Po used <strong>Sucker Punch</strong>!<br></div><div class="battle-history"><small>It's super effective!</small><br></div><div class="battle-history"><small>(The opposing Starmie lost 43% of its health!)</small><br></div><div class="spacer battle-history"><br></div><div class="battle-history">The opposing Starmie fainted!<br></div><div class="spacer battle-history"><br></div><div class="battle-history"><strong>okispokisSUB</strong> won the battle!<br></div><div class="chat chatmessage-ccmegaflareon"><strong style="color:#ac36b5"><small>☆</small><span class="username" data-name="CCMegaFlareon">CCMegaFlareon</span>:</strong> <em>gg</em></div><div class="chat"><small> abismal left</small></div><div class="chat chatmessage-okispokissub"><strong style="color:#909622"><small>☆</small><span class="username" data-name="okispokisSUB">okispokisSUB</span>:</strong> <em>gg</em></div><div class="chat"><small> inkbug1 joined;  H2OPulse,  BlaueBrause, ☆CCMegaFlareon, and ☆okispokisSUB left</small></div></div><div class="inner-preempt message-log"></div></div></div>
</div>
<script>
let daily = Math.floor(Date.now()/1000/60/60/24);document.write('<script src="https://dragonheaven.herokuapp.com/js/replay-embed.js?version'+daily+'"></'+'script>');
</script>
