<!DOCTYPE html>
<meta charset="utf-8" />
<!-- version 1 -->
<title>[Gen 8] Megas for All replay: Mossy Sandwich vs. Coppersmith</title>
<style>
html,body {font-family:Verdana, sans-serif;font-size:10pt;margin:0;padding:0;}body{padding:12px 0;} .battle-log {font-family:Verdana, sans-serif;font-size:10pt;} .battle-log-inline {border:1px solid #AAAAAA;background:#EEF2F5;color:black;max-width:640px;margin:0 auto 80px;padding-bottom:5px;} .battle-log .inner {padding:4px 8px 0px 8px;} .battle-log .inner-preempt {padding:0 8px 4px 8px;} .battle-log .inner-after {margin-top:0.5em;} .battle-log h2 {margin:0.5em -8px;padding:4px 8px;border:1px solid #AAAAAA;background:#E0E7EA;border-left:0;border-right:0;font-family:Verdana, sans-serif;font-size:13pt;} .battle-log .chat {vertical-align:middle;padding:3px 0 3px 0;font-size:8pt;} .battle-log .chat strong {color:#40576A;} .battle-log .chat em {padding:1px 4px 1px 3px;color:#000000;font-style:normal;} .chat.mine {background:rgba(0,0,0,0.05);margin-left:-8px;margin-right:-8px;padding-left:8px;padding-right:8px;} .spoiler {color:#BBBBBB;background:#BBBBBB;padding:0px 3px;} .spoiler:hover, .spoiler:active, .spoiler-shown {color:#000000;background:#E2E2E2;padding:0px 3px;} .spoiler a {color:#BBBBBB;} .spoiler:hover a, .spoiler:active a, .spoiler-shown a {color:#2288CC;} .chat code, .chat .spoiler:hover code, .chat .spoiler:active code, .chat .spoiler-shown code {border:1px solid #C0C0C0;background:#EEEEEE;color:black;padding:0 2px;} .chat .spoiler code {border:1px solid #CCCCCC;background:#CCCCCC;color:#CCCCCC;} .battle-log .rated {padding:3px 4px;} .battle-log .rated strong {color:white;background:#89A;padding:1px 4px;border-radius:4px;} .spacer {margin-top:0.5em;} .message-announce {background:#6688AA;color:white;padding:1px 4px 2px;} .message-announce a, .broadcast-green a, .broadcast-blue a, .broadcast-red a {color:#DDEEFF;} .broadcast-green {background-color:#559955;color:white;padding:2px 4px;} .broadcast-blue {background-color:#6688AA;color:white;padding:2px 4px;} .infobox {border:1px solid #6688AA;padding:2px 4px;} .infobox-limited {max-height:200px;overflow:auto;overflow-x:hidden;} .broadcast-red {background-color:#AA5544;color:white;padding:2px 4px;} .message-learn-canlearn {font-weight:bold;color:#228822;text-decoration:underline;} .message-learn-cannotlearn {font-weight:bold;color:#CC2222;text-decoration:underline;} .message-effect-weak {font-weight:bold;color:#CC2222;} .message-effect-resist {font-weight:bold;color:#6688AA;} .message-effect-immune {font-weight:bold;color:#666666;} .message-learn-list {margin-top:0;margin-bottom:0;} .message-throttle-notice, .message-error {color:#992222;} .message-overflow, .chat small.message-overflow {font-size:0pt;} .message-overflow::before {font-size:9pt;content:'...';} .subtle {color:#3A4A66;}
</style>
<div class="wrapper replay-wrapper" style="max-width:1180px;margin:0 auto">
<input type="hidden" name="replayid" value="dragonheaven-gen8megasforall-1315" />
<div class="battle"></div><div class="battle-log"></div><div class="replay-controls"></div><div class="replay-controls-2"></div>
<h1 style="font-weight:normal;text-align:center"><strong>[Gen 8] Megas for All</strong><br /><a href="http://pokemonshowdown.com/users/mossysandwich" class="subtle" target="_blank">Mossy Sandwich</a> vs. <a href="http://pokemonshowdown.com/users/coppersmith" class="subtle" target="_blank">Coppersmith</a></h1>
<script type="text/plain" class="battle-log-data">|j|☆Mossy Sandwich
|j|☆Coppersmith
|t:|1611429399
|player|p1|Mossy Sandwich|wally-gen3|
|player|p2|Coppersmith|pokemonranger-gen4|
|teamsize|p1|6
|teamsize|p2|6
|gametype|singles
|gen|8
|tier|[Gen 8] Megas for All
|clearpoke
|poke|p1|Kricketune, M|
|poke|p1|Corviknight, M|
|poke|p1|Blissey, F|
|poke|p1|Tapu Lele|
|poke|p1|Bisharp, M|
|poke|p1|Greninja, F|
|poke|p2|Corviknight, M|
|poke|p2|Clefable, M|
|poke|p2|Greninja, M|
|poke|p2|Kommo-o, M|
|poke|p2|Blissey, F|
|poke|p2|Landorus-Therian, M|
|rule|HP Percentage Mod: HP is shown in percentages
|rule|Endless Battle Clause: Forcing endless battles is banned
|rule|OHKO Clause: OHKO moves are banned
|rule|Evasion Moves Clause: Evasion moves are banned
|rule|Species Clause: Limit one of each Pokémon
|rule|Dynamax Clause: You cannot dynamax
|rule|Sleep Clause Mod: Limit one foe put to sleep
|rule|Freeze Clause Mod: Limit one foe frozen
|raw|<img src="https:\/\/www.smogon.com\/forums\/attachments\/banner_2-png.302358\/" height="65" width="381">
|-message|Welcome to Megas for All!
|-message|This is a National Dex-based format where we aim to give a new Mega Evolution to every Pokémon.
|-message|Just like any official format, you can still only Mega Evolve one Pokémon per team!
|-message|You can find our thread and metagame resources here:
|-message|https:\/\/www.smogon.com\/forums\/threads\/3671140\/
|teampreview
|inactive|Battle timer is ON: inactive players will automatically lose when time's up. (requested by Coppersmith)
|inactiveoff|Battle timer is now OFF.
|c|☆Mossy Sandwich|gl hf!
|j| BlaueBrause

|c|☆Coppersmith|u2
|j| pupugugu
|
|t:|1611429435
|start
|switch|p1a: Kricketune|Kricketune, M|100\/100
|switch|p2a: Corviknight|Corviknight, M|100\/100
|-ability|p2a: Corviknight|Pressure
|turn|1
|
|t:|1611429444
|detailschange|p1a: Kricketune|Kricketune-Mega, M
|-mega|p1a: Kricketune|Kricketune|Kricketite
|-start|p1a: Kricketune|typechange|Bug\/Fighting|[silent]
|raw|<ul class="utilichart"><li class="result"><span class="col pokemonnamecol" style="white-space: nowrap">Kricketune-Mega<\/span> <span class="col typecol"><img src="https:\/\/play.pokemonshowdown.com\/sprites\/types\/Bug.png" alt="Bug" height="14" width="32"><img src="https:\/\/play.pokemonshowdown.com\/sprites\/types\/Fighting.png" alt="Fighting" height="14" width="32"><\/span> <span style="float: left ; min-height: 26px"><span class="col abilitycol">Dancer<\/span><span class="col abilitycol"><\/span><\/span><span style="float: left ; min-height: 26px"><span class="col statcol"><em>HP<\/em><br>77<\/span> <span class="col statcol"><em>Atk<\/em><br>145<\/span> <span class="col statcol"><em>Def<\/em><br>51<\/span> <span class="col statcol"><em>SpA<\/em><br>15<\/span> <span class="col statcol"><em>SpD<\/em><br>51<\/span> <span class="col statcol"><em>Spe<\/em><br>145<\/span> <\/span><\/li><li style="clear: both"><\/li><\/ul>
|detailschange|p2a: Corviknight|Corviknight-Mega, M
|-mega|p2a: Corviknight|Corviknight|Corviknite
|-ability|p2a: Corviknight|Intimidate|boost
|-unboost|p1a: Kricketune|atk|1
|-start|p2a: Corviknight|typechange|Flying\/Steel|[silent]
|raw|<ul class="utilichart"><li class="result"><span class="col pokemonnamecol" style="white-space: nowrap">Corviknight-Mega<\/span> <span class="col typecol"><img src="https:\/\/play.pokemonshowdown.com\/sprites\/types\/Flying.png" alt="Flying" height="14" width="32"><img src="https:\/\/play.pokemonshowdown.com\/sprites\/types\/Steel.png" alt="Steel" height="14" width="32"><\/span> <span style="float: left ; min-height: 26px"><span class="col abilitycol">Intimidate<\/span><span class="col abilitycol"><\/span><\/span><span style="float: left ; min-height: 26px"><span class="col statcol"><em>HP<\/em><br>98<\/span> <span class="col statcol"><em>Atk<\/em><br>117<\/span> <span class="col statcol"><em>Def<\/em><br>120<\/span> <span class="col statcol"><em>SpA<\/em><br>78<\/span> <span class="col statcol"><em>SpD<\/em><br>105<\/span> <span class="col statcol"><em>Spe<\/em><br>77<\/span> <\/span><\/li><li style="clear: both"><\/li><\/ul>
|move|p1a: Kricketune|U-turn|p2a: Corviknight
|-resisted|p2a: Corviknight
|-damage|p2a: Corviknight|97\/100
|
|t:|1611429452
|switch|p1a: Corviknight|Corviknight, M|100\/100|[from]move: U-turn
|-ability|p1a: Corviknight|Pressure
|move|p2a: Corviknight|U-turn|p1a: Corviknight
|-resisted|p1a: Corviknight
|-damage|p1a: Corviknight|98\/100
|
|t:|1611429470
|switch|p2a: Clefable|Clefable, M|100\/100|[from]move: U-turn
|
|-heal|p1a: Corviknight|100\/100|[from] item: Leftovers
|upkeep
|turn|2
|
|t:|1611429478
|switch|p1a: Bisharp|Bisharp, M|100\/100
|move|p2a: Clefable|Thunder Wave|p1a: Bisharp
|-status|p1a: Bisharp|par
|
|upkeep
|turn|3
|
|t:|1611429497
|move|p2a: Clefable|Stealth Rock|p1a: Bisharp
|-sidestart|p1: Mossy Sandwich|move: Stealth Rock
|move|p1a: Bisharp|Iron Head|p2a: Clefable
|-supereffective|p2a: Clefable
|-damage|p2a: Clefable|31\/100
|
|-heal|p2a: Clefable|38\/100|[from] item: Leftovers
|upkeep
|turn|4
|
|t:|1611429519
|move|p2a: Clefable|Soft-Boiled|p2a: Clefable
|-heal|p2a: Clefable|88\/100
|move|p1a: Bisharp|Swords Dance|p1a: Bisharp
|-boost|p1a: Bisharp|atk|2
|
|-heal|p2a: Clefable|94\/100|[from] item: Leftovers
|upkeep
|turn|5
|
|t:|1611429527
|switch|p2a: Kommo-o|Kommo-o, M|100\/100
|move|p1a: Bisharp|Iron Head|p2a: Kommo-o
|-damage|p2a: Kommo-o|13\/100
|
|upkeep
|turn|6
|
|t:|1611429534
|cant|p1a: Bisharp|par
|move|p2a: Kommo-o|Drain Punch|p1a: Bisharp
|-supereffective|p1a: Bisharp
|-damage|p1a: Bisharp|0 fnt
|-heal|p2a: Kommo-o|59\/100|[from] drain|[of] p1a: Bisharp
|faint|p1a: Bisharp
|
|upkeep
|c|☆Coppersmith|oof
|c|☆Mossy Sandwich|oof
|
|t:|1611429551
|switch|p1a: Greninja|Greninja, F|100\/100
|-damage|p1a: Greninja|88\/100|[from] Stealth Rock
|turn|7
|c|☆Coppersmith|unfort :\/
|
|t:|1611429569
|switch|p2a: Blissey|Blissey, F|100\/100
|move|p1a: Greninja|Ice Beam|p2a: Blissey
|-start|p1a: Greninja|typechange|Ice|[from] ability: Protean
|-damage|p2a: Blissey|84\/100
|
|upkeep
|turn|8
|
|t:|1611429578
|move|p1a: Greninja|Spikes|p2a: Blissey
|-start|p1a: Greninja|typechange|Ground|[from] ability: Protean
|-sidestart|p2: Coppersmith|Spikes
|move|p2a: Blissey|Toxic|p1a: Greninja
|-status|p1a: Greninja|tox
|
|-damage|p1a: Greninja|82\/100 tox|[from] psn
|upkeep
|turn|9
|
|t:|1611429587
|move|p1a: Greninja|U-turn|p2a: Blissey
|-start|p1a: Greninja|typechange|Bug|[from] ability: Protean
|-damage|p2a: Blissey|68\/100
|
|t:|1611429591
|switch|p1a: Tapu Lele|Tapu Lele|100\/100|[from]move: U-turn
|-damage|p1a: Tapu Lele|88\/100|[from] Stealth Rock
|-fieldstart|move: Psychic Terrain|[from] ability: Psychic Surge|[of] p1a: Tapu Lele
|move|p2a: Blissey|Seismic Toss|p1a: Tapu Lele
|-damage|p1a: Tapu Lele|52\/100
|
|upkeep
|turn|10
|c|☆Mossy Sandwich|I don't think I can win this matchup without bisharp
|c|☆Coppersmith|yeah its pretty rough
|c|☆Coppersmith|im sorry for that
|
|t:|1611429658
|switch|p1a: Corviknight|Corviknight, M|100\/100
|-damage|p1a: Corviknight|88\/100|[from] Stealth Rock
|-ability|p1a: Corviknight|Pressure
|switch|p2a: Landorus|Landorus-Therian, M|100\/100
|-ability|p2a: Landorus|Intimidate|boost
|-unboost|p1a: Corviknight|atk|1
|
|-heal|p1a: Corviknight|94\/100|[from] item: Leftovers
|upkeep
|turn|11
|
|t:|1611429674
|move|p2a: Landorus|Knock Off|p1a: Corviknight
|-damage|p1a: Corviknight|72\/100
|-enditem|p1a: Corviknight|Leftovers|[from] move: Knock Off|[of] p2a: Landorus
|move|p1a: Corviknight|Defog|p2a: Landorus
|-unboost|p2a: Landorus|evasion|1
|-sideend|p2: Coppersmith|Spikes|[from] move: Defog|[of] p1a: Corviknight
|-sideend|p1: Mossy Sandwich|Stealth Rock|[from] move: Defog|[of] p1a: Corviknight
|-fieldend|move: Psychic Terrain
|
|upkeep
|turn|12
|
|t:|1611429685
|switch|p2a: Corviknight|Corviknight-Mega, M|97\/100
|-start|p2a: Corviknight|typechange|Flying\/Steel|[silent]
|-ability|p2a: Corviknight|Intimidate|boost
|-unboost|p1a: Corviknight|atk|1
|move|p1a: Corviknight|Roost|p1a: Corviknight
|-heal|p1a: Corviknight|100\/100
|-singleturn|p1a: Corviknight|move: Roost
|
|upkeep
|turn|13
|
|t:|1611429696
|move|p2a: Corviknight|U-turn|p1a: Corviknight
|-resisted|p1a: Corviknight
|-damage|p1a: Corviknight|98\/100
|
|t:|1611429707
|switch|p2a: Clefable|Clefable, M|94\/100|[from]move: U-turn
|move|p1a: Corviknight|U-turn|p2a: Clefable
|-resisted|p2a: Clefable
|-damage|p2a: Clefable|89\/100
|
|t:|1611429711
|switch|p1a: Tapu Lele|Tapu Lele|52\/100|[from]move: U-turn
|-fieldstart|move: Psychic Terrain|[from] ability: Psychic Surge|[of] p1a: Tapu Lele
|
|-heal|p2a: Clefable|95\/100|[from] item: Leftovers
|upkeep
|turn|14
|
|t:|1611429722
|move|p1a: Tapu Lele|Psyshock|p2a: Clefable
|-damage|p2a: Clefable|31\/100
|move|p2a: Clefable|Thunder Wave|p1a: Tapu Lele
|-status|p1a: Tapu Lele|par
|
|-heal|p2a: Clefable|37\/100|[from] item: Leftovers
|upkeep
|turn|15
|
|t:|1611429741
|switch|p2a: Corviknight|Corviknight-Mega, M|97\/100
|-start|p2a: Corviknight|typechange|Flying\/Steel|[silent]
|-ability|p2a: Corviknight|Intimidate|boost
|-unboost|p1a: Tapu Lele|atk|1
|move|p1a: Tapu Lele|Psyshock|p2a: Corviknight
|-resisted|p2a: Corviknight
|-damage|p2a: Corviknight|73\/100
|
|upkeep
|turn|16
|
|t:|1611429752
|switch|p1a: Corviknight|Corviknight, M|98\/100
|-ability|p1a: Corviknight|Pressure
|move|p2a: Corviknight|U-turn|p1a: Corviknight
|-resisted|p1a: Corviknight
|-damage|p1a: Corviknight|95\/100
|
|t:|1611429770
|switch|p2a: Clefable|Clefable, M|37\/100|[from]move: U-turn
|
|-heal|p2a: Clefable|43\/100|[from] item: Leftovers
|upkeep
|turn|17
|
|t:|1611429776
|move|p1a: Corviknight|Brave Bird|p2a: Clefable
|-damage|p2a: Clefable|14\/100
|-damage|p1a: Corviknight|86\/100|[from] Recoil
|move|p2a: Clefable|Soft-Boiled|p2a: Clefable
|-heal|p2a: Clefable|64\/100
|
|-heal|p2a: Clefable|70\/100|[from] item: Leftovers
|-fieldend|move: Psychic Terrain
|upkeep
|turn|18
|
|t:|1611429786
|move|p1a: Corviknight|U-turn|p2a: Clefable
|-resisted|p2a: Clefable
|-damage|p2a: Clefable|65\/100
|
|t:|1611429789
|switch|p1a: Blissey|Blissey, F|100\/100|[from]move: U-turn
|move|p2a: Clefable|Thunder Wave|p1a: Blissey
|-status|p1a: Blissey|par
|
|-heal|p2a: Clefable|71\/100|[from] item: Leftovers
|upkeep
|turn|19
|
|t:|1611429801
|move|p2a: Clefable|Stealth Rock|p1a: Blissey
|-sidestart|p1: Mossy Sandwich|move: Stealth Rock
|move|p1a: Blissey|Stealth Rock|p2a: Clefable
|-sidestart|p2: Coppersmith|move: Stealth Rock
|
|-heal|p2a: Clefable|77\/100|[from] item: Leftovers
|upkeep
|turn|20
|
|t:|1611429808
|move|p2a: Clefable|Moonblast|p1a: Blissey
|-damage|p1a: Blissey|88\/100 par
|move|p1a: Blissey|Teleport|p1a: Blissey
|
|t:|1611429819
|switch|p1a: Kricketune|Kricketune-Mega, M|100\/100|[from]move: Teleport
|-damage|p1a: Kricketune|88\/100|[from] Stealth Rock
|-start|p1a: Kricketune|typechange|Bug\/Fighting|[silent]
|
|-heal|p2a: Clefable|83\/100|[from] item: Leftovers
|upkeep
|turn|21
|
|t:|1611429829
|move|p1a: Kricketune|U-turn|p2a: Clefable
|-resisted|p2a: Clefable
|-damage|p2a: Clefable|68\/100
|
|t:|1611429832
|switch|p1a: Corviknight|Corviknight, M|86\/100|[from]move: U-turn
|-damage|p1a: Corviknight|73\/100|[from] Stealth Rock
|-ability|p1a: Corviknight|Pressure
|move|p2a: Clefable|Moonblast|p1a: Corviknight
|-resisted|p1a: Corviknight
|-damage|p1a: Corviknight|59\/100
|
|-heal|p2a: Clefable|74\/100|[from] item: Leftovers
|upkeep
|turn|22
|c|☆Mossy Sandwich|I don't feel like playing this
|
|t:|1611429843
|move|p1a: Corviknight|Roost|p1a: Corviknight
|-heal|p1a: Corviknight|100\/100
|-singleturn|p1a: Corviknight|move: Roost
|move|p2a: Clefable|Thunder Wave|p1a: Corviknight
|-status|p1a: Corviknight|par
|
|-heal|p2a: Clefable|80\/100|[from] item: Leftovers
|upkeep
|turn|23
|-message|Mossy Sandwich forfeited.
|
|win|Coppersmith
|c|☆Coppersmith|ok
|l| pupugugu
|c|☆Coppersmith|gg
|l|☆Mossy Sandwich
|j| Magmajudis
|l| Magmajudis</script>
</div>
<div class="battle-log battle-log-inline"><div class="inner"><div class="battle-options"><div style="padding-top: 3px; padding-right: 3px; text-align: right"><button class="icon button" name="openBattleOptions" title="Options">Battle Options</button></div></div><div class="inner message-log"><div class="chat"><small>☆Mossy Sandwich and ☆Coppersmith joined</small></div><div class=""><small>Format:</small> <br><strong>[Gen 8] Megas for All</strong></div><div class=""><small><em>HP Percentage Mod:</em> HP is shown in percentages</small></div><div class=""><small><em>Endless Battle Clause:</em> Forcing endless battles is banned</small></div><div class=""><small><em>OHKO Clause:</em> OHKO moves are banned</small></div><div class=""><small><em>Evasion Moves Clause:</em> Evasion moves are banned</small></div><div class=""><small><em>Species Clause:</em> Limit one of each Pokémon</small></div><div class=""><small><em>Dynamax Clause:</em> You cannot dynamax</small></div><div class=""><small><em>Sleep Clause Mod:</em> Limit one foe put to sleep</small></div><div class=""><small><em>Freeze Clause Mod:</em> Limit one foe frozen</small></div><div class="chat"><img src="https://www.smogon.com/forums/attachments/banner_2-png.302358/" height="65" width="381"></div><div class="spacer battle-history"><br></div><div class="battle-history"><small>Welcome to Megas for All!</small><br></div><div class="battle-history"><small>This is a National Dex-based format where we aim to give a new Mega Evolution to every Pokémon.</small><br></div><div class="battle-history"><small>Just like any official format, you can still only Mega Evolve one Pokémon per team!</small><br></div><div class="battle-history"><small>You can find our thread and metagame resources here:</small><br></div><div class="battle-history"><small>https://www.smogon.com/forums/threads/3671140/</small><br></div><div class="chat battle-history"><strong>Mossy Sandwich's team:</strong> <em style="color:#445566;display:block;">Kricketune / Corviknight / Blissey / Tapu Lele / Bisharp / Greninja</em></div><div class="chat battle-history"><strong>Coppersmith's team:</strong> <em style="color:#445566;display:block;">Corviknight / Clefable / Greninja / Kommo-o / Blissey / Landorus-Therian</em></div><div class="chat message-error">Battle timer is ON: inactive players will automatically lose when time's up. (requested by Coppersmith)</div><div class="chat message-error">Battle timer is now OFF.</div><div class="chat chatmessage-mossysandwich"><strong style="color:#ba49a2"><small>☆</small><span class="username" data-name="Mossy Sandwich">Mossy Sandwich</span>:</strong> <em>gl hf!</em></div><div class="chat"><small> BlaueBrause joined</small></div><div class="chat chatmessage-coppersmith"><strong style="color:#0aa445"><small>☆</small><span class="username" data-name="Coppersmith">Coppersmith</span>:</strong> <em>u2</em></div><div class="chat"><small> pupugugu joined</small></div><div class="spacer battle-history"><br></div><div class="battle-history">Battle started between Mossy Sandwich and Coppersmith!<br></div><div class="spacer battle-history"><br></div><div class="battle-history">Go! <strong>Kricketune</strong>!<br></div><div class="spacer battle-history"><br></div><div class="battle-history">Coppersmith sent out <strong>Corviknight</strong>!<br></div><div class="battle-history">[The opposing Corviknight's Pressure]<br><small>The opposing Corviknight is exerting its pressure!</small><br></div><div class="spacer battle-history"><br></div><h2 class="battle-history">Turn 1</h2><div class="spacer battle-history"><br></div><div class="battle-history"><small>Kricketune's Kricketite is reacting to the Key Stone!</small><br>Kricketune has Mega Evolved into Mega Kricketune!<br></div><div class="chat"><ul class="utilichart"><li class="result"><span class="col pokemonnamecol" style="white-space: nowrap">Kricketune-Mega</span> <span class="col typecol"><img src="https://play.pokemonshowdown.com/sprites/types/Bug.png" alt="Bug" height="14" width="32"><img src="https://play.pokemonshowdown.com/sprites/types/Fighting.png" alt="Fighting" height="14" width="32"></span> <span style="float: left ; min-height: 26px"><span class="col abilitycol">Dancer</span><span class="col abilitycol"></span></span><span style="float: left ; min-height: 26px"><span class="col statcol"><em>HP</em><br>77</span> <span class="col statcol"><em>Atk</em><br>145</span> <span class="col statcol"><em>Def</em><br>51</span> <span class="col statcol"><em>SpA</em><br>15</span> <span class="col statcol"><em>SpD</em><br>51</span> <span class="col statcol"><em>Spe</em><br>145</span> </span></li><li style="clear: both"></li></ul></div><div class="spacer battle-history"><br></div><div class="battle-history"><small>The opposing Corviknight's Corviknite is reacting to the Key Stone!</small><br>The opposing Corviknight has Mega Evolved into Mega Corviknight!<br></div><div class="battle-history">[The opposing Corviknight's Intimidate]<br></div><div class="battle-history"><small>Kricketune's Attack fell!</small><br></div><div class="chat"><ul class="utilichart"><li class="result"><span class="col pokemonnamecol" style="white-space: nowrap">Corviknight-Mega</span> <span class="col typecol"><img src="https://play.pokemonshowdown.com/sprites/types/Flying.png" alt="Flying" height="14" width="32"><img src="https://play.pokemonshowdown.com/sprites/types/Steel.png" alt="Steel" height="14" width="32"></span> <span style="float: left ; min-height: 26px"><span class="col abilitycol">Intimidate</span><span class="col abilitycol"></span></span><span style="float: left ; min-height: 26px"><span class="col statcol"><em>HP</em><br>98</span> <span class="col statcol"><em>Atk</em><br>117</span> <span class="col statcol"><em>Def</em><br>120</span> <span class="col statcol"><em>SpA</em><br>78</span> <span class="col statcol"><em>SpD</em><br>105</span> <span class="col statcol"><em>Spe</em><br>77</span> </span></li><li style="clear: both"></li></ul></div><div class="spacer battle-history"><br></div><div class="battle-history">Kricketune used <strong>U-turn</strong>!<br></div><div class="battle-history"><small>It's not very effective...</small><br></div><div class="battle-history"><small>(The opposing Corviknight lost 3% of its health!)</small><br></div><div class="spacer battle-history"><br></div><div class="battle-history">Kricketune went back to Mossy Sandwich!<br></div><div class="battle-history">Go! <strong>Corviknight</strong>!<br></div><div class="battle-history">[Corviknight's Pressure]<br><small>Corviknight is exerting its pressure!</small><br></div><div class="spacer battle-history"><br></div><div class="battle-history">The opposing Corviknight used <strong>U-turn</strong>!<br></div><div class="battle-history"><small>It's not very effective...</small><br></div><div class="battle-history"><small>(Corviknight lost 2% of its health!)</small><br></div><div class="spacer battle-history"><br></div><div class="battle-history">The opposing Corviknight went back to Coppersmith!<br></div><div class="battle-history">Coppersmith sent out <strong>Clefable</strong>!<br></div><div class="spacer battle-history"><br></div><div class="battle-history"><small>Corviknight restored a little HP using its Leftovers!</small><br></div><div class="spacer battle-history"><br></div><h2 class="battle-history">Turn 2</h2><div class="spacer battle-history"><br></div><div class="battle-history">Corviknight, come back!<br></div><div class="battle-history">Go! <strong>Bisharp</strong>!<br></div><div class="spacer battle-history"><br></div><div class="battle-history">The opposing Clefable used <strong>Thunder Wave</strong>!<br></div><div class="battle-history"><small>Bisharp is paralyzed! It may be unable to move!</small><br></div><div class="spacer battle-history"><br></div><h2 class="battle-history">Turn 3</h2><div class="spacer battle-history"><br></div><div class="battle-history">The opposing Clefable used <strong>Stealth Rock</strong>!<br></div><div class="battle-history"><small>Pointed stones float in the air around your team!</small><br></div><div class="spacer battle-history"><br></div><div class="battle-history">Bisharp used <strong>Iron Head</strong>!<br></div><div class="battle-history"><small>It's super effective!</small><br></div><div class="battle-history"><small>(The opposing Clefable lost 69% of its health!)</small><br></div><div class="spacer battle-history"><br></div><div class="battle-history"><small>The opposing Clefable restored a little HP using its Leftovers!</small><br></div><div class="spacer battle-history"><br></div><h2 class="battle-history">Turn 4</h2><div class="spacer battle-history"><br></div><div class="battle-history">The opposing Clefable used <strong>Soft-Boiled</strong>!<br></div><div class="battle-history"><small>The opposing Clefable had its HP restored.</small><br></div><div class="spacer battle-history"><br></div><div class="battle-history">Bisharp used <strong>Swords Dance</strong>!<br></div><div class="battle-history"><small>Bisharp's Attack rose sharply!</small><br></div><div class="spacer battle-history"><br></div><div class="battle-history"><small>The opposing Clefable restored a little HP using its Leftovers!</small><br></div><div class="spacer battle-history"><br></div><h2 class="battle-history">Turn 5</h2><div class="spacer battle-history"><br></div><div class="battle-history">Coppersmith withdrew Clefable!<br></div><div class="battle-history">Coppersmith sent out <strong>Kommo-o</strong>!<br></div><div class="spacer battle-history"><br></div><div class="battle-history">Bisharp used <strong>Iron Head</strong>!<br></div><div class="battle-history"><small>(The opposing Kommo-o lost 87% of its health!)</small><br></div><div class="spacer battle-history"><br></div><h2 class="battle-history">Turn 6</h2><div class="spacer battle-history"><br></div><div class="battle-history">Bisharp is paralyzed! It can't move!<br></div><div class="spacer battle-history"><br></div><div class="battle-history">The opposing Kommo-o used <strong>Drain Punch</strong>!<br></div><div class="battle-history"><small>It's super effective!</small><br></div><div class="battle-history"><small>(Bisharp lost 100% of its health!)</small><br></div><div class="battle-history"><small>Bisharp had its energy drained!</small><br></div><div class="spacer battle-history"><br></div><div class="battle-history">Bisharp fainted!<br></div><div class="chat chatmessage-coppersmith"><strong style="color:#0aa445"><small>☆</small><span class="username" data-name="Coppersmith">Coppersmith</span>:</strong> <em>oof</em></div><div class="chat chatmessage-mossysandwich"><strong style="color:#ba49a2"><small>☆</small><span class="username" data-name="Mossy Sandwich">Mossy Sandwich</span>:</strong> <em>oof</em></div><div class="spacer battle-history"><br></div><div class="battle-history">Go! <strong>Greninja</strong>!<br></div><div class="battle-history"><small>Pointed stones dug into Greninja!</small><br></div><div class="spacer battle-history"><br></div><h2 class="battle-history">Turn 7</h2><div class="chat chatmessage-coppersmith"><strong style="color:#0aa445"><small>☆</small><span class="username" data-name="Coppersmith">Coppersmith</span>:</strong> <em>unfort :/</em></div><div class="spacer battle-history"><br></div><div class="battle-history">Coppersmith withdrew Kommo-o!<br></div><div class="battle-history">Coppersmith sent out <strong>Blissey</strong>!<br></div><div class="spacer battle-history"><br></div><div class="battle-history">Greninja used <strong>Ice Beam</strong>!<br></div><div class="spacer battle-history"><br></div><div class="battle-history">[Greninja's Protean]<br><small>Greninja's type changed to Ice!</small><br></div><div class="battle-history"><small>(The opposing Blissey lost 16% of its health!)</small><br></div><div class="spacer battle-history"><br></div><h2 class="battle-history">Turn 8</h2><div class="spacer battle-history"><br></div><div class="battle-history">Greninja used <strong>Spikes</strong>!<br></div><div class="spacer battle-history"><br></div><div class="battle-history">[Greninja's Protean]<br><small>Greninja's type changed to Ground!</small><br></div><div class="battle-history"><small>Spikes were scattered on the ground all around the opposing team!</small><br></div><div class="spacer battle-history"><br></div><div class="battle-history">The opposing Blissey used <strong>Toxic</strong>!<br></div><div class="battle-history"><small>Greninja was badly poisoned!</small><br></div><div class="spacer battle-history"><br></div><div class="battle-history"><small>Greninja was hurt by poison!</small><br></div><div class="spacer battle-history"><br></div><h2 class="battle-history">Turn 9</h2><div class="spacer battle-history"><br></div><div class="battle-history">Greninja used <strong>U-turn</strong>!<br></div><div class="spacer battle-history"><br></div><div class="battle-history">[Greninja's Protean]<br><small>Greninja's type changed to Bug!</small><br></div><div class="battle-history"><small>(The opposing Blissey lost 16% of its health!)</small><br></div><div class="spacer battle-history"><br></div><div class="battle-history">Greninja went back to Mossy Sandwich!<br></div><div class="battle-history">Go! <strong>Tapu Lele</strong>!<br></div><div class="battle-history"><small>Pointed stones dug into Tapu Lele!</small><br></div><div class="battle-history">[Tapu Lele's Psychic Surge]<br><small>The battlefield got weird!</small><br></div><div class="spacer battle-history"><br></div><div class="battle-history">The opposing Blissey used <strong>Seismic Toss</strong>!<br></div><div class="battle-history"><small>(Tapu Lele lost 36% of its health!)</small><br></div><div class="spacer battle-history"><br></div><h2 class="battle-history">Turn 10</h2><div class="chat chatmessage-mossysandwich"><strong style="color:#ba49a2"><small>☆</small><span class="username" data-name="Mossy Sandwich">Mossy Sandwich</span>:</strong> <em>I don't think I can win this matchup without bisharp</em></div><div class="chat chatmessage-coppersmith"><strong style="color:#0aa445"><small>☆</small><span class="username" data-name="Coppersmith">Coppersmith</span>:</strong> <em>yeah its pretty rough</em></div><div class="chat chatmessage-coppersmith"><strong style="color:#0aa445"><small>☆</small><span class="username" data-name="Coppersmith">Coppersmith</span>:</strong> <em>im sorry for that</em></div><div class="spacer battle-history"><br></div><div class="battle-history">Tapu Lele, come back!<br></div><div class="battle-history">Go! <strong>Corviknight</strong>!<br></div><div class="battle-history"><small>Pointed stones dug into Corviknight!</small><br></div><div class="battle-history">[Corviknight's Pressure]<br><small>Corviknight is exerting its pressure!</small><br></div><div class="spacer battle-history"><br></div><div class="battle-history">Coppersmith withdrew Blissey!<br></div><div class="battle-history">Coppersmith sent out Landorus (<strong>Landorus-Therian</strong>)!<br></div><div class="battle-history">[The opposing Landorus's Intimidate]<br></div><div class="battle-history"><small>Corviknight's Attack fell!</small><br></div><div class="spacer battle-history"><br></div><div class="battle-history"><small>Corviknight restored a little HP using its Leftovers!</small><br></div><div class="spacer battle-history"><br></div><h2 class="battle-history">Turn 11</h2><div class="spacer battle-history"><br></div><div class="battle-history">The opposing Landorus used <strong>Knock Off</strong>!<br></div><div class="battle-history"><small>(Corviknight lost 22% of its health!)</small><br></div><div class="battle-history"><small>The opposing Landorus knocked off Corviknight's Leftovers!</small><br></div><div class="spacer battle-history"><br></div><div class="battle-history">Corviknight used <strong>Defog</strong>!<br></div><div class="battle-history"><small>The opposing Landorus's evasiveness fell!</small><br></div><div class="battle-history"><small>The spikes disappeared from the ground around the opposing team!</small><br></div><div class="battle-history"><small>The pointed stones disappeared from around your team!</small><br></div><div class="battle-history"><small>The weirdness disappeared from the battlefield!</small><br></div><div class="spacer battle-history"><br></div><h2 class="battle-history">Turn 12</h2><div class="spacer battle-history"><br></div><div class="battle-history">Coppersmith withdrew Landorus!<br></div><div class="battle-history">Coppersmith sent out Corviknight (<strong>Corviknight-Mega</strong>)!<br></div><div class="battle-history">[The opposing Corviknight's Intimidate]<br></div><div class="battle-history"><small>Corviknight's Attack fell!</small><br></div><div class="spacer battle-history"><br></div><div class="battle-history">Corviknight used <strong>Roost</strong>!<br></div><div class="battle-history"><small>Corviknight had its HP restored.</small><br></div><div class="battle-history"><small>(Corviknight loses Flying type this turn.)</small><br></div><div class="spacer battle-history"><br></div><h2 class="battle-history">Turn 13</h2><div class="spacer battle-history"><br></div><div class="battle-history">The opposing Corviknight used <strong>U-turn</strong>!<br></div><div class="battle-history"><small>It's not very effective...</small><br></div><div class="battle-history"><small>(Corviknight lost 2% of its health!)</small><br></div><div class="spacer battle-history"><br></div><div class="battle-history">The opposing Corviknight went back to Coppersmith!<br></div><div class="battle-history">Coppersmith sent out <strong>Clefable</strong>!<br></div><div class="spacer battle-history"><br></div><div class="battle-history">Corviknight used <strong>U-turn</strong>!<br></div><div class="battle-history"><small>It's not very effective...</small><br></div><div class="battle-history"><small>(The opposing Clefable lost 5% of its health!)</small><br></div><div class="spacer battle-history"><br></div><div class="battle-history">Corviknight went back to Mossy Sandwich!<br></div><div class="battle-history">Go! <strong>Tapu Lele</strong>!<br></div><div class="battle-history">[Tapu Lele's Psychic Surge]<br><small>The battlefield got weird!</small><br></div><div class="spacer battle-history"><br></div><div class="battle-history"><small>The opposing Clefable restored a little HP using its Leftovers!</small><br></div><div class="spacer battle-history"><br></div><h2 class="battle-history">Turn 14</h2><div class="spacer battle-history"><br></div><div class="battle-history">Tapu Lele used <strong>Psyshock</strong>!<br></div><div class="battle-history"><small>(The opposing Clefable lost 64% of its health!)</small><br></div><div class="spacer battle-history"><br></div><div class="battle-history">The opposing Clefable used <strong>Thunder Wave</strong>!<br></div><div class="battle-history"><small>Tapu Lele is paralyzed! It may be unable to move!</small><br></div><div class="spacer battle-history"><br></div><div class="battle-history"><small>The opposing Clefable restored a little HP using its Leftovers!</small><br></div><div class="spacer battle-history"><br></div><h2 class="battle-history">Turn 15</h2><div class="spacer battle-history"><br></div><div class="battle-history">Coppersmith withdrew Clefable!<br></div><div class="battle-history">Coppersmith sent out Corviknight (<strong>Corviknight-Mega</strong>)!<br></div><div class="battle-history">[The opposing Corviknight's Intimidate]<br></div><div class="battle-history"><small>Tapu Lele's Attack fell!</small><br></div><div class="spacer battle-history"><br></div><div class="battle-history">Tapu Lele used <strong>Psyshock</strong>!<br></div><div class="battle-history"><small>It's not very effective...</small><br></div><div class="battle-history"><small>(The opposing Corviknight lost 24% of its health!)</small><br></div><div class="spacer battle-history"><br></div><h2 class="battle-history">Turn 16</h2><div class="spacer battle-history"><br></div><div class="battle-history">Tapu Lele, come back!<br></div><div class="battle-history">Go! <strong>Corviknight</strong>!<br></div><div class="battle-history">[Corviknight's Pressure]<br><small>Corviknight is exerting its pressure!</small><br></div><div class="spacer battle-history"><br></div><div class="battle-history">The opposing Corviknight used <strong>U-turn</strong>!<br></div><div class="battle-history"><small>It's not very effective...</small><br></div><div class="battle-history"><small>(Corviknight lost 3% of its health!)</small><br></div><div class="spacer battle-history"><br></div><div class="battle-history">The opposing Corviknight went back to Coppersmith!<br></div><div class="battle-history">Coppersmith sent out <strong>Clefable</strong>!<br></div><div class="spacer battle-history"><br></div><div class="battle-history"><small>The opposing Clefable restored a little HP using its Leftovers!</small><br></div><div class="spacer battle-history"><br></div><h2 class="battle-history">Turn 17</h2><div class="spacer battle-history"><br></div><div class="battle-history">Corviknight used <strong>Brave Bird</strong>!<br></div><div class="battle-history"><small>(The opposing Clefable lost 29% of its health!)</small><br></div><div class="battle-history"><small>Corviknight was damaged by the recoil!</small><br></div><div class="spacer battle-history"><br></div><div class="battle-history">The opposing Clefable used <strong>Soft-Boiled</strong>!<br></div><div class="battle-history"><small>The opposing Clefable had its HP restored.</small><br></div><div class="spacer battle-history"><br></div><div class="battle-history"><small>The opposing Clefable restored a little HP using its Leftovers!</small><br></div><div class="battle-history"><small>The weirdness disappeared from the battlefield!</small><br></div><div class="spacer battle-history"><br></div><h2 class="battle-history">Turn 18</h2><div class="spacer battle-history"><br></div><div class="battle-history">Corviknight used <strong>U-turn</strong>!<br></div><div class="battle-history"><small>It's not very effective...</small><br></div><div class="battle-history"><small>(The opposing Clefable lost 5% of its health!)</small><br></div><div class="spacer battle-history"><br></div><div class="battle-history">Corviknight went back to Mossy Sandwich!<br></div><div class="battle-history">Go! <strong>Blissey</strong>!<br></div><div class="spacer battle-history"><br></div><div class="battle-history">The opposing Clefable used <strong>Thunder Wave</strong>!<br></div><div class="battle-history"><small>Blissey is paralyzed! It may be unable to move!</small><br></div><div class="spacer battle-history"><br></div><div class="battle-history"><small>The opposing Clefable restored a little HP using its Leftovers!</small><br></div><div class="spacer battle-history"><br></div><h2 class="battle-history">Turn 19</h2><div class="spacer battle-history"><br></div><div class="battle-history">The opposing Clefable used <strong>Stealth Rock</strong>!<br></div><div class="battle-history"><small>Pointed stones float in the air around your team!</small><br></div><div class="spacer battle-history"><br></div><div class="battle-history">Blissey used <strong>Stealth Rock</strong>!<br></div><div class="battle-history"><small>Pointed stones float in the air around the opposing team!</small><br></div><div class="spacer battle-history"><br></div><div class="battle-history"><small>The opposing Clefable restored a little HP using its Leftovers!</small><br></div><div class="spacer battle-history"><br></div><h2 class="battle-history">Turn 20</h2><div class="spacer battle-history"><br></div><div class="battle-history">The opposing Clefable used <strong>Moonblast</strong>!<br></div><div class="battle-history"><small>(Blissey lost 12% of its health!)</small><br></div><div class="spacer battle-history"><br></div><div class="battle-history">Blissey used <strong>Teleport</strong>!<br></div><div class="spacer battle-history"><br></div><div class="battle-history">Blissey, come back!<br></div><div class="battle-history">Go! Kricketune (<strong>Kricketune-Mega</strong>)!<br></div><div class="battle-history"><small>Pointed stones dug into Kricketune!</small><br></div><div class="spacer battle-history"><br></div><div class="battle-history"><small>The opposing Clefable restored a little HP using its Leftovers!</small><br></div><div class="spacer battle-history"><br></div><h2 class="battle-history">Turn 21</h2><div class="spacer battle-history"><br></div><div class="battle-history">Kricketune used <strong>U-turn</strong>!<br></div><div class="battle-history"><small>It's not very effective...</small><br></div><div class="battle-history"><small>(The opposing Clefable lost 15% of its health!)</small><br></div><div class="spacer battle-history"><br></div><div class="battle-history">Kricketune went back to Mossy Sandwich!<br></div><div class="battle-history">Go! <strong>Corviknight</strong>!<br></div><div class="battle-history"><small>Pointed stones dug into Corviknight!</small><br></div><div class="battle-history">[Corviknight's Pressure]<br><small>Corviknight is exerting its pressure!</small><br></div><div class="spacer battle-history"><br></div><div class="battle-history">The opposing Clefable used <strong>Moonblast</strong>!<br></div><div class="battle-history"><small>It's not very effective...</small><br></div><div class="battle-history"><small>(Corviknight lost 14% of its health!)</small><br></div><div class="spacer battle-history"><br></div><div class="battle-history"><small>The opposing Clefable restored a little HP using its Leftovers!</small><br></div><div class="spacer battle-history"><br></div><h2 class="battle-history">Turn 22</h2><div class="chat chatmessage-mossysandwich"><strong style="color:#ba49a2"><small>☆</small><span class="username" data-name="Mossy Sandwich">Mossy Sandwich</span>:</strong> <em>I don't feel like playing this</em></div><div class="spacer battle-history"><br></div><div class="battle-history">Corviknight used <strong>Roost</strong>!<br></div><div class="battle-history"><small>Corviknight had its HP restored.</small><br></div><div class="battle-history"><small>(Corviknight loses Flying type this turn.)</small><br></div><div class="spacer battle-history"><br></div><div class="battle-history">The opposing Clefable used <strong>Thunder Wave</strong>!<br></div><div class="battle-history"><small>Corviknight is paralyzed! It may be unable to move!</small><br></div><div class="spacer battle-history"><br></div><div class="battle-history"><small>The opposing Clefable restored a little HP using its Leftovers!</small><br></div><div class="spacer battle-history"><br></div><h2 class="battle-history">Turn 23</h2><div class="spacer battle-history"><br></div><div class="battle-history"><small>Mossy Sandwich forfeited.</small><br></div><div class="spacer battle-history"><br></div><div class="battle-history"><strong>Coppersmith</strong> won the battle!<br></div><div class="chat chatmessage-coppersmith"><strong style="color:#0aa445"><small>☆</small><span class="username" data-name="Coppersmith">Coppersmith</span>:</strong> <em>ok</em></div><div class="chat chatmessage-coppersmith"><strong style="color:#0aa445"><small>☆</small><span class="username" data-name="Coppersmith">Coppersmith</span>:</strong> <em>gg</em></div><div class="chat"><small> Magmajudis joined;  pupugugu, ☆Mossy Sandwich, and  Magmajudis left</small></div></div><div class="inner-preempt message-log"></div></div></div>
</div>
<script>
let daily = Math.floor(Date.now()/1000/60/60/24);document.write('<script src="https://dragonheaven.herokuapp.com/js/replay-embed.js?version'+daily+'"></'+'script>');
</script>
