<!DOCTYPE html>
<meta charset="utf-8" />
<!-- version 1 -->
<title>[Gen 8] Megas for All replay: Magmajudis vs. exploziff</title>
<style>
html,body {font-family:Verdana, sans-serif;font-size:10pt;margin:0;padding:0;}body{padding:12px 0;} .battle-log {font-family:Verdana, sans-serif;font-size:10pt;} .battle-log-inline {border:1px solid #AAAAAA;background:#EEF2F5;color:black;max-width:640px;margin:0 auto 80px;padding-bottom:5px;} .battle-log .inner {padding:4px 8px 0px 8px;} .battle-log .inner-preempt {padding:0 8px 4px 8px;} .battle-log .inner-after {margin-top:0.5em;} .battle-log h2 {margin:0.5em -8px;padding:4px 8px;border:1px solid #AAAAAA;background:#E0E7EA;border-left:0;border-right:0;font-family:Verdana, sans-serif;font-size:13pt;} .battle-log .chat {vertical-align:middle;padding:3px 0 3px 0;font-size:8pt;} .battle-log .chat strong {color:#40576A;} .battle-log .chat em {padding:1px 4px 1px 3px;color:#000000;font-style:normal;} .chat.mine {background:rgba(0,0,0,0.05);margin-left:-8px;margin-right:-8px;padding-left:8px;padding-right:8px;} .spoiler {color:#BBBBBB;background:#BBBBBB;padding:0px 3px;} .spoiler:hover, .spoiler:active, .spoiler-shown {color:#000000;background:#E2E2E2;padding:0px 3px;} .spoiler a {color:#BBBBBB;} .spoiler:hover a, .spoiler:active a, .spoiler-shown a {color:#2288CC;} .chat code, .chat .spoiler:hover code, .chat .spoiler:active code, .chat .spoiler-shown code {border:1px solid #C0C0C0;background:#EEEEEE;color:black;padding:0 2px;} .chat .spoiler code {border:1px solid #CCCCCC;background:#CCCCCC;color:#CCCCCC;} .battle-log .rated {padding:3px 4px;} .battle-log .rated strong {color:white;background:#89A;padding:1px 4px;border-radius:4px;} .spacer {margin-top:0.5em;} .message-announce {background:#6688AA;color:white;padding:1px 4px 2px;} .message-announce a, .broadcast-green a, .broadcast-blue a, .broadcast-red a {color:#DDEEFF;} .broadcast-green {background-color:#559955;color:white;padding:2px 4px;} .broadcast-blue {background-color:#6688AA;color:white;padding:2px 4px;} .infobox {border:1px solid #6688AA;padding:2px 4px;} .infobox-limited {max-height:200px;overflow:auto;overflow-x:hidden;} .broadcast-red {background-color:#AA5544;color:white;padding:2px 4px;} .message-learn-canlearn {font-weight:bold;color:#228822;text-decoration:underline;} .message-learn-cannotlearn {font-weight:bold;color:#CC2222;text-decoration:underline;} .message-effect-weak {font-weight:bold;color:#CC2222;} .message-effect-resist {font-weight:bold;color:#6688AA;} .message-effect-immune {font-weight:bold;color:#666666;} .message-learn-list {margin-top:0;margin-bottom:0;} .message-throttle-notice, .message-error {color:#992222;} .message-overflow, .chat small.message-overflow {font-size:0pt;} .message-overflow::before {font-size:9pt;content:'...';} .subtle {color:#3A4A66;}
</style>
<div class="wrapper replay-wrapper" style="max-width:1180px;margin:0 auto">
<input type="hidden" name="replayid" value="dragonheaven-gen8megasforall-271" />
<div class="battle"></div><div class="battle-log"></div><div class="replay-controls"></div><div class="replay-controls-2"></div>
<h1 style="font-weight:normal;text-align:center"><strong>[Gen 8] Megas for All</strong><br /><a href="http://pokemonshowdown.com/users/magmajudis" class="subtle" target="_blank">Magmajudis</a> vs. <a href="http://pokemonshowdown.com/users/exploziff" class="subtle" target="_blank">exploziff</a></h1>
<script type="text/plain" class="battle-log-data">|j|☆Magmajudis
|j|☆exploziff
|t:|1621001640
|player|p1|Magmajudis|harlequin|
|player|p2|exploziff|102|
|teamsize|p1|6
|teamsize|p2|6
|gametype|singles
|gen|8
|tier|[Gen 8] Megas for All
|clearpoke
|poke|p1|Infernape, F|
|poke|p1|Hippowdon, M|
|poke|p1|Toxapex, F|
|poke|p1|Kyurem|
|poke|p1|Gengar, F|
|poke|p1|Corviknight, F|
|poke|p2|Tyranitar, F|
|poke|p2|Raichu, F|
|poke|p2|Kyurem|
|poke|p2|Blissey, F|
|poke|p2|Corviknight, F|
|poke|p2|Tapu Bulu|
|rule|HP Percentage Mod: HP is shown in percentages
|rule|Endless Battle Clause: Forcing endless battles is banned
|rule|OHKO Clause: OHKO moves are banned
|rule|Evasion Moves Clause: Evasion moves are banned
|rule|Species Clause: Limit one of each Pokémon
|rule|Dynamax Clause: You cannot dynamax
|rule|Sleep Clause Mod: Limit one foe put to sleep
|rule|Freeze Clause Mod: Limit one foe frozen
|raw|<img src="https:\/\/www.smogon.com\/forums\/attachments\/banner_2-png.302358\/" height="65" width="381">
|-message|Welcome to Megas for All!
|-message|This is a National Dex-based format where we aim to give a new Mega Evolution to every Pokémon.
|-message|Just like any official format, you can still only Mega Evolve one Pokémon per team!
|-message|You can find our thread and metagame resources here:
|-message|https:\/\/www.smogon.com\/forums\/threads\/3671140\/
|teampreview
|c|☆exploziff|hf
|j| Hematemesis
|j| ASnomPlaysShowdown
|c| ASnomPlaysShowdown|gl hf
|c|☆Magmajudis|Hf
|
|t:|1621001668
|start
|switch|p1a: Kyurem|Kyurem|100\/100
|switch|p2a: Kyurem|Kyurem|100\/100
|-ability|p1a: Kyurem|Pressure
|-ability|p2a: Kyurem|Pressure
|turn|1
|
|t:|1621001678
|switch|p2a: Blissey|Blissey, F|100\/100
|move|p1a: Kyurem|Substitute|p1a: Kyurem
|-start|p1a: Kyurem|Substitute
|-damage|p1a: Kyurem|76\/100
|
|upkeep
|turn|2
|
|t:|1621001691
|move|p1a: Kyurem|Freeze-Dry|p2a: Blissey
|-damage|p2a: Blissey|88\/100
|move|p2a: Blissey|Seismic Toss|p1a: Kyurem
|-activate|p1a: Kyurem|move: Substitute|[damage]
|
|upkeep
|turn|3
|
|t:|1621001702
|move|p1a: Kyurem|Freeze-Dry|p2a: Blissey
|-damage|p2a: Blissey|75\/100
|move|p2a: Blissey|Teleport|p2a: Blissey
|
|t:|1621001707
|switch|p2a: Raichu|Raichu, F|100\/100|[from]move: Teleport
|
|upkeep
|turn|4
|
|t:|1621001711
|detailschange|p2a: Raichu|Raichu-Mega, F
|-mega|p2a: Raichu|Raichu|Raichunite
|-start|p2a: Raichu|typechange|Electric\/Fighting|[silent]
|raw|<ul class="utilichart"><li class="result"><span class="col pokemonnamecol" style="white-space: nowrap">Raichu-Mega<\/span> <span class="col typecol"><img src="https:\/\/play.pokemonshowdown.com\/sprites\/types\/Electric.png" alt="Electric" height="14" width="32"><img src="https:\/\/play.pokemonshowdown.com\/sprites\/types\/Fighting.png" alt="Fighting" height="14" width="32"><\/span> <span style="float: left ; min-height: 26px"><span class="col abilitycol">Reckless<\/span><span class="col abilitycol"><\/span><\/span><span style="float: left ; min-height: 26px"><span class="col statcol"><em>HP<\/em><br>60<\/span> <span class="col statcol"><em>Atk<\/em><br>125<\/span> <span class="col statcol"><em>Def<\/em><br>55<\/span> <span class="col statcol"><em>SpA<\/em><br>110<\/span> <span class="col statcol"><em>SpD<\/em><br>100<\/span> <span class="col statcol"><em>Spe<\/em><br>125<\/span> <\/span><\/li><li style="clear: both"><\/li><\/ul>
|move|p2a: Raichu|Volt Switch|p1a: Kyurem
|-resisted|p1a: Kyurem
|-end|p1a: Kyurem|Substitute
|
|t:|1621001714
|switch|p2a: Tyranitar|Tyranitar, F|100\/100|[from]move: Volt Switch
|-weather|Sandstorm|[from] ability: Sand Stream|[of] p2a: Tyranitar
|move|p1a: Kyurem|Earth Power|p2a: Tyranitar
|-supereffective|p2a: Tyranitar
|-damage|p2a: Tyranitar|67\/100
|
|-weather|Sandstorm|[upkeep]
|-damage|p1a: Kyurem|69\/100|[from] Sandstorm
|upkeep
|turn|5
|
|t:|1621001728
|switch|p1a: Hippowdon|Hippowdon, M|100\/100
|move|p2a: Tyranitar|Crunch|p1a: Hippowdon
|-damage|p1a: Hippowdon|65\/100
|
|-weather|Sandstorm|[upkeep]
|-heal|p1a: Hippowdon|71\/100|[from] item: Leftovers
|upkeep
|turn|6
|
|t:|1621001736
|switch|p2a: Kyurem|Kyurem|100\/100
|-ability|p2a: Kyurem|Pressure
|move|p1a: Hippowdon|Stealth Rock|p2a: Kyurem
|-sidestart|p2: exploziff|move: Stealth Rock
|
|-weather|Sandstorm|[upkeep]
|-damage|p2a: Kyurem|94\/100|[from] Sandstorm
|-heal|p1a: Hippowdon|77\/100|[from] item: Leftovers
|upkeep
|turn|7
|
|t:|1621001744
|switch|p1a: Corviknight|Corviknight, F|100\/100
|-ability|p1a: Corviknight|Pressure
|move|p2a: Kyurem|Freeze-Dry|p1a: Corviknight
|-damage|p1a: Corviknight|51\/100
|
|-weather|Sandstorm|[upkeep]
|-damage|p2a: Kyurem|88\/100|[from] Sandstorm
|-heal|p1a: Corviknight|57\/100|[from] item: Leftovers
|upkeep
|turn|8
|
|t:|1621001754
|move|p2a: Kyurem|Freeze-Dry|p1a: Corviknight
|-damage|p1a: Corviknight|3\/100
|move|p1a: Corviknight|Body Press|p2a: Kyurem
|-supereffective|p2a: Kyurem
|-damage|p2a: Kyurem|35\/100
|
|-weather|none
|-heal|p1a: Corviknight|9\/100|[from] item: Leftovers
|upkeep
|turn|9
|
|t:|1621001762
|move|p2a: Kyurem|Freeze-Dry|p1a: Corviknight
|-damage|p1a: Corviknight|0 fnt
|faint|p1a: Corviknight
|
|upkeep
|
|t:|1621001764
|switch|p1a: Infernape|Infernape, F|100\/100
|turn|10
|
|t:|1621001794
|switch|p2a: Corviknight|Corviknight, F|100\/100
|-damage|p2a: Corviknight|88\/100|[from] Stealth Rock
|-ability|p2a: Corviknight|Pressure
|detailschange|p1a: Infernape|Infernape-Mega, F
|-mega|p1a: Infernape|Infernape|Infernite
|-start|p1a: Infernape|typechange|Fire\/Fighting|[silent]
|raw|<ul class="utilichart"><li class="result"><span class="col pokemonnamecol" style="white-space: nowrap">Infernape-Mega<\/span> <span class="col typecol"><img src="https:\/\/play.pokemonshowdown.com\/sprites\/types\/Fire.png" alt="Fire" height="14" width="32"><img src="https:\/\/play.pokemonshowdown.com\/sprites\/types\/Fighting.png" alt="Fighting" height="14" width="32"><\/span> <span style="float: left ; min-height: 26px"><span class="col abilitycol">Chakra Lock<\/span><span class="col abilitycol"><\/span><\/span><span style="float: left ; min-height: 26px"><span class="col statcol"><em>HP<\/em><br>76<\/span> <span class="col statcol"><em>Atk<\/em><br>114<\/span> <span class="col statcol"><em>Def<\/em><br>101<\/span> <span class="col statcol"><em>SpA<\/em><br>114<\/span> <span class="col statcol"><em>SpD<\/em><br>91<\/span> <span class="col statcol"><em>Spe<\/em><br>138<\/span> <\/span><\/li><li style="clear: both"><\/li><\/ul>
|move|p1a: Infernape|Close Combat|p2a: Corviknight
|-damage|p2a: Corviknight|51\/100
|-unboost|p1a: Infernape|def|1
|-unboost|p1a: Infernape|spd|1
|-damage|p1a: Infernape|84\/100|[from] item: Rocky Helmet|[of] p2a: Corviknight
|
|upkeep
|turn|11
|
|t:|1621001807
|move|p1a: Infernape|Flare Blitz|p2a: Corviknight
|-supereffective|p2a: Corviknight
|-damage|p2a: Corviknight|0 fnt
|-damage|p1a: Infernape|68\/100|[from] item: Rocky Helmet|[of] p2a: Corviknight
|-damage|p1a: Infernape|45\/100|[from] Recoil
|faint|p2a: Corviknight
|
|upkeep
|
|t:|1621001815
|switch|p2a: Tapu Bulu|Tapu Bulu|100\/100
|-damage|p2a: Tapu Bulu|88\/100|[from] Stealth Rock
|-fieldstart|move: Grassy Terrain|[from] ability: Grassy Surge|[of] p2a: Tapu Bulu
|turn|12
|
|t:|1621001820
|move|p1a: Infernape|Flare Blitz|p2a: Tapu Bulu
|-supereffective|p2a: Tapu Bulu
|-damage|p2a: Tapu Bulu|0 fnt
|-damage|p1a: Infernape|11\/100|[from] Recoil
|faint|p2a: Tapu Bulu
|
|-heal|p1a: Infernape|17\/100|[from] Grassy Terrain
|upkeep
|
|t:|1621001828
|switch|p2a: Raichu|Raichu-Mega, F|100\/100
|-start|p2a: Raichu|typechange|Electric\/Fighting|[silent]
|-damage|p2a: Raichu|94\/100|[from] Stealth Rock
|turn|13
|
|t:|1621001836
|move|p1a: Infernape|Close Combat|p2a: Raichu
|-damage|p2a: Raichu|0 fnt
|-unboost|p1a: Infernape|def|1
|-unboost|p1a: Infernape|spd|1
|faint|p2a: Raichu
|
|-heal|p1a: Infernape|23\/100|[from] Grassy Terrain
|upkeep
|c|☆exploziff|gg
|
|t:|1621001844
|switch|p2a: Tyranitar|Tyranitar, F|67\/100
|-damage|p2a: Tyranitar|54\/100|[from] Stealth Rock
|-weather|Sandstorm|[from] ability: Sand Stream|[of] p2a: Tyranitar
|turn|14
|c|☆Magmajudis|Gg
|c| ASnomPlaysShowdown|nice
|
|t:|1621001848
|move|p1a: Infernape|Close Combat|p2a: Tyranitar
|-supereffective|p2a: Tyranitar
|-damage|p2a: Tyranitar|0 fnt
|-unboost|p1a: Infernape|def|1
|-unboost|p1a: Infernape|spd|1
|faint|p2a: Tyranitar
|
|-weather|Sandstorm|[upkeep]
|-damage|p1a: Infernape|17\/100|[from] Sandstorm
|-heal|p1a: Infernape|23\/100|[from] Grassy Terrain
|upkeep
|
|t:|1621001852
|switch|p2a: Kyurem|Kyurem|35\/100
|-damage|p2a: Kyurem|10\/100|[from] Stealth Rock
|-ability|p2a: Kyurem|Pressure
|turn|15
|
|t:|1621001857
|move|p1a: Infernape|Close Combat|p2a: Kyurem
|-supereffective|p2a: Kyurem
|-damage|p2a: Kyurem|0 fnt
|-unboost|p1a: Infernape|def|1
|-unboost|p1a: Infernape|spd|1
|faint|p2a: Kyurem
|
|-weather|Sandstorm|[upkeep]
|-damage|p1a: Infernape|17\/100|[from] Sandstorm
|-heal|p1a: Infernape|23\/100|[from] Grassy Terrain
|upkeep
|
|t:|1621001859
|switch|p2a: Blissey|Blissey, F|75\/100
|turn|16
|
|t:|1621001862
|move|p1a: Infernape|Close Combat|p2a: Blissey
|-supereffective|p2a: Blissey
|-damage|p2a: Blissey|0 fnt
|-unboost|p1a: Infernape|def|1
|-unboost|p1a: Infernape|spd|1
|faint|p2a: Blissey
|
|win|Magmajudis
|l| Hematemesis
|c|☆Magmajudis|First win of the pl let's go
|l|☆exploziff
|l| ASnomPlaysShowdown
|j| Hematemesis
|l| Hematemesis
|j|☆exploziff
|player|p2|exploziff|102
</script>
</div>
<div class="battle-log battle-log-inline"><div class="inner"><div class="battle-options"><div style="padding-top: 3px; padding-right: 3px; text-align: right"><button class="icon button" name="openBattleOptions" title="Options">Battle Options</button></div></div><div class="inner message-log"><div class="chat"><small>☆Magmajudis and ☆exploziff joined</small></div><div class=""><small>Format:</small> <br><strong>[Gen 8] Megas for All</strong></div><div class=""><small><em>HP Percentage Mod:</em> HP is shown in percentages</small></div><div class=""><small><em>Endless Battle Clause:</em> Forcing endless battles is banned</small></div><div class=""><small><em>OHKO Clause:</em> OHKO moves are banned</small></div><div class=""><small><em>Evasion Moves Clause:</em> Evasion moves are banned</small></div><div class=""><small><em>Species Clause:</em> Limit one of each Pokémon</small></div><div class=""><small><em>Dynamax Clause:</em> You cannot dynamax</small></div><div class=""><small><em>Sleep Clause Mod:</em> Limit one foe put to sleep</small></div><div class=""><small><em>Freeze Clause Mod:</em> Limit one foe frozen</small></div><div class="chat"><img src="https://www.smogon.com/forums/attachments/banner_2-png.302358/" height="65" width="381"></div><div class="spacer battle-history"><br></div><div class="battle-history"><small>Welcome to Megas for All!</small><br></div><div class="battle-history"><small>This is a National Dex-based format where we aim to give a new Mega Evolution to every Pokémon.</small><br></div><div class="battle-history"><small>Just like any official format, you can still only Mega Evolve one Pokémon per team!</small><br></div><div class="battle-history"><small>You can find our thread and metagame resources here:</small><br></div><div class="battle-history"><small>https://www.smogon.com/forums/threads/3671140/</small><br></div><div class="chat battle-history"><strong>Magmajudis's team:</strong> <em style="color:#445566;display:block;">Infernape / Hippowdon / Toxapex / Kyurem / Gengar / Corviknight</em></div><div class="chat battle-history"><strong>exploziff's team:</strong> <em style="color:#445566;display:block;">Tyranitar / Raichu / Kyurem / Blissey / Corviknight / Tapu Bulu</em></div><div class="chat chatmessage-exploziff mine"><strong style="color:#70a52f"><small>☆</small><span class="username" data-name="exploziff">exploziff</span>:</strong> <em>hf</em></div><div class="chat"><small> Hematemesis and  ASnomPlaysShowdown joined</small></div><div class="chat chatmessage-asnomplaysshowdown"><strong style="color:#1bb1b6"><small> </small><span class="username" data-name="ASnomPlaysShowdown">ASnomPlaysShowdown</span>:</strong> <em>gl hf</em></div><div class="chat chatmessage-magmajudis"><strong style="color:#979b3e"><small>☆</small><span class="username" data-name="Magmajudis">Magmajudis</span>:</strong> <em>Hf</em></div><div class="spacer battle-history"><br></div><div class="battle-history">Battle started between Magmajudis and exploziff!<br></div><div class="spacer battle-history"><br></div><div class="battle-history">Magmajudis sent out <strong>Kyurem</strong>!<br></div><div class="spacer battle-history"><br></div><div class="battle-history">Go! <strong>Kyurem</strong>!<br></div><div class="battle-history">[The opposing Kyurem's Pressure]<br><small>The opposing Kyurem is exerting its pressure!</small><br></div><div class="battle-history">[Kyurem's Pressure]<br><small>Kyurem is exerting its pressure!</small><br></div><div class="spacer battle-history"><br></div><h2 class="battle-history">Turn 1</h2><div class="spacer battle-history"><br></div><div class="battle-history">Kyurem, come back!<br></div><div class="battle-history">Go! <strong>Blissey</strong>!<br></div><div class="spacer battle-history"><br></div><div class="battle-history">The opposing Kyurem used <strong>Substitute</strong>!<br></div><div class="battle-history"><small>The opposing Kyurem put in a substitute!</small><br></div><div class="battle-history"><small>(The opposing Kyurem lost 24% of its health!)</small><br></div><div class="spacer battle-history"><br></div><h2 class="battle-history">Turn 2</h2><div class="spacer battle-history"><br></div><div class="battle-history">The opposing Kyurem used <strong>Freeze-Dry</strong>!<br></div><div class="battle-history"><small>(Blissey lost 12% of its health!)</small><br></div><div class="spacer battle-history"><br></div><div class="battle-history">Blissey used <strong>Seismic Toss</strong>!<br></div><div class="battle-history"><small>The substitute took damage for the opposing Kyurem!</small><br></div><div class="spacer battle-history"><br></div><h2 class="battle-history">Turn 3</h2><div class="spacer battle-history"><br></div><div class="battle-history">The opposing Kyurem used <strong>Freeze-Dry</strong>!<br></div><div class="battle-history"><small>(Blissey lost 13% of its health!)</small><br></div><div class="spacer battle-history"><br></div><div class="battle-history">Blissey used <strong>Teleport</strong>!<br></div><div class="spacer battle-history"><br></div><div class="battle-history">Blissey, come back!<br></div><div class="battle-history">Go! <strong>Raichu</strong>!<br></div><div class="spacer battle-history"><br></div><h2 class="battle-history">Turn 4</h2><div class="spacer battle-history"><br></div><div class="battle-history"><small>Raichu's Raichunite is reacting to the Key Stone!</small><br>Raichu has Mega Evolved into Mega Raichu!<br></div><div class="chat"><ul class="utilichart"><li class="result"><span class="col pokemonnamecol" style="white-space: nowrap">Raichu-Mega</span> <span class="col typecol"><img src="https://play.pokemonshowdown.com/sprites/types/Electric.png" alt="Electric" height="14" width="32"><img src="https://play.pokemonshowdown.com/sprites/types/Fighting.png" alt="Fighting" height="14" width="32"></span> <span style="float: left ; min-height: 26px"><span class="col abilitycol">Reckless</span><span class="col abilitycol"></span></span><span style="float: left ; min-height: 26px"><span class="col statcol"><em>HP</em><br>60</span> <span class="col statcol"><em>Atk</em><br>125</span> <span class="col statcol"><em>Def</em><br>55</span> <span class="col statcol"><em>SpA</em><br>110</span> <span class="col statcol"><em>SpD</em><br>100</span> <span class="col statcol"><em>Spe</em><br>125</span> </span></li><li style="clear: both"></li></ul></div><div class="spacer battle-history"><br></div><div class="battle-history">Raichu used <strong>Volt Switch</strong>!<br></div><div class="battle-history"><small>It's not very effective...</small><br></div><div class="battle-history"><small>The opposing Kyurem's substitute faded!</small><br></div><div class="spacer battle-history"><br></div><div class="battle-history">Raichu went back to exploziff!<br></div><div class="battle-history">Go! <strong>Tyranitar</strong>!<br></div><div class="battle-history">[Tyranitar's Sand Stream]<br><small>A sandstorm kicked up!</small><br></div><div class="spacer battle-history"><br></div><div class="battle-history">The opposing Kyurem used <strong>Earth Power</strong>!<br></div><div class="battle-history"><small>It's super effective!</small><br></div><div class="battle-history"><small>(Tyranitar lost 33% of its health!)</small><br></div><div class="spacer battle-history"><br></div><div class="battle-history"><small>(The sandstorm is raging.)</small><br></div><div class="battle-history"><small>The opposing Kyurem is buffeted by the sandstorm!</small><br></div><div class="spacer battle-history"><br></div><h2 class="battle-history">Turn 5</h2><div class="spacer battle-history"><br></div><div class="battle-history">Magmajudis withdrew Kyurem!<br></div><div class="battle-history">Magmajudis sent out <strong>Hippowdon</strong>!<br></div><div class="spacer battle-history"><br></div><div class="battle-history">Tyranitar used <strong>Crunch</strong>!<br></div><div class="battle-history"><small>(The opposing Hippowdon lost 35% of its health!)</small><br></div><div class="spacer battle-history"><br></div><div class="battle-history"><small>(The sandstorm is raging.)</small><br></div><div class="battle-history"><small>The opposing Hippowdon restored a little HP using its Leftovers!</small><br></div><div class="spacer battle-history"><br></div><h2 class="battle-history">Turn 6</h2><div class="spacer battle-history"><br></div><div class="battle-history">Tyranitar, come back!<br></div><div class="battle-history">Go! <strong>Kyurem</strong>!<br></div><div class="battle-history">[Kyurem's Pressure]<br><small>Kyurem is exerting its pressure!</small><br></div><div class="spacer battle-history"><br></div><div class="battle-history">The opposing Hippowdon used <strong>Stealth Rock</strong>!<br></div><div class="battle-history"><small>Pointed stones float in the air around your team!</small><br></div><div class="spacer battle-history"><br></div><div class="battle-history"><small>(The sandstorm is raging.)</small><br></div><div class="battle-history"><small>Kyurem is buffeted by the sandstorm!</small><br></div><div class="battle-history"><small>The opposing Hippowdon restored a little HP using its Leftovers!</small><br></div><div class="spacer battle-history"><br></div><h2 class="battle-history">Turn 7</h2><div class="spacer battle-history"><br></div><div class="battle-history">Magmajudis withdrew Hippowdon!<br></div><div class="battle-history">Magmajudis sent out <strong>Corviknight</strong>!<br></div><div class="battle-history">[The opposing Corviknight's Pressure]<br><small>The opposing Corviknight is exerting its pressure!</small><br></div><div class="spacer battle-history"><br></div><div class="battle-history">Kyurem used <strong>Freeze-Dry</strong>!<br></div><div class="battle-history"><small>(The opposing Corviknight lost 49% of its health!)</small><br></div><div class="spacer battle-history"><br></div><div class="battle-history"><small>(The sandstorm is raging.)</small><br></div><div class="battle-history"><small>Kyurem is buffeted by the sandstorm!</small><br></div><div class="battle-history"><small>The opposing Corviknight restored a little HP using its Leftovers!</small><br></div><div class="spacer battle-history"><br></div><h2 class="battle-history">Turn 8</h2><div class="spacer battle-history"><br></div><div class="battle-history">Kyurem used <strong>Freeze-Dry</strong>!<br></div><div class="battle-history"><small>(The opposing Corviknight lost 54% of its health!)</small><br></div><div class="spacer battle-history"><br></div><div class="battle-history">The opposing Corviknight used <strong>Body Press</strong>!<br></div><div class="battle-history"><small>It's super effective!</small><br></div><div class="battle-history"><small>(Kyurem lost 53% of its health!)</small><br></div><div class="spacer battle-history"><br></div><div class="battle-history"><small>The sandstorm subsided.</small><br></div><div class="battle-history"><small>The opposing Corviknight restored a little HP using its Leftovers!</small><br></div><div class="spacer battle-history"><br></div><h2 class="battle-history">Turn 9</h2><div class="spacer battle-history"><br></div><div class="battle-history">Kyurem used <strong>Freeze-Dry</strong>!<br></div><div class="battle-history"><small>(The opposing Corviknight lost 9% of its health!)</small><br></div><div class="spacer battle-history"><br></div><div class="battle-history">The opposing Corviknight fainted!<br></div><div class="spacer battle-history"><br></div><div class="battle-history">Magmajudis sent out <strong>Infernape</strong>!<br></div><div class="spacer battle-history"><br></div><h2 class="battle-history">Turn 10</h2><div class="spacer battle-history"><br></div><div class="battle-history">Kyurem, come back!<br></div><div class="battle-history">Go! <strong>Corviknight</strong>!<br></div><div class="battle-history"><small>Pointed stones dug into Corviknight!</small><br></div><div class="battle-history">[Corviknight's Pressure]<br><small>Corviknight is exerting its pressure!</small><br></div><div class="spacer battle-history"><br></div><div class="battle-history"><small>The opposing Infernape's Infernite is reacting to the Key Stone!</small><br>The opposing Infernape has Mega Evolved into Mega Infernape!<br></div><div class="chat"><ul class="utilichart"><li class="result"><span class="col pokemonnamecol" style="white-space: nowrap">Infernape-Mega</span> <span class="col typecol"><img src="https://play.pokemonshowdown.com/sprites/types/Fire.png" alt="Fire" height="14" width="32"><img src="https://play.pokemonshowdown.com/sprites/types/Fighting.png" alt="Fighting" height="14" width="32"></span> <span style="float: left ; min-height: 26px"><span class="col abilitycol">Chakra Lock</span><span class="col abilitycol"></span></span><span style="float: left ; min-height: 26px"><span class="col statcol"><em>HP</em><br>76</span> <span class="col statcol"><em>Atk</em><br>114</span> <span class="col statcol"><em>Def</em><br>101</span> <span class="col statcol"><em>SpA</em><br>114</span> <span class="col statcol"><em>SpD</em><br>91</span> <span class="col statcol"><em>Spe</em><br>138</span> </span></li><li style="clear: both"></li></ul></div><div class="spacer battle-history"><br></div><div class="battle-history">The opposing Infernape used <strong>Close Combat</strong>!<br></div><div class="battle-history"><small>(Corviknight lost 37% of its health!)</small><br></div><div class="battle-history"><small>The opposing Infernape's Defense fell!</small><br></div><div class="battle-history"><small>The opposing Infernape's Sp. Def fell!</small><br></div><div class="battle-history"><small>The opposing Infernape was hurt by the Rocky Helmet!</small><br></div><div class="spacer battle-history"><br></div><h2 class="battle-history">Turn 11</h2><div class="spacer battle-history"><br></div><div class="battle-history">The opposing Infernape used <strong>Flare Blitz</strong>!<br></div><div class="battle-history"><small>It's super effective!</small><br></div><div class="battle-history"><small>(Corviknight lost 51% of its health!)</small><br></div><div class="battle-history"><small>The opposing Infernape was hurt by the Rocky Helmet!</small><br></div><div class="battle-history"><small>The opposing Infernape was damaged by the recoil!</small><br></div><div class="spacer battle-history"><br></div><div class="battle-history">Corviknight fainted!<br></div><div class="spacer battle-history"><br></div><div class="battle-history">Go! <strong>Tapu Bulu</strong>!<br></div><div class="battle-history"><small>Pointed stones dug into Tapu Bulu!</small><br></div><div class="battle-history">[Tapu Bulu's Grassy Surge]<br><small>Grass grew to cover the battlefield!</small><br></div><div class="spacer battle-history"><br></div><h2 class="battle-history">Turn 12</h2><div class="spacer battle-history"><br></div><div class="battle-history">The opposing Infernape used <strong>Flare Blitz</strong>!<br></div><div class="battle-history"><small>It's super effective!</small><br></div><div class="battle-history"><small>(Tapu Bulu lost 88% of its health!)</small><br></div><div class="battle-history"><small>The opposing Infernape was damaged by the recoil!</small><br></div><div class="spacer battle-history"><br></div><div class="battle-history">Tapu Bulu fainted!<br></div><div class="spacer battle-history"><br></div><div class="battle-history"><small>The opposing Infernape's HP was restored.</small><br></div><div class="spacer battle-history"><br></div><div class="battle-history">Go! Raichu (<strong>Raichu-Mega</strong>)!<br></div><div class="battle-history"><small>Pointed stones dug into Raichu!</small><br></div><div class="spacer battle-history"><br></div><h2 class="battle-history">Turn 13</h2><div class="spacer battle-history"><br></div><div class="battle-history">The opposing Infernape used <strong>Close Combat</strong>!<br></div><div class="battle-history"><small>(Raichu lost 94% of its health!)</small><br></div><div class="battle-history"><small>The opposing Infernape's Defense fell!</small><br></div><div class="battle-history"><small>The opposing Infernape's Sp. Def fell!</small><br></div><div class="spacer battle-history"><br></div><div class="battle-history">Raichu fainted!<br></div><div class="spacer battle-history"><br></div><div class="battle-history"><small>The opposing Infernape's HP was restored.</small><br></div><div class="chat chatmessage-exploziff mine"><strong style="color:#70a52f"><small>☆</small><span class="username" data-name="exploziff">exploziff</span>:</strong> <em>gg</em></div><div class="spacer battle-history"><br></div><div class="battle-history">Go! <strong>Tyranitar</strong>!<br></div><div class="battle-history"><small>Pointed stones dug into Tyranitar!</small><br></div><div class="battle-history">[Tyranitar's Sand Stream]<br><small>A sandstorm kicked up!</small><br></div><div class="spacer battle-history"><br></div><h2 class="battle-history">Turn 14</h2><div class="chat chatmessage-magmajudis"><strong style="color:#979b3e"><small>☆</small><span class="username" data-name="Magmajudis">Magmajudis</span>:</strong> <em>Gg</em></div><div class="chat chatmessage-asnomplaysshowdown"><strong style="color:#1bb1b6"><small> </small><span class="username" data-name="ASnomPlaysShowdown">ASnomPlaysShowdown</span>:</strong> <em>nice</em></div><div class="spacer battle-history"><br></div><div class="battle-history">The opposing Infernape used <strong>Close Combat</strong>!<br></div><div class="battle-history"><small>It's super effective!</small><br></div><div class="battle-history"><small>(Tyranitar lost 54% of its health!)</small><br></div><div class="battle-history"><small>The opposing Infernape's Defense fell!</small><br></div><div class="battle-history"><small>The opposing Infernape's Sp. Def fell!</small><br></div><div class="spacer battle-history"><br></div><div class="battle-history">Tyranitar fainted!<br></div><div class="spacer battle-history"><br></div><div class="battle-history"><small>(The sandstorm is raging.)</small><br></div><div class="battle-history"><small>The opposing Infernape is buffeted by the sandstorm!</small><br></div><div class="battle-history"><small>The opposing Infernape's HP was restored.</small><br></div><div class="spacer battle-history"><br></div><div class="battle-history">Go! <strong>Kyurem</strong>!<br></div><div class="battle-history"><small>Pointed stones dug into Kyurem!</small><br></div><div class="battle-history">[Kyurem's Pressure]<br><small>Kyurem is exerting its pressure!</small><br></div><div class="spacer battle-history"><br></div><h2 class="battle-history">Turn 15</h2><div class="spacer battle-history"><br></div><div class="battle-history">The opposing Infernape used <strong>Close Combat</strong>!<br></div><div class="battle-history"><small>It's super effective!</small><br></div><div class="battle-history"><small>(Kyurem lost 10% of its health!)</small><br></div><div class="battle-history"><small>The opposing Infernape's Defense fell!</small><br></div><div class="battle-history"><small>The opposing Infernape's Sp. Def fell!</small><br></div><div class="spacer battle-history"><br></div><div class="battle-history">Kyurem fainted!<br></div><div class="spacer battle-history"><br></div><div class="battle-history"><small>(The sandstorm is raging.)</small><br></div><div class="battle-history"><small>The opposing Infernape is buffeted by the sandstorm!</small><br></div><div class="battle-history"><small>The opposing Infernape's HP was restored.</small><br></div><div class="spacer battle-history"><br></div><div class="battle-history">Go! <strong>Blissey</strong>!<br></div><div class="spacer battle-history"><br></div><h2 class="battle-history">Turn 16</h2><div class="spacer battle-history"><br></div><div class="battle-history">The opposing Infernape used <strong>Close Combat</strong>!<br></div><div class="battle-history"><small>It's super effective!</small><br></div><div class="battle-history"><small>(Blissey lost 75% of its health!)</small><br></div><div class="battle-history"><small>The opposing Infernape's Defense fell!</small><br></div><div class="battle-history"><small>The opposing Infernape's Sp. Def fell!</small><br></div><div class="spacer battle-history"><br></div><div class="battle-history">Blissey fainted!<br></div><div class="spacer battle-history"><br></div><div class="battle-history"><strong>Magmajudis</strong> won the battle!<br></div><div class="chat"><small> Hematemesis left</small></div><div class="chat chatmessage-magmajudis"><strong style="color:#979b3e"><small>☆</small><span class="username" data-name="Magmajudis">Magmajudis</span>:</strong> <em>First win of the pl let's go</em></div><div class="chat"><small> Hematemesis joined;  ASnomPlaysShowdown and  Hematemesis left</small></div></div><div class="inner-preempt message-log"></div></div></div>
</div>
<script>
let daily = Math.floor(Date.now()/1000/60/60/24);document.write('<script src="https://dragonheaven.herokuapp.com/js/replay-embed.js?version'+daily+'"></'+'script>');
</script>
