<!DOCTYPE html>
<meta charset="utf-8" />
<!-- version 1 -->
<title>[Gen 8] Megas for All replay: pupugugu vs. BlaueBrause</title>
<style>
html,body {font-family:Verdana, sans-serif;font-size:10pt;margin:0;padding:0;}body{padding:12px 0;} .battle-log {font-family:Verdana, sans-serif;font-size:10pt;} .battle-log-inline {border:1px solid #AAAAAA;background:#EEF2F5;color:black;max-width:640px;margin:0 auto 80px;padding-bottom:5px;} .battle-log .inner {padding:4px 8px 0px 8px;} .battle-log .inner-preempt {padding:0 8px 4px 8px;} .battle-log .inner-after {margin-top:0.5em;} .battle-log h2 {margin:0.5em -8px;padding:4px 8px;border:1px solid #AAAAAA;background:#E0E7EA;border-left:0;border-right:0;font-family:Verdana, sans-serif;font-size:13pt;} .battle-log .chat {vertical-align:middle;padding:3px 0 3px 0;font-size:8pt;} .battle-log .chat strong {color:#40576A;} .battle-log .chat em {padding:1px 4px 1px 3px;color:#000000;font-style:normal;} .chat.mine {background:rgba(0,0,0,0.05);margin-left:-8px;margin-right:-8px;padding-left:8px;padding-right:8px;} .spoiler {color:#BBBBBB;background:#BBBBBB;padding:0px 3px;} .spoiler:hover, .spoiler:active, .spoiler-shown {color:#000000;background:#E2E2E2;padding:0px 3px;} .spoiler a {color:#BBBBBB;} .spoiler:hover a, .spoiler:active a, .spoiler-shown a {color:#2288CC;} .chat code, .chat .spoiler:hover code, .chat .spoiler:active code, .chat .spoiler-shown code {border:1px solid #C0C0C0;background:#EEEEEE;color:black;padding:0 2px;} .chat .spoiler code {border:1px solid #CCCCCC;background:#CCCCCC;color:#CCCCCC;} .battle-log .rated {padding:3px 4px;} .battle-log .rated strong {color:white;background:#89A;padding:1px 4px;border-radius:4px;} .spacer {margin-top:0.5em;} .message-announce {background:#6688AA;color:white;padding:1px 4px 2px;} .message-announce a, .broadcast-green a, .broadcast-blue a, .broadcast-red a {color:#DDEEFF;} .broadcast-green {background-color:#559955;color:white;padding:2px 4px;} .broadcast-blue {background-color:#6688AA;color:white;padding:2px 4px;} .infobox {border:1px solid #6688AA;padding:2px 4px;} .infobox-limited {max-height:200px;overflow:auto;overflow-x:hidden;} .broadcast-red {background-color:#AA5544;color:white;padding:2px 4px;} .message-learn-canlearn {font-weight:bold;color:#228822;text-decoration:underline;} .message-learn-cannotlearn {font-weight:bold;color:#CC2222;text-decoration:underline;} .message-effect-weak {font-weight:bold;color:#CC2222;} .message-effect-resist {font-weight:bold;color:#6688AA;} .message-effect-immune {font-weight:bold;color:#666666;} .message-learn-list {margin-top:0;margin-bottom:0;} .message-throttle-notice, .message-error {color:#992222;} .message-overflow, .chat small.message-overflow {font-size:0pt;} .message-overflow::before {font-size:9pt;content:'...';} .subtle {color:#3A4A66;}
</style>
<div class="wrapper replay-wrapper" style="max-width:1180px;margin:0 auto">
<input type="hidden" name="replayid" value="dragonheaven-gen8megasforall-1354" />
<div class="battle"></div><div class="battle-log"></div><div class="replay-controls"></div><div class="replay-controls-2"></div>
<h1 style="font-weight:normal;text-align:center"><strong>[Gen 8] Megas for All</strong><br /><a href="http://pokemonshowdown.com/users/pupugugu" class="subtle" target="_blank">pupugugu</a> vs. <a href="http://pokemonshowdown.com/users/blauebrause" class="subtle" target="_blank">BlaueBrause</a></h1>
<script type="text/plain" class="battle-log-data">|j|☆pupugugu
|j|☆BlaueBrause

|t:|1611442696
|player|p1|pupugugu|acetrainerf|
|player|p2|BlaueBrause|psychic|
|teamsize|p1|6
|teamsize|p2|6
|gametype|singles
|gen|8
|tier|[Gen 8] Megas for All
|clearpoke
|poke|p1|Dragalge, F|
|poke|p1|Zapdos|
|poke|p1|Victini|
|poke|p1|Hippowdon, M|
|poke|p1|Conkeldurr, F|
|poke|p1|Slowking-Galar, F|
|poke|p2|Dragalge, M|
|poke|p2|Kartana|
|poke|p2|Tapu Fini|
|poke|p2|Hawlucha, M|
|poke|p2|Gliscor, F|
|poke|p2|Blissey, F|
|rule|HP Percentage Mod: HP is shown in percentages
|rule|Endless Battle Clause: Forcing endless battles is banned
|rule|OHKO Clause: OHKO moves are banned
|rule|Evasion Moves Clause: Evasion moves are banned
|rule|Species Clause: Limit one of each Pokémon
|rule|Dynamax Clause: You cannot dynamax
|rule|Sleep Clause Mod: Limit one foe put to sleep
|rule|Freeze Clause Mod: Limit one foe frozen
|raw|<img src="https:\/\/www.smogon.com\/forums\/attachments\/banner_2-png.302358\/" height="65" width="381">
|-message|Welcome to Megas for All!
|-message|This is a National Dex-based format where we aim to give a new Mega Evolution to every Pokémon.
|-message|Just like any official format, you can still only Mega Evolve one Pokémon per team!
|-message|You can find our thread and metagame resources here:
|-message|https:\/\/www.smogon.com\/forums\/threads\/3671140\/
|teampreview
|j| ViZarPKMN
|c|☆BlaueBrause|glhf!
|c|☆pupugugu|Glhf!
|
|t:|1611442727
|start
|switch|p1a: Victini|Victini|100\/100
|switch|p2a: Gliscor|Gliscor, F|352\/352
|turn|1
|
|t:|1611442737
|move|p1a: Victini|Final Gambit|p2a: Gliscor
|-damage|p2a: Gliscor|11\/352
|faint|p1a: Victini
|move|p2a: Gliscor|Earthquake|p1: Victini|[notarget]
|-fail|p2a: Gliscor
|
|-status|p2a: Gliscor|tox|[from] item: Toxic Orb
|upkeep
|c|☆pupugugu|Oh it lives
|
|t:|1611442746
|switch|p1a: Conkeldurr|Conkeldurr, F|100\/100
|turn|2
|c|☆BlaueBrause|that was scary
|
|t:|1611442754
|switch|p2a: Tapu Fini|Tapu Fini|344\/344
|-fieldstart|move: Misty Terrain|[from] ability: Misty Surge|[of] p2a: Tapu Fini
|move|p1a: Conkeldurr|Mach Punch|p2a: Tapu Fini
|-resisted|p2a: Tapu Fini
|-damage|p2a: Tapu Fini|317\/344
|
|-heal|p2a: Tapu Fini|338\/344|[from] item: Leftovers
|upkeep
|turn|3
|
|t:|1611442764
|switch|p1a: Slowking|Slowking-Galar, F|100\/100
|move|p2a: Tapu Fini|Calm Mind|p2a: Tapu Fini
|-boost|p2a: Tapu Fini|spa|1
|-boost|p2a: Tapu Fini|spd|1
|
|-heal|p2a: Tapu Fini|344\/344|[from] item: Leftovers
|upkeep
|turn|4
|
|t:|1611442771
|switch|p1a: Hippowdon|Hippowdon, M|100\/100
|-weather|Sandstorm|[from] ability: Sand Stream|[of] p1a: Hippowdon
|move|p2a: Tapu Fini|Calm Mind|p2a: Tapu Fini
|-boost|p2a: Tapu Fini|spa|1
|-boost|p2a: Tapu Fini|spd|1
|
|-weather|Sandstorm|[upkeep]
|-damage|p2a: Tapu Fini|323\/344|[from] Sandstorm
|-heal|p2a: Tapu Fini|344\/344|[from] item: Leftovers
|upkeep
|turn|5
|
|t:|1611442783
|switch|p2a: Gliscor|Gliscor, F|11\/352 tox
|move|p1a: Hippowdon|Whirlwind|p2a: Gliscor
|drag|p2a: Kartana|Kartana|259\/259
|
|-weather|Sandstorm|[upkeep]
|upkeep
|turn|6
|
|t:|1611442791
|switch|p2a: Gliscor|Gliscor, F|11\/352 tox
|switch|p1a: Zapdos|Zapdos|100\/100
|-ability|p1a: Zapdos|Pressure
|
|-weather|Sandstorm|[upkeep]
|-damage|p1a: Zapdos|94\/100|[from] Sandstorm
|-heal|p2a: Gliscor|55\/352 tox|[from] ability: Poison Heal
|-fieldend|Misty Terrain
|upkeep
|turn|7
|
|t:|1611442801
|switch|p2a: Blissey|Blissey, F|714\/714
|move|p1a: Zapdos|Heat Wave|p2a: Blissey
|-damage|p2a: Blissey|648\/714
|
|-weather|Sandstorm|[upkeep]
|-damage|p1a: Zapdos|88\/100|[from] Sandstorm
|-damage|p2a: Blissey|604\/714|[from] Sandstorm
|upkeep
|turn|8
|
|t:|1611442809
|switch|p1a: Conkeldurr|Conkeldurr, F|100\/100
|move|p2a: Blissey|Teleport|p2a: Blissey
|
|t:|1611442814
|switch|p2a: Tapu Fini|Tapu Fini|344\/344
|-fieldstart|move: Misty Terrain|[from] ability: Misty Surge|[of] p2a: Tapu Fini
|
|-weather|none
|upkeep
|turn|9
|c|☆pupugugu|Gah that's rough
|
|t:|1611442828
|switch|p1a: Dragalge|Dragalge, F|100\/100
|move|p2a: Tapu Fini|Calm Mind|p2a: Tapu Fini
|-boost|p2a: Tapu Fini|spa|1
|-boost|p2a: Tapu Fini|spd|1
|
|upkeep
|turn|10
|
|t:|1611442843
|switch|p2a: Blissey|Blissey, F|604\/714
|detailschange|p1a: Dragalge|Dragalge-Mega, F
|-mega|p1a: Dragalge|Dragalge|Dragalgite
|-fieldstart|move: Acidic Terrain|[from] ability: Acidic Surge|[of] p1a: Dragalge
|-message|Poison-type moves used by grounded Pokémon will have their power increased.
|-message|Grounded Steel-type Pokémon will also lose their immunity to Poison-type moves.
|-start|p1a: Dragalge|typechange|Poison\/Dragon|[silent]
|raw|<ul class="utilichart"><li class="result"><span class="col pokemonnamecol" style="white-space: nowrap">Dragalge-Mega<\/span> <span class="col typecol"><img src="https:\/\/play.pokemonshowdown.com\/sprites\/types\/Poison.png" alt="Poison" height="14" width="32"><img src="https:\/\/play.pokemonshowdown.com\/sprites\/types\/Dragon.png" alt="Dragon" height="14" width="32"><\/span> <span style="float: left ; min-height: 26px"><span class="col abilitycol">Acidic Surge<\/span><span class="col abilitycol"><\/span><\/span><span style="float: left ; min-height: 26px"><span class="col statcol"><em>HP<\/em><br>65<\/span> <span class="col statcol"><em>Atk<\/em><br>95<\/span> <span class="col statcol"><em>Def<\/em><br>90<\/span> <span class="col statcol"><em>SpA<\/em><br>147<\/span> <span class="col statcol"><em>SpD<\/em><br>153<\/span> <span class="col statcol"><em>Spe<\/em><br>44<\/span> <\/span><\/li><li style="clear: both"><\/li><\/ul>
|move|p1a: Dragalge|Terrain Pulse|p2a: Blissey
|-damage|p2a: Blissey|391\/714
|
|upkeep
|turn|11
|
|t:|1611442855
|switch|p2a: Tapu Fini|Tapu Fini|344\/344
|-fieldstart|move: Misty Terrain|[from] ability: Misty Surge|[of] p2a: Tapu Fini
|move|p1a: Dragalge|Terrain Pulse|p2a: Tapu Fini
|-damage|p2a: Tapu Fini|224\/344
|
|-heal|p2a: Tapu Fini|245\/344|[from] item: Leftovers
|upkeep
|turn|12
|
|t:|1611442864
|move|p2a: Tapu Fini|Calm Mind|p2a: Tapu Fini
|-boost|p2a: Tapu Fini|spa|1
|-boost|p2a: Tapu Fini|spd|1
|move|p1a: Dragalge|Flip Turn|p2a: Tapu Fini
|-resisted|p2a: Tapu Fini
|-damage|p2a: Tapu Fini|229\/344
|
|t:|1611442870
|switch|p1a: Zapdos|Zapdos|88\/100|[from]move: Flip Turn
|-ability|p1a: Zapdos|Pressure
|
|-heal|p2a: Tapu Fini|250\/344|[from] item: Leftovers
|upkeep
|turn|13
|
|t:|1611442876
|move|p1a: Zapdos|Volt Switch|p2a: Tapu Fini
|-supereffective|p2a: Tapu Fini
|-crit|p2a: Tapu Fini
|-damage|p2a: Tapu Fini|4\/344
|c|☆pupugugu|Sry
|
|t:|1611442885
|switch|p1a: Dragalge|Dragalge-Mega, F|100\/100|[from]move: Volt Switch
|-start|p1a: Dragalge|typechange|Poison\/Dragon|[silent]
|-fieldstart|move: Acidic Terrain|[from] ability: Acidic Surge|[of] p1a: Dragalge
|-message|Poison-type moves used by grounded Pokémon will have their power increased.
|-message|Grounded Steel-type Pokémon will also lose their immunity to Poison-type moves.
|move|p2a: Tapu Fini|Draining Kiss|p1a: Dragalge
|-damage|p1a: Dragalge|82\/100
|-heal|p2a: Tapu Fini|51\/344|[from] drain|[of] p1a: Dragalge
|
|-heal|p2a: Tapu Fini|72\/344|[from] item: Leftovers
|upkeep
|turn|14
|c|☆BlaueBrause|it's okay, it happens
|
|t:|1611442896
|switch|p2a: Dragalge|Dragalge, M, shiny|334\/334
|move|p1a: Dragalge|Terrain Pulse|p2a: Dragalge
|-resisted|p2a: Dragalge
|-damage|p2a: Dragalge|220\/334
|
|upkeep
|turn|15
|
|t:|1611442907
|switch|p2a: Blissey|Blissey, F|391\/714
|switch|p1a: Slowking|Slowking-Galar, F|100\/100
|
|upkeep
|turn|16
|
|t:|1611442913
|move|p2a: Blissey|Soft-Boiled|p2a: Blissey
|-heal|p2a: Blissey|714\/714
|move|p1a: Slowking|Future Sight|p2a: Blissey
|-start|p1a: Slowking|move: Future Sight
|
|upkeep
|turn|17
|
|t:|1611442925
|switch|p1a: Conkeldurr|Conkeldurr, F|100\/100
|move|p2a: Blissey|Teleport|p2a: Blissey
|
|t:|1611442929
|switch|p2a: Gliscor|Gliscor, F|55\/352 tox
|
|-heal|p2a: Gliscor|99\/352 tox|[from] ability: Poison Heal
|-fieldend|move: Acidic Terrain
|-status|p1a: Conkeldurr|brn|[from] item: Flame Orb
|upkeep
|turn|18
|
|t:|1611442937
|move|p2a: Gliscor|U-turn|p1a: Conkeldurr
|-resisted|p1a: Conkeldurr
|-damage|p1a: Conkeldurr|93\/100 brn
|
|t:|1611442942
|switch|p2a: Tapu Fini|Tapu Fini|72\/344
|-fieldstart|move: Misty Terrain|[from] ability: Misty Surge|[of] p2a: Tapu Fini
|move|p1a: Conkeldurr|Facade|p2a: Tapu Fini
|-damage|p2a: Tapu Fini|0 fnt
|faint|p2a: Tapu Fini
|
|-hint|Future Sight did not hit because the target is the user.
|-damage|p1a: Conkeldurr|86\/100 brn|[from] brn
|upkeep
|
|t:|1611442966
|switch|p2a: Gliscor|Gliscor, F|99\/352 tox
|turn|19
|
|t:|1611442969
|move|p2a: Gliscor|Earthquake|p1a: Conkeldurr
|-damage|p1a: Conkeldurr|55\/100 brn
|move|p1a: Conkeldurr|Facade|p2a: Gliscor
|-damage|p2a: Gliscor|0 fnt
|faint|p2a: Gliscor
|
|-damage|p1a: Conkeldurr|49\/100 brn|[from] brn
|upkeep
|
|t:|1611442983
|switch|p2a: Hawlucha|Hawlucha, M|330\/330
|turn|20
|
|t:|1611442989
|switch|p1a: Hippowdon|Hippowdon, M|100\/100
|-weather|Sandstorm|[from] ability: Sand Stream|[of] p1a: Hippowdon
|move|p2a: Hawlucha|Acrobatics|p1a: Hippowdon
|-damage|p1a: Hippowdon|88\/100
|-damage|p2a: Hawlucha|275\/330|[from] item: Rocky Helmet|[of] p1a: Hippowdon
|
|-weather|Sandstorm|[upkeep]
|-damage|p2a: Hawlucha|255\/330|[from] Sandstorm
|upkeep
|turn|21
|
|t:|1611443000
|switch|p2a: Kartana|Kartana|259\/259
|move|p1a: Hippowdon|Stealth Rock|p2a: Kartana
|-sidestart|p2: BlaueBrause|move: Stealth Rock
|
|-weather|Sandstorm|[upkeep]
|upkeep
|turn|22
|
|t:|1611443031
|switch|p1a: Zapdos|Zapdos|88\/100
|-ability|p1a: Zapdos|Pressure
|move|p2a: Kartana|Knock Off|p1a: Zapdos
|-damage|p1a: Zapdos|56\/100
|-enditem|p1a: Zapdos|Heavy-Duty Boots|[from] move: Knock Off|[of] p2a: Kartana
|
|-weather|Sandstorm|[upkeep]
|-damage|p1a: Zapdos|50\/100|[from] Sandstorm
|-fieldend|Misty Terrain
|upkeep
|turn|23
|
|t:|1611443044
|switch|p2a: Dragalge|Dragalge, M, shiny|220\/334
|-damage|p2a: Dragalge|179\/334|[from] Stealth Rock
|move|p1a: Zapdos|Roost|p1a: Zapdos
|-heal|p1a: Zapdos|99\/100
|-singleturn|p1a: Zapdos|move: Roost
|
|-weather|Sandstorm|[upkeep]
|-damage|p1a: Zapdos|94\/100|[from] Sandstorm
|-damage|p2a: Dragalge|159\/334|[from] Sandstorm
|upkeep
|turn|24
|
|t:|1611443056
|switch|p1a: Slowking|Slowking-Galar, F|100\/100
|detailschange|p2a: Dragalge|Dragalge-Mega, M, shiny
|-mega|p2a: Dragalge|Dragalge|Dragalgite
|-fieldstart|move: Acidic Terrain|[from] ability: Acidic Surge|[of] p2a: Dragalge
|-message|Poison-type moves used by grounded Pokémon will have their power increased.
|-message|Grounded Steel-type Pokémon will also lose their immunity to Poison-type moves.
|-start|p2a: Dragalge|typechange|Poison\/Dragon|[silent]
|raw|<ul class="utilichart"><li class="result"><span class="col pokemonnamecol" style="white-space: nowrap">Dragalge-Mega<\/span> <span class="col typecol"><img src="https:\/\/play.pokemonshowdown.com\/sprites\/types\/Poison.png" alt="Poison" height="14" width="32"><img src="https:\/\/play.pokemonshowdown.com\/sprites\/types\/Dragon.png" alt="Dragon" height="14" width="32"><\/span> <span style="float: left ; min-height: 26px"><span class="col abilitycol">Acidic Surge<\/span><span class="col abilitycol"><\/span><\/span><span style="float: left ; min-height: 26px"><span class="col statcol"><em>HP<\/em><br>65<\/span> <span class="col statcol"><em>Atk<\/em><br>95<\/span> <span class="col statcol"><em>Def<\/em><br>90<\/span> <span class="col statcol"><em>SpA<\/em><br>147<\/span> <span class="col statcol"><em>SpD<\/em><br>153<\/span> <span class="col statcol"><em>Spe<\/em><br>44<\/span> <\/span><\/li><li style="clear: both"><\/li><\/ul>
|move|p2a: Dragalge|Sludge Bomb|p1a: Slowking
|-resisted|p1a: Slowking
|-damage|p1a: Slowking|84\/100
|
|-weather|none
|upkeep
|turn|25
|
|t:|1611443066
|move|p2a: Dragalge|Roost|p2a: Dragalge
|-heal|p2a: Dragalge|326\/334
|-singleturn|p2a: Dragalge|move: Roost
|move|p1a: Slowking|Future Sight|p2a: Dragalge
|-start|p1a: Slowking|move: Future Sight
|
|upkeep
|turn|26
|
|t:|1611443078
|move|p2a: Dragalge|Acid Spray|p1a: Slowking
|-resisted|p1a: Slowking
|-damage|p1a: Slowking|77\/100
|-unboost|p1a: Slowking|spd|2
|move|p1a: Slowking|Sludge Bomb|p2a: Dragalge
|-resisted|p2a: Dragalge
|-damage|p2a: Dragalge|272\/334
|
|upkeep
|turn|27
|
|t:|1611443088
|move|p2a: Dragalge|Acid Spray|p1a: Slowking
|-resisted|p1a: Slowking
|-damage|p1a: Slowking|62\/100
|-unboost|p1a: Slowking|spd|2
|move|p1a: Slowking|Sludge Bomb|p2a: Dragalge
|-resisted|p2a: Dragalge
|-damage|p2a: Dragalge|220\/334
|
|-end|p2a: Dragalge|move: Future Sight
|-supereffective|p2a: Dragalge
|-damage|p2a: Dragalge|0 fnt
|faint|p2a: Dragalge
|upkeep
|
|t:|1611443099
|switch|p2a: Hawlucha|Hawlucha, M|255\/330
|-damage|p2a: Hawlucha|214\/330|[from] Stealth Rock
|-enditem|p2a: Hawlucha|Acidic Seed
|-boost|p2a: Hawlucha|spd|1|[from] item: Acidic Seed
|turn|28
|
|t:|1611443108
|switch|p1a: Hippowdon|Hippowdon, M|88\/100
|-weather|Sandstorm|[from] ability: Sand Stream|[of] p1a: Hippowdon
|move|p2a: Hawlucha|Swords Dance|p2a: Hawlucha
|-boost|p2a: Hawlucha|atk|2
|
|-weather|Sandstorm|[upkeep]
|-damage|p2a: Hawlucha|194\/330|[from] Sandstorm
|-fieldend|move: Acidic Terrain
|upkeep
|turn|29
|
|t:|1611443117
|move|p2a: Hawlucha|Acrobatics|p1a: Hippowdon
|-damage|p1a: Hippowdon|38\/100
|-damage|p2a: Hawlucha|139\/330|[from] item: Rocky Helmet|[of] p1a: Hippowdon
|move|p1a: Hippowdon|Whirlwind|p2a: Hawlucha
|drag|p2a: Blissey|Blissey, F|714\/714
|
|-weather|Sandstorm|[upkeep]
|-damage|p2a: Blissey|670\/714|[from] Sandstorm
|upkeep
|turn|30
|
|t:|1611443126
|move|p2a: Blissey|Stealth Rock|p1a: Hippowdon
|-sidestart|p1: pupugugu|move: Stealth Rock
|move|p1a: Hippowdon|Slack Off|p1a: Hippowdon
|-heal|p1a: Hippowdon|88\/100
|
|-weather|Sandstorm|[upkeep]
|-damage|p2a: Blissey|626\/714|[from] Sandstorm
|upkeep
|turn|31
|
|t:|1611443133
|move|p1a: Hippowdon|Earthquake|p2a: Blissey
|-damage|p2a: Blissey|409\/714
|move|p2a: Blissey|Teleport|p2a: Blissey
|
|t:|1611443140
|switch|p2a: Kartana|Kartana|259\/259
|-damage|p2a: Kartana|243\/259|[from] Stealth Rock
|
|-weather|Sandstorm|[upkeep]
|upkeep
|turn|32
|
|t:|1611443152
|switch|p1a: Slowking|Slowking-Galar, F|96\/100
|-damage|p1a: Slowking|83\/100|[from] Stealth Rock
|move|p2a: Kartana|Knock Off|p1a: Slowking
|-supereffective|p1a: Slowking
|-crit|p1a: Slowking
|-damage|p1a: Slowking|0 fnt
|-enditem|p1a: Slowking|Assault Vest|[from] move: Knock Off|[of] p2a: Kartana
|faint|p1a: Slowking
|-ability|p2a: Kartana|Beast Boost|boost
|-boost|p2a: Kartana|atk|1
|
|-weather|none
|upkeep
|
|t:|1611443155
|switch|p1a: Conkeldurr|Conkeldurr, F|49\/100 brn
|-damage|p1a: Conkeldurr|43\/100 brn|[from] Stealth Rock
|turn|33
|
|t:|1611443173
|switch|p2a: Blissey|Blissey, F|409\/714
|move|p1a: Conkeldurr|Drain Punch|p2a: Blissey
|-supereffective|p2a: Blissey
|-damage|p2a: Blissey|0 fnt
|-heal|p1a: Conkeldurr|97\/100 brn|[from] drain|[of] p2a: Blissey
|faint|p2a: Blissey
|
|-damage|p1a: Conkeldurr|91\/100 brn|[from] brn
|upkeep
|
|t:|1611443182
|switch|p2a: Hawlucha|Hawlucha, M|139\/330
|-damage|p2a: Hawlucha|98\/330|[from] Stealth Rock
|turn|34
|
|t:|1611443187
|move|p2a: Hawlucha|Acrobatics|p1a: Conkeldurr
|-supereffective|p1a: Conkeldurr
|-damage|p1a: Conkeldurr|0 fnt
|faint|p1a: Conkeldurr
|
|upkeep
|
|t:|1611443191
|switch|p1a: Zapdos|Zapdos|94\/100
|-damage|p1a: Zapdos|69\/100|[from] Stealth Rock
|-ability|p1a: Zapdos|Pressure
|turn|35
|
|t:|1611443197
|move|p2a: Hawlucha|Throat Chop|p1a: Zapdos
|-damage|p1a: Zapdos|49\/100
|-start|p1a: Zapdos|Throat Chop|[silent]
|move|p1a: Zapdos|Volt Switch|p2a: Hawlucha
|-supereffective|p2a: Hawlucha
|-damage|p2a: Hawlucha|0 fnt
|faint|p2a: Hawlucha
|
|t:|1611443199
|switch|p1a: Dragalge|Dragalge-Mega, F|82\/100|[from]move: Volt Switch
|-start|p1a: Dragalge|typechange|Poison\/Dragon|[silent]
|-damage|p1a: Dragalge|69\/100|[from] Stealth Rock
|-fieldstart|move: Acidic Terrain|[from] ability: Acidic Surge|[of] p1a: Dragalge
|-message|Poison-type moves used by grounded Pokémon will have their power increased.
|-message|Grounded Steel-type Pokémon will also lose their immunity to Poison-type moves.
|
|upkeep
|c|☆BlaueBrause|gg
|
|t:|1611443211
|switch|p2a: Kartana|Kartana|243\/259
|-damage|p2a: Kartana|227\/259|[from] Stealth Rock
|turn|36
|c|☆pupugugu|Gg!
|
|t:|1611443221
|move|p2a: Kartana|Knock Off|p1a: Dragalge
|-crit|p1a: Dragalge
|-damage|p1a: Dragalge|24\/100
|move|p1a: Dragalge|Terrain Pulse|p2a: Kartana
|-supereffective|p2a: Kartana
|-damage|p2a: Kartana|0 fnt
|faint|p2a: Kartana
|
|win|pupugugu
|c|☆pupugugu|Wp
|c|☆pupugugu|Sry for the rush near the end man
|c|☆BlaueBrause|you as well!
|c|☆BlaueBrause|it's okay</script>
</div>
<div class="battle-log battle-log-inline"><div class="inner"><div class="battle-options"><div style="padding-top: 3px; padding-right: 3px; text-align: right"><button class="icon button" name="openBattleOptions" title="Options">Battle Options</button></div></div><div class="inner message-log"><div class="chat"><small>☆pupugugu and ☆BlaueBrause joined</small></div><div class=""><small>Format:</small> <br><strong>[Gen 8] Megas for All</strong></div><div class=""><small><em>HP Percentage Mod:</em> HP is shown in percentages</small></div><div class=""><small><em>Endless Battle Clause:</em> Forcing endless battles is banned</small></div><div class=""><small><em>OHKO Clause:</em> OHKO moves are banned</small></div><div class=""><small><em>Evasion Moves Clause:</em> Evasion moves are banned</small></div><div class=""><small><em>Species Clause:</em> Limit one of each Pokémon</small></div><div class=""><small><em>Dynamax Clause:</em> You cannot dynamax</small></div><div class=""><small><em>Sleep Clause Mod:</em> Limit one foe put to sleep</small></div><div class=""><small><em>Freeze Clause Mod:</em> Limit one foe frozen</small></div><div class="chat"><img src="https://www.smogon.com/forums/attachments/banner_2-png.302358/" height="65" width="381"></div><div class="spacer battle-history"><br></div><div class="battle-history"><small>Welcome to Megas for All!</small><br></div><div class="battle-history"><small>This is a National Dex-based format where we aim to give a new Mega Evolution to every Pokémon.</small><br></div><div class="battle-history"><small>Just like any official format, you can still only Mega Evolve one Pokémon per team!</small><br></div><div class="battle-history"><small>You can find our thread and metagame resources here:</small><br></div><div class="battle-history"><small>https://www.smogon.com/forums/threads/3671140/</small><br></div><div class="chat battle-history"><strong>pupugugu's team:</strong> <em style="color:#445566;display:block;">Dragalge / Zapdos / Victini / Hippowdon / Conkeldurr / Slowking-Galar</em></div><div class="chat battle-history"><strong>BlaueBrause's team:</strong> <em style="color:#445566;display:block;">Dragalge / Kartana / Tapu Fini / Hawlucha / Gliscor / Blissey</em></div><div class="chat"><small> ViZarPKMN joined</small></div><div class="chat chatmessage-blauebrause mine"><strong style="color:#6b66e4"><small>☆</small><span class="username" data-name="BlaueBrause">BlaueBrause</span>:</strong> <em>glhf!</em></div><div class="chat chatmessage-pupugugu"><strong style="color:#2b7b91"><small>☆</small><span class="username" data-name="pupugugu">pupugugu</span>:</strong> <em>Glhf!</em></div><div class="spacer battle-history"><br></div><div class="battle-history">Battle started between pupugugu and BlaueBrause!<br></div><div class="spacer battle-history"><br></div><div class="battle-history">pupugugu sent out <strong>Victini</strong>!<br></div><div class="spacer battle-history"><br></div><div class="battle-history">Go! <strong>Gliscor</strong>!<br></div><div class="spacer battle-history"><br></div><h2 class="battle-history">Turn 1</h2><div class="spacer battle-history"><br></div><div class="battle-history">The opposing Victini used <strong>Final Gambit</strong>!<br></div><div class="battle-history"><small>(Gliscor lost <abbr title="−341/352">96.9%</abbr> of its health!)</small><br></div><div class="spacer battle-history"><br></div><div class="battle-history">The opposing Victini fainted!<br></div><div class="battle-history">Gliscor used <strong>Earthquake</strong>!<br></div><div class="battle-history"><small>But it failed!</small><br></div><div class="spacer battle-history"><br></div><div class="battle-history"><small>Gliscor was badly poisoned!</small><br></div><div class="chat chatmessage-pupugugu"><strong style="color:#2b7b91"><small>☆</small><span class="username" data-name="pupugugu">pupugugu</span>:</strong> <em>Oh it lives</em></div><div class="spacer battle-history"><br></div><div class="battle-history">pupugugu sent out <strong>Conkeldurr</strong>!<br></div><div class="spacer battle-history"><br></div><h2 class="battle-history">Turn 2</h2><div class="chat chatmessage-blauebrause mine"><strong style="color:#6b66e4"><small>☆</small><span class="username" data-name="BlaueBrause">BlaueBrause</span>:</strong> <em>that was scary</em></div><div class="spacer battle-history"><br></div><div class="battle-history">Gliscor, come back!<br></div><div class="battle-history">Go! <strong>Tapu Fini</strong>!<br></div><div class="battle-history">[Tapu Fini's Misty Surge]<br><small>Mist swirled around the battlefield!</small><br></div><div class="spacer battle-history"><br></div><div class="battle-history">The opposing Conkeldurr used <strong>Mach Punch</strong>!<br></div><div class="battle-history"><small>It's not very effective...</small><br></div><div class="battle-history"><small>(Tapu Fini lost <abbr title="−27/344">7.8%</abbr> of its health!)</small><br></div><div class="spacer battle-history"><br></div><div class="battle-history"><small>Tapu Fini restored a little HP using its Leftovers!</small><br></div><div class="spacer battle-history"><br></div><h2 class="battle-history">Turn 3</h2><div class="spacer battle-history"><br></div><div class="battle-history">pupugugu withdrew Conkeldurr!<br></div><div class="battle-history">pupugugu sent out Slowking (<strong>Slowking-Galar</strong>)!<br></div><div class="spacer battle-history"><br></div><div class="battle-history">Tapu Fini used <strong>Calm Mind</strong>!<br></div><div class="battle-history"><small>Tapu Fini's Sp. Atk rose!</small><br></div><div class="battle-history"><small>Tapu Fini's Sp. Def rose!</small><br></div><div class="spacer battle-history"><br></div><div class="battle-history"><small>Tapu Fini restored a little HP using its Leftovers!</small><br></div><div class="spacer battle-history"><br></div><h2 class="battle-history">Turn 4</h2><div class="spacer battle-history"><br></div><div class="battle-history">pupugugu withdrew Slowking!<br></div><div class="battle-history">pupugugu sent out <strong>Hippowdon</strong>!<br></div><div class="battle-history">[The opposing Hippowdon's Sand Stream]<br><small>A sandstorm kicked up!</small><br></div><div class="spacer battle-history"><br></div><div class="battle-history">Tapu Fini used <strong>Calm Mind</strong>!<br></div><div class="battle-history"><small>Tapu Fini's Sp. Atk rose!</small><br></div><div class="battle-history"><small>Tapu Fini's Sp. Def rose!</small><br></div><div class="spacer battle-history"><br></div><div class="battle-history"><small>(The sandstorm is raging.)</small><br></div><div class="battle-history"><small>Tapu Fini is buffeted by the sandstorm!</small><br></div><div class="battle-history"><small>Tapu Fini restored a little HP using its Leftovers!</small><br></div><div class="spacer battle-history"><br></div><h2 class="battle-history">Turn 5</h2><div class="spacer battle-history"><br></div><div class="battle-history">Tapu Fini, come back!<br></div><div class="battle-history">Go! <strong>Gliscor</strong>!<br></div><div class="spacer battle-history"><br></div><div class="battle-history">The opposing Hippowdon used <strong>Whirlwind</strong>!<br></div><div class="spacer battle-history"><br></div><div class="battle-history"><strong>Kartana</strong> was dragged out!<br></div><div class="spacer battle-history"><br></div><div class="battle-history"><small>(The sandstorm is raging.)</small><br></div><div class="spacer battle-history"><br></div><h2 class="battle-history">Turn 6</h2><div class="spacer battle-history"><br></div><div class="battle-history">Kartana, come back!<br></div><div class="battle-history">Go! <strong>Gliscor</strong>!<br></div><div class="spacer battle-history"><br></div><div class="battle-history">pupugugu withdrew Hippowdon!<br></div><div class="battle-history">pupugugu sent out <strong>Zapdos</strong>!<br></div><div class="battle-history">[The opposing Zapdos's Pressure]<br><small>The opposing Zapdos is exerting its pressure!</small><br></div><div class="spacer battle-history"><br></div><div class="battle-history"><small>(The sandstorm is raging.)</small><br></div><div class="battle-history"><small>The opposing Zapdos is buffeted by the sandstorm!</small><br></div><div class="battle-history">[Gliscor's Poison Heal]<br><small>Gliscor had its HP restored.</small><br></div><div class="battle-history"><small>The mist disappeared from the battlefield.</small><br></div><div class="spacer battle-history"><br></div><h2 class="battle-history">Turn 7</h2><div class="spacer battle-history"><br></div><div class="battle-history">Gliscor, come back!<br></div><div class="battle-history">Go! <strong>Blissey</strong>!<br></div><div class="spacer battle-history"><br></div><div class="battle-history">The opposing Zapdos used <strong>Heat Wave</strong>!<br></div><div class="battle-history"><small>(Blissey lost <abbr title="−66/714">9.2%</abbr> of its health!)</small><br></div><div class="spacer battle-history"><br></div><div class="battle-history"><small>(The sandstorm is raging.)</small><br></div><div class="battle-history"><small>The opposing Zapdos is buffeted by the sandstorm!</small><br></div><div class="battle-history"><small>Blissey is buffeted by the sandstorm!</small><br></div><div class="spacer battle-history"><br></div><h2 class="battle-history">Turn 8</h2><div class="spacer battle-history"><br></div><div class="battle-history">pupugugu withdrew Zapdos!<br></div><div class="battle-history">pupugugu sent out <strong>Conkeldurr</strong>!<br></div><div class="spacer battle-history"><br></div><div class="battle-history">Blissey used <strong>Teleport</strong>!<br></div><div class="spacer battle-history"><br></div><div class="battle-history">Blissey, come back!<br></div><div class="battle-history">Go! <strong>Tapu Fini</strong>!<br></div><div class="battle-history">[Tapu Fini's Misty Surge]<br><small>Mist swirled around the battlefield!</small><br></div><div class="spacer battle-history"><br></div><div class="battle-history"><small>The sandstorm subsided.</small><br></div><div class="spacer battle-history"><br></div><h2 class="battle-history">Turn 9</h2><div class="chat chatmessage-pupugugu"><strong style="color:#2b7b91"><small>☆</small><span class="username" data-name="pupugugu">pupugugu</span>:</strong> <em>Gah that's rough</em></div><div class="spacer battle-history"><br></div><div class="battle-history">pupugugu withdrew Conkeldurr!<br></div><div class="battle-history">pupugugu sent out <strong>Dragalge</strong>!<br></div><div class="spacer battle-history"><br></div><div class="battle-history">Tapu Fini used <strong>Calm Mind</strong>!<br></div><div class="battle-history"><small>Tapu Fini's Sp. Atk rose!</small><br></div><div class="battle-history"><small>Tapu Fini's Sp. Def rose!</small><br></div><div class="spacer battle-history"><br></div><h2 class="battle-history">Turn 10</h2><div class="spacer battle-history"><br></div><div class="battle-history">Tapu Fini, come back!<br></div><div class="battle-history">Go! <strong>Blissey</strong>!<br></div><div class="spacer battle-history"><br></div><div class="battle-history"><small>The opposing Dragalge's Dragalgite is reacting to the Key Stone!</small><br>The opposing Dragalge has Mega Evolved into Mega Dragalge!<br></div><div class="battle-history">[The opposing Dragalge's Acidic Surge]<br><small>(Acidic Terrain started!)</small><br></div><div class="battle-history"><small>Poison-type moves used by grounded Pokémon will have their power increased.</small><br></div><div class="battle-history"><small>Grounded Steel-type Pokémon will also lose their immunity to Poison-type moves.</small><br></div><div class="chat"><ul class="utilichart"><li class="result"><span class="col pokemonnamecol" style="white-space: nowrap">Dragalge-Mega</span> <span class="col typecol"><img src="https://play.pokemonshowdown.com/sprites/types/Poison.png" alt="Poison" height="14" width="32"><img src="https://play.pokemonshowdown.com/sprites/types/Dragon.png" alt="Dragon" height="14" width="32"></span> <span style="float: left ; min-height: 26px"><span class="col abilitycol">Acidic Surge</span><span class="col abilitycol"></span></span><span style="float: left ; min-height: 26px"><span class="col statcol"><em>HP</em><br>65</span> <span class="col statcol"><em>Atk</em><br>95</span> <span class="col statcol"><em>Def</em><br>90</span> <span class="col statcol"><em>SpA</em><br>147</span> <span class="col statcol"><em>SpD</em><br>153</span> <span class="col statcol"><em>Spe</em><br>44</span> </span></li><li style="clear: both"></li></ul></div><div class="spacer battle-history"><br></div><div class="battle-history">The opposing Dragalge used <strong>Terrain Pulse</strong>!<br></div><div class="battle-history"><small>(Blissey lost <abbr title="−213/714">29.8%</abbr> of its health!)</small><br></div><div class="spacer battle-history"><br></div><h2 class="battle-history">Turn 11</h2><div class="spacer battle-history"><br></div><div class="battle-history">Blissey, come back!<br></div><div class="battle-history">Go! <strong>Tapu Fini</strong>!<br></div><div class="battle-history">[Tapu Fini's Misty Surge]<br><small>Mist swirled around the battlefield!</small><br></div><div class="spacer battle-history"><br></div><div class="battle-history">The opposing Dragalge used <strong>Terrain Pulse</strong>!<br></div><div class="battle-history"><small>(Tapu Fini lost <abbr title="−120/344">34.9%</abbr> of its health!)</small><br></div><div class="spacer battle-history"><br></div><div class="battle-history"><small>Tapu Fini restored a little HP using its Leftovers!</small><br></div><div class="spacer battle-history"><br></div><h2 class="battle-history">Turn 12</h2><div class="spacer battle-history"><br></div><div class="battle-history">Tapu Fini used <strong>Calm Mind</strong>!<br></div><div class="battle-history"><small>Tapu Fini's Sp. Atk rose!</small><br></div><div class="battle-history"><small>Tapu Fini's Sp. Def rose!</small><br></div><div class="spacer battle-history"><br></div><div class="battle-history">The opposing Dragalge used <strong>Flip Turn</strong>!<br></div><div class="battle-history"><small>It's not very effective...</small><br></div><div class="battle-history"><small>(Tapu Fini lost <abbr title="−16/344">4.7%</abbr> of its health!)</small><br></div><div class="spacer battle-history"><br></div><div class="battle-history">pupugugu withdrew Dragalge!<br></div><div class="battle-history">pupugugu sent out <strong>Zapdos</strong>!<br></div><div class="battle-history">[The opposing Zapdos's Pressure]<br><small>The opposing Zapdos is exerting its pressure!</small><br></div><div class="spacer battle-history"><br></div><div class="battle-history"><small>Tapu Fini restored a little HP using its Leftovers!</small><br></div><div class="spacer battle-history"><br></div><h2 class="battle-history">Turn 13</h2><div class="spacer battle-history"><br></div><div class="battle-history">The opposing Zapdos used <strong>Volt Switch</strong>!<br></div><div class="battle-history"><small>It's super effective!</small><br></div><div class="battle-history"><small>A critical hit!</small><br></div><div class="battle-history"><small>(Tapu Fini lost <abbr title="−246/344">71.5%</abbr> of its health!)</small><br></div><div class="chat chatmessage-pupugugu"><strong style="color:#2b7b91"><small>☆</small><span class="username" data-name="pupugugu">pupugugu</span>:</strong> <em>Sry</em></div><div class="spacer battle-history"><br></div><div class="battle-history">The opposing Zapdos went back to pupugugu!<br></div><div class="battle-history">pupugugu sent out Dragalge (<strong>Dragalge-Mega</strong>)!<br></div><div class="battle-history">[The opposing Dragalge's Acidic Surge]<br><small>(Acidic Terrain started!)</small><br></div><div class="battle-history"><small>Poison-type moves used by grounded Pokémon will have their power increased.</small><br></div><div class="battle-history"><small>Grounded Steel-type Pokémon will also lose their immunity to Poison-type moves.</small><br></div><div class="spacer battle-history"><br></div><div class="battle-history">Tapu Fini used <strong>Draining Kiss</strong>!<br></div><div class="battle-history"><small>(The opposing Dragalge lost 18% of its health!)</small><br></div><div class="battle-history"><small>The opposing Dragalge had its energy drained!</small><br></div><div class="spacer battle-history"><br></div><div class="battle-history"><small>Tapu Fini restored a little HP using its Leftovers!</small><br></div><div class="spacer battle-history"><br></div><h2 class="battle-history">Turn 14</h2><div class="chat chatmessage-blauebrause mine"><strong style="color:#6b66e4"><small>☆</small><span class="username" data-name="BlaueBrause">BlaueBrause</span>:</strong> <em>it's okay, it happens</em></div><div class="spacer battle-history"><br></div><div class="battle-history">Tapu Fini, come back!<br></div><div class="battle-history">Go! <strong>Dragalge</strong>!<br></div><div class="spacer battle-history"><br></div><div class="battle-history">The opposing Dragalge used <strong>Terrain Pulse</strong>!<br></div><div class="battle-history"><small>It's not very effective...</small><br></div><div class="battle-history"><small>(Dragalge lost <abbr title="−114/334">34.1%</abbr> of its health!)</small><br></div><div class="spacer battle-history"><br></div><h2 class="battle-history">Turn 15</h2><div class="spacer battle-history"><br></div><div class="battle-history">Dragalge, come back!<br></div><div class="battle-history">Go! <strong>Blissey</strong>!<br></div><div class="spacer battle-history"><br></div><div class="battle-history">pupugugu withdrew Dragalge!<br></div><div class="battle-history">pupugugu sent out Slowking (<strong>Slowking-Galar</strong>)!<br></div><div class="spacer battle-history"><br></div><h2 class="battle-history">Turn 16</h2><div class="spacer battle-history"><br></div><div class="battle-history">Blissey used <strong>Soft-Boiled</strong>!<br></div><div class="battle-history"><small>Blissey had its HP restored.</small><br></div><div class="spacer battle-history"><br></div><div class="battle-history">The opposing Slowking used <strong>Future Sight</strong>!<br></div><div class="battle-history"><small>The opposing Slowking foresaw an attack!</small><br></div><div class="spacer battle-history"><br></div><h2 class="battle-history">Turn 17</h2><div class="spacer battle-history"><br></div><div class="battle-history">pupugugu withdrew Slowking!<br></div><div class="battle-history">pupugugu sent out <strong>Conkeldurr</strong>!<br></div><div class="spacer battle-history"><br></div><div class="battle-history">Blissey used <strong>Teleport</strong>!<br></div><div class="spacer battle-history"><br></div><div class="battle-history">Blissey, come back!<br></div><div class="battle-history">Go! <strong>Gliscor</strong>!<br></div><div class="spacer battle-history"><br></div><div class="battle-history">[Gliscor's Poison Heal]<br><small>Gliscor had its HP restored.</small><br></div><div class="battle-history"><small>(Acidic Terrain ended!)</small><br></div><div class="battle-history"><small>The opposing Conkeldurr was burned!</small><br></div><div class="spacer battle-history"><br></div><h2 class="battle-history">Turn 18</h2><div class="spacer battle-history"><br></div><div class="battle-history">Gliscor used <strong>U-turn</strong>!<br></div><div class="battle-history"><small>It's not very effective...</small><br></div><div class="battle-history"><small>(The opposing Conkeldurr lost 7% of its health!)</small><br></div><div class="spacer battle-history"><br></div><div class="battle-history">Gliscor went back to BlaueBrause!<br></div><div class="battle-history">Go! <strong>Tapu Fini</strong>!<br></div><div class="battle-history">[Tapu Fini's Misty Surge]<br><small>Mist swirled around the battlefield!</small><br></div><div class="spacer battle-history"><br></div><div class="battle-history">The opposing Conkeldurr used <strong>Facade</strong>!<br></div><div class="battle-history"><small>(Tapu Fini lost <abbr title="−72/344">20.9%</abbr> of its health!)</small><br></div><div class="spacer battle-history"><br></div><div class="battle-history">Tapu Fini fainted!<br></div><div class="spacer battle-history"><br></div><div class="battle-history"><small>(Future Sight did not hit because the target is the user.)</small><br></div><div class="battle-history"><small>The opposing Conkeldurr was hurt by its burn!</small><br></div><div class="spacer battle-history"><br></div><div class="battle-history">Go! <strong>Gliscor</strong>!<br></div><div class="spacer battle-history"><br></div><h2 class="battle-history">Turn 19</h2><div class="spacer battle-history"><br></div><div class="battle-history">Gliscor used <strong>Earthquake</strong>!<br></div><div class="battle-history"><small>(The opposing Conkeldurr lost 31% of its health!)</small><br></div><div class="spacer battle-history"><br></div><div class="battle-history">The opposing Conkeldurr used <strong>Facade</strong>!<br></div><div class="battle-history"><small>(Gliscor lost <abbr title="−99/352">28.1%</abbr> of its health!)</small><br></div><div class="spacer battle-history"><br></div><div class="battle-history">Gliscor fainted!<br></div><div class="spacer battle-history"><br></div><div class="battle-history"><small>The opposing Conkeldurr was hurt by its burn!</small><br></div><div class="spacer battle-history"><br></div><div class="battle-history">Go! <strong>Hawlucha</strong>!<br></div><div class="spacer battle-history"><br></div><h2 class="battle-history">Turn 20</h2><div class="spacer battle-history"><br></div><div class="battle-history">pupugugu withdrew Conkeldurr!<br></div><div class="battle-history">pupugugu sent out <strong>Hippowdon</strong>!<br></div><div class="battle-history">[The opposing Hippowdon's Sand Stream]<br><small>A sandstorm kicked up!</small><br></div><div class="spacer battle-history"><br></div><div class="battle-history">Hawlucha used <strong>Acrobatics</strong>!<br></div><div class="battle-history"><small>(The opposing Hippowdon lost 12% of its health!)</small><br></div><div class="battle-history"><small>Hawlucha was hurt by the Rocky Helmet!</small><br></div><div class="spacer battle-history"><br></div><div class="battle-history"><small>(The sandstorm is raging.)</small><br></div><div class="battle-history"><small>Hawlucha is buffeted by the sandstorm!</small><br></div><div class="spacer battle-history"><br></div><h2 class="battle-history">Turn 21</h2><div class="spacer battle-history"><br></div><div class="battle-history">Hawlucha, come back!<br></div><div class="battle-history">Go! <strong>Kartana</strong>!<br></div><div class="spacer battle-history"><br></div><div class="battle-history">The opposing Hippowdon used <strong>Stealth Rock</strong>!<br></div><div class="battle-history"><small>Pointed stones float in the air around your team!</small><br></div><div class="spacer battle-history"><br></div><div class="battle-history"><small>(The sandstorm is raging.)</small><br></div><div class="spacer battle-history"><br></div><h2 class="battle-history">Turn 22</h2><div class="spacer battle-history"><br></div><div class="battle-history">pupugugu withdrew Hippowdon!<br></div><div class="battle-history">pupugugu sent out <strong>Zapdos</strong>!<br></div><div class="battle-history">[The opposing Zapdos's Pressure]<br><small>The opposing Zapdos is exerting its pressure!</small><br></div><div class="spacer battle-history"><br></div><div class="battle-history">Kartana used <strong>Knock Off</strong>!<br></div><div class="battle-history"><small>(The opposing Zapdos lost 32% of its health!)</small><br></div><div class="battle-history"><small>Kartana knocked off the opposing Zapdos's Heavy-Duty Boots!</small><br></div><div class="spacer battle-history"><br></div><div class="battle-history"><small>(The sandstorm is raging.)</small><br></div><div class="battle-history"><small>The opposing Zapdos is buffeted by the sandstorm!</small><br></div><div class="battle-history"><small>The mist disappeared from the battlefield.</small><br></div><div class="spacer battle-history"><br></div><h2 class="battle-history">Turn 23</h2><div class="spacer battle-history"><br></div><div class="battle-history">Kartana, come back!<br></div><div class="battle-history">Go! <strong>Dragalge</strong>!<br></div><div class="battle-history"><small>Pointed stones dug into Dragalge!</small><br></div><div class="spacer battle-history"><br></div><div class="battle-history">The opposing Zapdos used <strong>Roost</strong>!<br></div><div class="battle-history"><small>The opposing Zapdos had its HP restored.</small><br></div><div class="battle-history"><small>(The opposing Zapdos loses Flying type this turn.)</small><br></div><div class="spacer battle-history"><br></div><div class="battle-history"><small>(The sandstorm is raging.)</small><br></div><div class="battle-history"><small>The opposing Zapdos is buffeted by the sandstorm!</small><br></div><div class="battle-history"><small>Dragalge is buffeted by the sandstorm!</small><br></div><div class="spacer battle-history"><br></div><h2 class="battle-history">Turn 24</h2><div class="spacer battle-history"><br></div><div class="battle-history">pupugugu withdrew Zapdos!<br></div><div class="battle-history">pupugugu sent out Slowking (<strong>Slowking-Galar</strong>)!<br></div><div class="spacer battle-history"><br></div><div class="battle-history"><small>Dragalge's Dragalgite is reacting to the Key Stone!</small><br>Dragalge has Mega Evolved into Mega Dragalge!<br></div><div class="battle-history">[Dragalge's Acidic Surge]<br><small>(Acidic Terrain started!)</small><br></div><div class="battle-history"><small>Poison-type moves used by grounded Pokémon will have their power increased.</small><br></div><div class="battle-history"><small>Grounded Steel-type Pokémon will also lose their immunity to Poison-type moves.</small><br></div><div class="chat"><ul class="utilichart"><li class="result"><span class="col pokemonnamecol" style="white-space: nowrap">Dragalge-Mega</span> <span class="col typecol"><img src="https://play.pokemonshowdown.com/sprites/types/Poison.png" alt="Poison" height="14" width="32"><img src="https://play.pokemonshowdown.com/sprites/types/Dragon.png" alt="Dragon" height="14" width="32"></span> <span style="float: left ; min-height: 26px"><span class="col abilitycol">Acidic Surge</span><span class="col abilitycol"></span></span><span style="float: left ; min-height: 26px"><span class="col statcol"><em>HP</em><br>65</span> <span class="col statcol"><em>Atk</em><br>95</span> <span class="col statcol"><em>Def</em><br>90</span> <span class="col statcol"><em>SpA</em><br>147</span> <span class="col statcol"><em>SpD</em><br>153</span> <span class="col statcol"><em>Spe</em><br>44</span> </span></li><li style="clear: both"></li></ul></div><div class="spacer battle-history"><br></div><div class="battle-history">Dragalge used <strong>Sludge Bomb</strong>!<br></div><div class="battle-history"><small>It's not very effective...</small><br></div><div class="battle-history"><small>(The opposing Slowking lost 16% of its health!)</small><br></div><div class="spacer battle-history"><br></div><div class="battle-history"><small>The sandstorm subsided.</small><br></div><div class="spacer battle-history"><br></div><h2 class="battle-history">Turn 25</h2><div class="spacer battle-history"><br></div><div class="battle-history">Dragalge used <strong>Roost</strong>!<br></div><div class="battle-history"><small>Dragalge had its HP restored.</small><br></div><div class="spacer battle-history"><br></div><div class="battle-history">The opposing Slowking used <strong>Future Sight</strong>!<br></div><div class="battle-history"><small>The opposing Slowking foresaw an attack!</small><br></div><div class="spacer battle-history"><br></div><h2 class="battle-history">Turn 26</h2><div class="spacer battle-history"><br></div><div class="battle-history">Dragalge used <strong>Acid Spray</strong>!<br></div><div class="battle-history"><small>It's not very effective...</small><br></div><div class="battle-history"><small>(The opposing Slowking lost 7% of its health!)</small><br></div><div class="battle-history"><small>The opposing Slowking's Sp. Def fell harshly!</small><br></div><div class="spacer battle-history"><br></div><div class="battle-history">The opposing Slowking used <strong>Sludge Bomb</strong>!<br></div><div class="battle-history"><small>It's not very effective...</small><br></div><div class="battle-history"><small>(Dragalge lost <abbr title="−54/334">16.2%</abbr> of its health!)</small><br></div><div class="spacer battle-history"><br></div><h2 class="battle-history">Turn 27</h2><div class="spacer battle-history"><br></div><div class="battle-history">Dragalge used <strong>Acid Spray</strong>!<br></div><div class="battle-history"><small>It's not very effective...</small><br></div><div class="battle-history"><small>(The opposing Slowking lost 15% of its health!)</small><br></div><div class="battle-history"><small>The opposing Slowking's Sp. Def fell harshly!</small><br></div><div class="spacer battle-history"><br></div><div class="battle-history">The opposing Slowking used <strong>Sludge Bomb</strong>!<br></div><div class="battle-history"><small>It's not very effective...</small><br></div><div class="battle-history"><small>(Dragalge lost <abbr title="−52/334">15.6%</abbr> of its health!)</small><br></div><div class="spacer battle-history"><br></div><div class="battle-history"><small>Dragalge took the Future Sight attack!</small><br></div><div class="battle-history"><small>It's super effective!</small><br></div><div class="battle-history"><small>(Dragalge lost <abbr title="−220/334">65.9%</abbr> of its health!)</small><br></div><div class="spacer battle-history"><br></div><div class="battle-history">Dragalge fainted!<br></div><div class="spacer battle-history"><br></div><div class="battle-history">Go! <strong>Hawlucha</strong>!<br></div><div class="battle-history"><small>Pointed stones dug into Hawlucha!</small><br></div><div class="battle-history"><small>(Hawlucha used its Acidic Seed!)</small><br></div><div class="battle-history"><small>The Acidic Seed raised Hawlucha's Sp. Def!</small><br></div><div class="spacer battle-history"><br></div><h2 class="battle-history">Turn 28</h2><div class="spacer battle-history"><br></div><div class="battle-history">pupugugu withdrew Slowking!<br></div><div class="battle-history">pupugugu sent out <strong>Hippowdon</strong>!<br></div><div class="battle-history">[The opposing Hippowdon's Sand Stream]<br><small>A sandstorm kicked up!</small><br></div><div class="spacer battle-history"><br></div><div class="battle-history">Hawlucha used <strong>Swords Dance</strong>!<br></div><div class="battle-history"><small>Hawlucha's Attack rose sharply!</small><br></div><div class="spacer battle-history"><br></div><div class="battle-history"><small>(The sandstorm is raging.)</small><br></div><div class="battle-history"><small>Hawlucha is buffeted by the sandstorm!</small><br></div><div class="battle-history"><small>(Acidic Terrain ended!)</small><br></div><div class="spacer battle-history"><br></div><h2 class="battle-history">Turn 29</h2><div class="spacer battle-history"><br></div><div class="battle-history">Hawlucha used <strong>Acrobatics</strong>!<br></div><div class="battle-history"><small>(The opposing Hippowdon lost 50% of its health!)</small><br></div><div class="battle-history"><small>Hawlucha was hurt by the Rocky Helmet!</small><br></div><div class="spacer battle-history"><br></div><div class="battle-history">The opposing Hippowdon used <strong>Whirlwind</strong>!<br></div><div class="spacer battle-history"><br></div><div class="battle-history"><strong>Blissey</strong> was dragged out!<br></div><div class="spacer battle-history"><br></div><div class="battle-history"><small>(The sandstorm is raging.)</small><br></div><div class="battle-history"><small>Blissey is buffeted by the sandstorm!</small><br></div><div class="spacer battle-history"><br></div><h2 class="battle-history">Turn 30</h2><div class="spacer battle-history"><br></div><div class="battle-history">Blissey used <strong>Stealth Rock</strong>!<br></div><div class="battle-history"><small>Pointed stones float in the air around the opposing team!</small><br></div><div class="spacer battle-history"><br></div><div class="battle-history">The opposing Hippowdon used <strong>Slack Off</strong>!<br></div><div class="battle-history"><small>The opposing Hippowdon had its HP restored.</small><br></div><div class="spacer battle-history"><br></div><div class="battle-history"><small>(The sandstorm is raging.)</small><br></div><div class="battle-history"><small>Blissey is buffeted by the sandstorm!</small><br></div><div class="spacer battle-history"><br></div><h2 class="battle-history">Turn 31</h2><div class="spacer battle-history"><br></div><div class="battle-history">The opposing Hippowdon used <strong>Earthquake</strong>!<br></div><div class="battle-history"><small>(Blissey lost <abbr title="−217/714">30.4%</abbr> of its health!)</small><br></div><div class="spacer battle-history"><br></div><div class="battle-history">Blissey used <strong>Teleport</strong>!<br></div><div class="spacer battle-history"><br></div><div class="battle-history">Blissey, come back!<br></div><div class="battle-history">Go! <strong>Kartana</strong>!<br></div><div class="battle-history"><small>Pointed stones dug into Kartana!</small><br></div><div class="spacer battle-history"><br></div><div class="battle-history"><small>(The sandstorm is raging.)</small><br></div><div class="spacer battle-history"><br></div><h2 class="battle-history">Turn 32</h2><div class="spacer battle-history"><br></div><div class="battle-history">pupugugu withdrew Hippowdon!<br></div><div class="battle-history">pupugugu sent out Slowking (<strong>Slowking-Galar</strong>)!<br></div><div class="battle-history"><small>Pointed stones dug into the opposing Slowking!</small><br></div><div class="spacer battle-history"><br></div><div class="battle-history">Kartana used <strong>Knock Off</strong>!<br></div><div class="battle-history"><small>It's super effective!</small><br></div><div class="battle-history"><small>A critical hit!</small><br></div><div class="battle-history"><small>(The opposing Slowking lost 83% of its health!)</small><br></div><div class="battle-history"><small>Kartana knocked off the opposing Slowking's Assault Vest!</small><br></div><div class="spacer battle-history"><br></div><div class="battle-history">The opposing Slowking fainted!<br></div><div class="battle-history">[Kartana's Beast Boost]<br></div><div class="battle-history"><small>Kartana's Attack rose!</small><br></div><div class="spacer battle-history"><br></div><div class="battle-history"><small>The sandstorm subsided.</small><br></div><div class="spacer battle-history"><br></div><div class="battle-history">pupugugu sent out <strong>Conkeldurr</strong>!<br></div><div class="battle-history"><small>Pointed stones dug into the opposing Conkeldurr!</small><br></div><div class="spacer battle-history"><br></div><h2 class="battle-history">Turn 33</h2><div class="spacer battle-history"><br></div><div class="battle-history">Kartana, come back!<br></div><div class="battle-history">Go! <strong>Blissey</strong>!<br></div><div class="spacer battle-history"><br></div><div class="battle-history">The opposing Conkeldurr used <strong>Drain Punch</strong>!<br></div><div class="battle-history"><small>It's super effective!</small><br></div><div class="battle-history"><small>(Blissey lost <abbr title="−409/714">57.3%</abbr> of its health!)</small><br></div><div class="battle-history"><small>Blissey had its energy drained!</small><br></div><div class="spacer battle-history"><br></div><div class="battle-history">Blissey fainted!<br></div><div class="spacer battle-history"><br></div><div class="battle-history"><small>The opposing Conkeldurr was hurt by its burn!</small><br></div><div class="spacer battle-history"><br></div><div class="battle-history">Go! <strong>Hawlucha</strong>!<br></div><div class="battle-history"><small>Pointed stones dug into Hawlucha!</small><br></div><div class="spacer battle-history"><br></div><h2 class="battle-history">Turn 34</h2><div class="spacer battle-history"><br></div><div class="battle-history">Hawlucha used <strong>Acrobatics</strong>!<br></div><div class="battle-history"><small>It's super effective!</small><br></div><div class="battle-history"><small>(The opposing Conkeldurr lost 91% of its health!)</small><br></div><div class="spacer battle-history"><br></div><div class="battle-history">The opposing Conkeldurr fainted!<br></div><div class="spacer battle-history"><br></div><div class="battle-history">pupugugu sent out <strong>Zapdos</strong>!<br></div><div class="battle-history"><small>Pointed stones dug into the opposing Zapdos!</small><br></div><div class="battle-history">[The opposing Zapdos's Pressure]<br><small>The opposing Zapdos is exerting its pressure!</small><br></div><div class="spacer battle-history"><br></div><h2 class="battle-history">Turn 35</h2><div class="spacer battle-history"><br></div><div class="battle-history">Hawlucha used <strong>Throat Chop</strong>!<br></div><div class="battle-history"><small>(The opposing Zapdos lost 20% of its health!)</small><br></div><div class="spacer battle-history"><br></div><div class="battle-history">The opposing Zapdos used <strong>Volt Switch</strong>!<br></div><div class="battle-history"><small>It's super effective!</small><br></div><div class="battle-history"><small>(Hawlucha lost <abbr title="−98/330">29.7%</abbr> of its health!)</small><br></div><div class="spacer battle-history"><br></div><div class="battle-history">Hawlucha fainted!<br></div><div class="spacer battle-history"><br></div><div class="battle-history">The opposing Zapdos went back to pupugugu!<br></div><div class="battle-history">pupugugu sent out Dragalge (<strong>Dragalge-Mega</strong>)!<br></div><div class="battle-history"><small>Pointed stones dug into the opposing Dragalge!</small><br></div><div class="battle-history">[The opposing Dragalge's Acidic Surge]<br><small>(Acidic Terrain started!)</small><br></div><div class="battle-history"><small>Poison-type moves used by grounded Pokémon will have their power increased.</small><br></div><div class="battle-history"><small>Grounded Steel-type Pokémon will also lose their immunity to Poison-type moves.</small><br></div><div class="chat chatmessage-blauebrause mine"><strong style="color:#6b66e4"><small>☆</small><span class="username" data-name="BlaueBrause">BlaueBrause</span>:</strong> <em>gg</em></div><div class="spacer battle-history"><br></div><div class="battle-history">Go! <strong>Kartana</strong>!<br></div><div class="battle-history"><small>Pointed stones dug into Kartana!</small><br></div><div class="spacer battle-history"><br></div><h2 class="battle-history">Turn 36</h2><div class="chat chatmessage-pupugugu"><strong style="color:#2b7b91"><small>☆</small><span class="username" data-name="pupugugu">pupugugu</span>:</strong> <em>Gg!</em></div><div class="spacer battle-history"><br></div><div class="battle-history">Kartana used <strong>Knock Off</strong>!<br></div><div class="battle-history"><small>A critical hit!</small><br></div><div class="battle-history"><small>(The opposing Dragalge lost 45% of its health!)</small><br></div><div class="spacer battle-history"><br></div><div class="battle-history">The opposing Dragalge used <strong>Terrain Pulse</strong>!<br></div><div class="battle-history"><small>It's super effective!</small><br></div><div class="battle-history"><small>(Kartana lost <abbr title="−227/259">87.6%</abbr> of its health!)</small><br></div><div class="spacer battle-history"><br></div><div class="battle-history">Kartana fainted!<br></div><div class="spacer battle-history"><br></div><div class="battle-history"><strong>pupugugu</strong> won the battle!<br></div><div class="chat chatmessage-pupugugu"><strong style="color:#2b7b91"><small>☆</small><span class="username" data-name="pupugugu">pupugugu</span>:</strong> <em>Wp</em></div><div class="chat chatmessage-pupugugu"><strong style="color:#2b7b91"><small>☆</small><span class="username" data-name="pupugugu">pupugugu</span>:</strong> <em>Sry for the rush near the end man</em></div><div class="chat chatmessage-blauebrause mine"><strong style="color:#6b66e4"><small>☆</small><span class="username" data-name="BlaueBrause">BlaueBrause</span>:</strong> <em>you as well!</em></div><div class="chat chatmessage-blauebrause mine"><strong style="color:#6b66e4"><small>☆</small><span class="username" data-name="BlaueBrause">BlaueBrause</span>:</strong> <em>it's okay</em></div></div><div class="inner-preempt message-log"></div></div></div>
</div>
<script>
let daily = Math.floor(Date.now()/1000/60/60/24);document.write('<script src="https://dragonheaven.herokuapp.com/js/replay-embed.js?version'+daily+'"></'+'script>');
</script>
