<!DOCTYPE html>
<meta charset="utf-8" />
<!-- version 1 -->
<title>[Gen 8] M4A Random Battle replay: inkbug1 vs. BotwNerd745</title>
<style>
html,body {font-family:Verdana, sans-serif;font-size:10pt;margin:0;padding:0;}body{padding:12px 0;} .battle-log {font-family:Verdana, sans-serif;font-size:10pt;} .battle-log-inline {border:1px solid #AAAAAA;background:#EEF2F5;color:black;max-width:640px;margin:0 auto 80px;padding-bottom:5px;} .battle-log .inner {padding:4px 8px 0px 8px;} .battle-log .inner-preempt {padding:0 8px 4px 8px;} .battle-log .inner-after {margin-top:0.5em;} .battle-log h2 {margin:0.5em -8px;padding:4px 8px;border:1px solid #AAAAAA;background:#E0E7EA;border-left:0;border-right:0;font-family:Verdana, sans-serif;font-size:13pt;} .battle-log .chat {vertical-align:middle;padding:3px 0 3px 0;font-size:8pt;} .battle-log .chat strong {color:#40576A;} .battle-log .chat em {padding:1px 4px 1px 3px;color:#000000;font-style:normal;} .chat.mine {background:rgba(0,0,0,0.05);margin-left:-8px;margin-right:-8px;padding-left:8px;padding-right:8px;} .spoiler {color:#BBBBBB;background:#BBBBBB;padding:0px 3px;} .spoiler:hover, .spoiler:active, .spoiler-shown {color:#000000;background:#E2E2E2;padding:0px 3px;} .spoiler a {color:#BBBBBB;} .spoiler:hover a, .spoiler:active a, .spoiler-shown a {color:#2288CC;} .chat code, .chat .spoiler:hover code, .chat .spoiler:active code, .chat .spoiler-shown code {border:1px solid #C0C0C0;background:#EEEEEE;color:black;padding:0 2px;} .chat .spoiler code {border:1px solid #CCCCCC;background:#CCCCCC;color:#CCCCCC;} .battle-log .rated {padding:3px 4px;} .battle-log .rated strong {color:white;background:#89A;padding:1px 4px;border-radius:4px;} .spacer {margin-top:0.5em;} .message-announce {background:#6688AA;color:white;padding:1px 4px 2px;} .message-announce a, .broadcast-green a, .broadcast-blue a, .broadcast-red a {color:#DDEEFF;} .broadcast-green {background-color:#559955;color:white;padding:2px 4px;} .broadcast-blue {background-color:#6688AA;color:white;padding:2px 4px;} .infobox {border:1px solid #6688AA;padding:2px 4px;} .infobox-limited {max-height:200px;overflow:auto;overflow-x:hidden;} .broadcast-red {background-color:#AA5544;color:white;padding:2px 4px;} .message-learn-canlearn {font-weight:bold;color:#228822;text-decoration:underline;} .message-learn-cannotlearn {font-weight:bold;color:#CC2222;text-decoration:underline;} .message-effect-weak {font-weight:bold;color:#CC2222;} .message-effect-resist {font-weight:bold;color:#6688AA;} .message-effect-immune {font-weight:bold;color:#666666;} .message-learn-list {margin-top:0;margin-bottom:0;} .message-throttle-notice, .message-error {color:#992222;} .message-overflow, .chat small.message-overflow {font-size:0pt;} .message-overflow::before {font-size:9pt;content:'...';} .subtle {color:#3A4A66;}
</style>
<div class="wrapper replay-wrapper" style="max-width:1180px;margin:0 auto">
<input type="hidden" name="replayid" value="dragonheaven-gen8m4arandombattle-286" />
<div class="battle"></div><div class="battle-log"></div><div class="replay-controls"></div><div class="replay-controls-2"></div>
<h1 style="font-weight:normal;text-align:center"><strong>[Gen 8] M4A Random Battle</strong><br /><a href="http://pokemonshowdown.com/users/inkbug1" class="subtle" target="_blank">inkbug1</a> vs. <a href="http://pokemonshowdown.com/users/botwnerd745" class="subtle" target="_blank">BotwNerd745</a></h1>
<script type="text/plain" class="battle-log-data">|j|☆inkbug1

|j|☆BotwNerd745
|t:|1624994644
|player|p1|inkbug1|burgh|
|player|p2|BotwNerd745|hilda-dueldisk|
|teamsize|p1|6
|teamsize|p2|6
|gametype|singles
|gen|8
|tier|[Gen 8] M4A Random Battle
|rule|Dynamax Clause: You cannot dynamax
|rule|Species Clause: Limit one of each Pokémon
|rule|HP Percentage Mod: HP is shown in percentages
|rule|Sleep Clause Mod: Limit one foe put to sleep
|rule|Freeze Clause Mod: Limit one foe frozen
|raw|<img src="https:\/\/www.smogon.com\/forums\/attachments\/banner_2-png.302358\/" height="65" width="381">
|-message|Welcome to Megas for All!
|-message|This is a National Dex-based format where we aim to give a new Mega Evolution to every Pokémon.
|-message|Just like any official format, you can still only Mega Evolve one Pokémon per team!
|-message|You can find our thread and metagame resources here:
|-message|https:\/\/www.smogon.com\/forums\/threads\/3671140\/
|-message|Your Mega Evolution this match is:
|-hint|Archeops-Mega (Rock\/Flying); Ability: Second Wind (While this Pokémon has more than 1\/2 of its max HP, its Attack and Sp. Atk are halved.); Stats: 75 HP \/ 190 Atk \/ 65 Def \/ 127 SpA \/ 65 SpD \/ 145 Spe;
|-message|Use the command \/dt for more information!
|
|t:|1624994644
|start
|switch|p1a: Archeops|Archeops, L84, M|263\/263
|switch|p2a: Masquerain|Masquerain, L88, M|100\/100
|-ability|p2a: Masquerain|Intimidate|boost
|-unboost|p1a: Archeops|atk|1
|turn|1
|c|☆inkbug1|oh poggers
|
|t:|1624994659
|move|p1a: Archeops|Stone Edge|p2a: Masquerain|[miss]
|-miss|p1a: Archeops|p2a: Masquerain
|move|p2a: Masquerain|Hydro Pump|p1a: Archeops
|-supereffective|p1a: Archeops
|-damage|p1a: Archeops|49\/263
|
|upkeep
|turn|2
|c|☆inkbug1|unpoggers
|
|t:|1624994670
|detailschange|p1a: Archeops|Archeops-Mega, L84, M
|-mega|p1a: Archeops|Archeops|Archeonite
|-start|p1a: Archeops|typechange|Rock\/Flying|[silent]
|raw|<ul class="utilichart"><li class="result"><span class="col pokemonnamecol" style="white-space: nowrap">Archeops-Mega<\/span> <span class="col typecol"><img src="https:\/\/play.pokemonshowdown.com\/sprites\/types\/Rock.png" alt="Rock" height="14" width="32"><img src="https:\/\/play.pokemonshowdown.com\/sprites\/types\/Flying.png" alt="Flying" height="14" width="32"><\/span> <span style="float: left ; min-height: 26px"><span class="col abilitycol">Second Wind<\/span><span class="col abilitycol"><\/span><\/span><span style="float: left ; min-height: 26px"><span class="col statcol"><em>HP<\/em><br>75<\/span> <span class="col statcol"><em>Atk<\/em><br>190<\/span> <span class="col statcol"><em>Def<\/em><br>65<\/span> <span class="col statcol"><em>SpA<\/em><br>127<\/span> <span class="col statcol"><em>SpD<\/em><br>65<\/span> <span class="col statcol"><em>Spe<\/em><br>145<\/span> <\/span><\/li><li style="clear: both"><\/li><\/ul>
|move|p1a: Archeops|Stone Edge|p2a: Masquerain
|-supereffective|p2a: Masquerain
|-damage|p2a: Masquerain|0 fnt
|faint|p2a: Masquerain
|
|upkeep
|
|t:|1624994690
|switch|p2a: Blastoise|Blastoise, L86, F|100\/100
|turn|3
|
|t:|1624994697
|move|p1a: Archeops|U-turn|p2a: Blastoise
|-damage|p2a: Blastoise|83\/100
|
|t:|1624994700
|switch|p1a: Lurantis|Lurantis, L88, F|266\/266
|move|p2a: Blastoise|Hydro Pump|p1a: Lurantis
|-resisted|p1a: Lurantis
|-damage|p1a: Lurantis|233\/266
|
|upkeep
|turn|4
|
|t:|1624994712
|move|p2a: Blastoise|Shell Smash|p2a: Blastoise
|-unboost|p2a: Blastoise|def|1
|-unboost|p2a: Blastoise|spd|1
|-boost|p2a: Blastoise|atk|2
|-boost|p2a: Blastoise|spa|2
|-boost|p2a: Blastoise|spe|2
|-enditem|p2a: Blastoise|White Herb
|-clearnegativeboost|p2a: Blastoise|[silent]
|move|p1a: Lurantis|Leaf Storm|p2a: Blastoise
|-supereffective|p2a: Blastoise
|-damage|p2a: Blastoise|2\/100
|-boost|p1a: Lurantis|spa|2
|
|upkeep
|turn|5
|
|t:|1624994723
|move|p2a: Blastoise|Ice Beam|p1a: Lurantis
|-supereffective|p1a: Lurantis
|-damage|p1a: Lurantis|87\/266
|move|p1a: Lurantis|Superpower|p2a: Blastoise
|-damage|p2a: Blastoise|0 fnt
|-boost|p1a: Lurantis|atk|1
|-boost|p1a: Lurantis|def|1
|faint|p2a: Blastoise
|
|upkeep
|
|t:|1624994735
|switch|p2a: Staraptor|Staraptor, L82, M|100\/100
|-ability|p2a: Staraptor|Intimidate|boost
|-boost|p1a: Lurantis|atk|1
|turn|6
|
|t:|1624994742
|move|p2a: Staraptor|U-turn|p1a: Lurantis
|-supereffective|p1a: Lurantis
|-damage|p1a: Lurantis|0 fnt
|faint|p1a: Lurantis
|c|☆inkbug1|thats fair
|
|t:|1624994747
|switch|p2a: Ferrothorn|Ferrothorn, L80, M|100\/100|[from]move: U-turn
|
|upkeep
|
|t:|1624994760
|switch|p1a: Chesnaught|Chesnaught, L82, M|278\/278
|turn|7
|
|t:|1624994766
|move|p1a: Chesnaught|Drain Punch|p2a: Ferrothorn
|-supereffective|p2a: Ferrothorn
|-damage|p2a: Ferrothorn|50\/100
|-damage|p1a: Chesnaught|244\/278|[from] ability: Iron Barbs|[of] p2a: Ferrothorn
|move|p2a: Ferrothorn|Knock Off|p1a: Chesnaught
|-resisted|p1a: Chesnaught
|-damage|p1a: Chesnaught|217\/278
|-enditem|p1a: Chesnaught|Leftovers|[from] move: Knock Off|[of] p2a: Ferrothorn
|
|-heal|p2a: Ferrothorn|56\/100|[from] item: Leftovers
|upkeep
|turn|8
|
|t:|1624994778
|move|p2a: Ferrothorn|Protect|p2a: Ferrothorn
|-singleturn|p2a: Ferrothorn|Protect
|move|p1a: Chesnaught|Drain Punch|p2a: Ferrothorn
|-activate|p2a: Ferrothorn|move: Protect
|
|-heal|p2a: Ferrothorn|62\/100|[from] item: Leftovers
|upkeep
|turn|9
|
|t:|1624994786
|move|p1a: Chesnaught|Drain Punch|p2a: Ferrothorn
|-supereffective|p2a: Ferrothorn
|-damage|p2a: Ferrothorn|14\/100
|-heal|p1a: Chesnaught|277\/278|[from] drain|[of] p2a: Ferrothorn
|-damage|p1a: Chesnaught|243\/278|[from] ability: Iron Barbs|[of] p2a: Ferrothorn
|move|p2a: Ferrothorn|Leech Seed|p1a: Chesnaught
|-immune|p1a: Chesnaught
|
|-heal|p2a: Ferrothorn|20\/100|[from] item: Leftovers
|upkeep
|turn|10
|c|☆BotwNerd745|oop
|
|t:|1624994802
|move|p2a: Ferrothorn|Protect|p2a: Ferrothorn
|-singleturn|p2a: Ferrothorn|Protect
|move|p1a: Chesnaught|Drain Punch|p2a: Ferrothorn
|-activate|p2a: Ferrothorn|move: Protect
|
|-heal|p2a: Ferrothorn|26\/100|[from] item: Leftovers
|upkeep
|turn|11
|
|t:|1624994810
|move|p1a: Chesnaught|Drain Punch|p2a: Ferrothorn
|-supereffective|p2a: Ferrothorn
|-damage|p2a: Ferrothorn|0 fnt
|-heal|p1a: Chesnaught|275\/278|[from] drain|[of] p2a: Ferrothorn
|-damage|p1a: Chesnaught|241\/278|[from] ability: Iron Barbs|[of] p2a: Ferrothorn
|faint|p2a: Ferrothorn
|
|upkeep
|
|t:|1624994817
|switch|p2a: Staraptor|Staraptor, L82, M|100\/100
|-ability|p2a: Staraptor|Intimidate|boost
|-unboost|p1a: Chesnaught|atk|1
|turn|12
|
|t:|1624994851
|switch|p1a: Slowking|Slowking, L86, M|304\/304
|move|p2a: Staraptor|Brave Bird|p1a: Slowking
|-damage|p1a: Slowking|66\/304
|-damage|p2a: Staraptor|72\/100|[from] Recoil
|
|-heal|p1a: Slowking|85\/304|[from] item: Leftovers
|upkeep
|turn|13
|c|☆inkbug1|o w
|
|t:|1624994862
|move|p2a: Staraptor|Brave Bird|p1a: Slowking
|-damage|p1a: Slowking|0 fnt
|-damage|p2a: Staraptor|61\/100|[from] Recoil
|faint|p1a: Slowking
|
|upkeep
|
|t:|1624994867
|switch|p1a: Archeops|Archeops-Mega, L84, M|49\/263
|-start|p1a: Archeops|typechange|Rock\/Flying|[silent]
|turn|14
|
|t:|1624994874
|move|p1a: Archeops|Dual Wingbeat|p2a: Staraptor
|-damage|p2a: Staraptor|29\/100
|-damage|p2a: Staraptor|0 fnt
|-hitcount|p2a: Staraptor|2
|faint|p2a: Staraptor
|
|upkeep
|
|t:|1624994883
|switch|p2a: Lycanroc|Lycanroc-Midnight, L84, M|100\/100
|turn|15
|
|t:|1624994888
|switch|p1a: Chesnaught|Chesnaught, L82, M|241\/278
|detailschange|p2a: Lycanroc|Lycanroc-Midnight-Mega, L84, M
|-mega|p2a: Lycanroc|Lycanroc|Lycanite
|-start|p2a: Lycanroc|typechange|Rock\/Dark|[silent]
|raw|<ul class="utilichart"><li class="result"><span class="col pokemonnamecol" style="white-space: nowrap">Lycanroc-Midnight-Mega<\/span> <span class="col typecol"><img src="https:\/\/play.pokemonshowdown.com\/sprites\/types\/Rock.png" alt="Rock" height="14" width="32"><img src="https:\/\/play.pokemonshowdown.com\/sprites\/types\/Dark.png" alt="Dark" height="14" width="32"><\/span> <span style="float: left ; min-height: 26px"><span class="col abilitycol">Reckless<\/span><span class="col abilitycol"><\/span><\/span><span style="float: left ; min-height: 26px"><span class="col statcol"><em>HP<\/em><br>85<\/span> <span class="col statcol"><em>Atk<\/em><br>155<\/span> <span class="col statcol"><em>Def<\/em><br>115<\/span> <span class="col statcol"><em>SpA<\/em><br>65<\/span> <span class="col statcol"><em>SpD<\/em><br>75<\/span> <span class="col statcol"><em>Spe<\/em><br>92<\/span> <\/span><\/li><li style="clear: both"><\/li><\/ul>
|move|p2a: Lycanroc|Sucker Punch||[still]
|-fail|p2a: Lycanroc
|
|upkeep
|turn|16
|
|t:|1624994898
|move|p2a: Lycanroc|Fire Punch|p1a: Chesnaught
|-supereffective|p1a: Chesnaught
|-damage|p1a: Chesnaught|119\/278
|move|p1a: Chesnaught|Drain Punch|p2a: Lycanroc
|-supereffective|p2a: Lycanroc
|-damage|p2a: Lycanroc|13\/100
|-heal|p1a: Chesnaught|241\/278|[from] drain|[of] p2a: Lycanroc
|
|upkeep
|turn|17
|
|t:|1624994908
|switch|p2a: Deoxys|Deoxys-Attack, L78|100\/100
|-ability|p2a: Deoxys|Pressure
|move|p1a: Chesnaught|Drain Punch|p2a: Deoxys
|-resisted|p2a: Deoxys
|-damage|p2a: Deoxys|51\/100
|-heal|p1a: Chesnaught|278\/278|[from] drain|[of] p2a: Deoxys
|
|upkeep
|turn|18
|c|☆inkbug1|skdfh 
|c|☆inkbug1|deoxys is so frail
|c|☆inkbug1|im always surprised 
|
|t:|1624994948
|switch|p1a: Dugtrio|Dugtrio, L82, M|191\/191
|move|p2a: Deoxys|Psycho Boost|p1a: Dugtrio|[miss]
|-miss|p2a: Deoxys|p1a: Dugtrio
|
|upkeep
|turn|19
|c|☆inkbug1|oh no im sory
|
|t:|1624994957
|move|p1a: Dugtrio|Sucker Punch|p2a: Deoxys
|-supereffective|p2a: Deoxys
|-damage|p2a: Deoxys|0 fnt
|faint|p2a: Deoxys
|
|upkeep
|
|t:|1624994962
|switch|p2a: Lycanroc|Lycanroc-Midnight-Mega, L84, M|13\/100
|-start|p2a: Lycanroc|typechange|Rock\/Dark|[silent]
|turn|20
|
|t:|1624994967
|move|p2a: Lycanroc|Sucker Punch|p1a: Dugtrio
|-crit|p1a: Dugtrio
|-damage|p1a: Dugtrio|0 fnt
|faint|p1a: Dugtrio
|
|upkeep
|
|t:|1624994973
|switch|p1a: Chesnaught|Chesnaught, L82, M|278\/278
|turn|21
|
|t:|1624994977
|move|p2a: Lycanroc|Fire Punch|p1a: Chesnaught
|-supereffective|p1a: Chesnaught
|-damage|p1a: Chesnaught|158\/278
|move|p1a: Chesnaught|Drain Punch|p2a: Lycanroc
|-supereffective|p2a: Lycanroc
|-damage|p2a: Lycanroc|0 fnt
|-heal|p1a: Chesnaught|176\/278|[from] drain|[of] p2a: Lycanroc
|faint|p2a: Lycanroc
|
|win|inkbug1
|c|☆inkbug1|gg!! 
|c|☆BotwNerd745|gg</script>
</div>
<div class="battle-log battle-log-inline"><div class="inner"><div class="battle-options"><div style="padding-top: 3px; padding-right: 3px; text-align: right"><button class="icon button" name="openBattleOptions" title="Options">Battle Options</button></div></div><div class="inner message-log"><div class="chat"><small>☆inkbug1 and ☆BotwNerd745 joined</small></div><div class=""><small>Format:</small> <br><strong>[Gen 8] M4A Random Battle</strong></div><div class=""><small><em>Dynamax Clause:</em> You cannot dynamax</small></div><div class=""><small><em>Species Clause:</em> Limit one of each Pokémon</small></div><div class=""><small><em>HP Percentage Mod:</em> HP is shown in percentages</small></div><div class=""><small><em>Sleep Clause Mod:</em> Limit one foe put to sleep</small></div><div class=""><small><em>Freeze Clause Mod:</em> Limit one foe frozen</small></div><div class="chat"><img src="https://www.smogon.com/forums/attachments/banner_2-png.302358/" height="65" width="381"></div><div class="spacer battle-history"><br></div><div class="battle-history"><small>Welcome to Megas for All!</small><br></div><div class="battle-history"><small>This is a National Dex-based format where we aim to give a new Mega Evolution to every Pokémon.</small><br></div><div class="battle-history"><small>Just like any official format, you can still only Mega Evolve one Pokémon per team!</small><br></div><div class="battle-history"><small>You can find our thread and metagame resources here:</small><br></div><div class="battle-history"><small>https://www.smogon.com/forums/threads/3671140/</small><br></div><div class="battle-history"><small>Your Mega Evolution this match is:</small><br></div><div class="battle-history"><small>(Archeops-Mega (Rock/Flying); Ability: Second Wind (While this Pokémon has more than 1/2 of its max HP, its Attack and Sp. Atk are halved.); Stats: 75 HP / 190 Atk / 65 Def / 127 SpA / 65 SpD / 145 Spe;)</small><br></div><div class="battle-history"><small>Use the command /dt for more information!</small><br></div><div class="spacer battle-history"><br></div><div class="battle-history">Battle started between inkbug1 and BotwNerd745!<br></div><div class="spacer battle-history"><br></div><div class="battle-history">Go! <strong>Archeops</strong>!<br></div><div class="spacer battle-history"><br></div><div class="battle-history">BotwNerd745 sent out <strong>Masquerain</strong>!<br></div><div class="battle-history">[The opposing Masquerain's Intimidate]<br></div><div class="battle-history"><small>Archeops's Attack fell!</small><br></div><div class="spacer battle-history"><br></div><h2 class="battle-history">Turn 1</h2><div class="chat chatmessage-inkbug1 mine"><strong style="color:#e46e0f"><small>☆</small><span class="username" data-name="inkbug1">inkbug1</span>:</strong> <em>oh poggers</em></div><div class="spacer battle-history"><br></div><div class="battle-history">Archeops used <strong>Stone Edge</strong>!<br></div><div class="battle-history"><small>The opposing Masquerain avoided the attack!</small><br></div><div class="spacer battle-history"><br></div><div class="battle-history">The opposing Masquerain used <strong>Hydro Pump</strong>!<br></div><div class="battle-history"><small>It's super effective!</small><br></div><div class="battle-history"><small>(Archeops lost <abbr title="−214/263">81.4%</abbr> of its health!)</small><br></div><div class="spacer battle-history"><br></div><h2 class="battle-history">Turn 2</h2><div class="chat chatmessage-inkbug1 mine"><strong style="color:#e46e0f"><small>☆</small><span class="username" data-name="inkbug1">inkbug1</span>:</strong> <em>unpoggers</em></div><div class="spacer battle-history"><br></div><div class="battle-history"><small>Archeops's Archeonite is reacting to the Key Stone!</small><br>Archeops has Mega Evolved into Mega Archeops!<br></div><div class="chat"><ul class="utilichart"><li class="result"><span class="col pokemonnamecol" style="white-space: nowrap">Archeops-Mega</span> <span class="col typecol"><img src="https://play.pokemonshowdown.com/sprites/types/Rock.png" alt="Rock" height="14" width="32"><img src="https://play.pokemonshowdown.com/sprites/types/Flying.png" alt="Flying" height="14" width="32"></span> <span style="float: left ; min-height: 26px"><span class="col abilitycol">Second Wind</span><span class="col abilitycol"></span></span><span style="float: left ; min-height: 26px"><span class="col statcol"><em>HP</em><br>75</span> <span class="col statcol"><em>Atk</em><br>190</span> <span class="col statcol"><em>Def</em><br>65</span> <span class="col statcol"><em>SpA</em><br>127</span> <span class="col statcol"><em>SpD</em><br>65</span> <span class="col statcol"><em>Spe</em><br>145</span> </span></li><li style="clear: both"></li></ul></div><div class="spacer battle-history"><br></div><div class="battle-history">Archeops used <strong>Stone Edge</strong>!<br></div><div class="battle-history"><small>It's super effective!</small><br></div><div class="battle-history"><small>(The opposing Masquerain lost 100% of its health!)</small><br></div><div class="spacer battle-history"><br></div><div class="battle-history">The opposing Masquerain fainted!<br></div><div class="spacer battle-history"><br></div><div class="battle-history">BotwNerd745 sent out <strong>Blastoise</strong>!<br></div><div class="spacer battle-history"><br></div><h2 class="battle-history">Turn 3</h2><div class="spacer battle-history"><br></div><div class="battle-history">Archeops used <strong>U-turn</strong>!<br></div><div class="battle-history"><small>(The opposing Blastoise lost 17% of its health!)</small><br></div><div class="spacer battle-history"><br></div><div class="battle-history">Archeops went back to inkbug1!<br></div><div class="battle-history">Go! <strong>Lurantis</strong>!<br></div><div class="spacer battle-history"><br></div><div class="battle-history">The opposing Blastoise used <strong>Hydro Pump</strong>!<br></div><div class="battle-history"><small>It's not very effective...</small><br></div><div class="battle-history"><small>(Lurantis lost <abbr title="−33/266">12.4%</abbr> of its health!)</small><br></div><div class="spacer battle-history"><br></div><h2 class="battle-history">Turn 4</h2><div class="spacer battle-history"><br></div><div class="battle-history">The opposing Blastoise used <strong>Shell Smash</strong>!<br></div><div class="battle-history"><small>The opposing Blastoise's Defense fell!</small><br></div><div class="battle-history"><small>The opposing Blastoise's Sp. Def fell!</small><br></div><div class="battle-history"><small>The opposing Blastoise's Attack rose sharply!</small><br></div><div class="battle-history"><small>The opposing Blastoise's Sp. Atk rose sharply!</small><br></div><div class="battle-history"><small>The opposing Blastoise's Speed rose sharply!</small><br></div><div class="battle-history"><small>The opposing Blastoise returned its stats to normal using its White Herb!</small><br></div><div class="spacer battle-history"><br></div><div class="battle-history">Lurantis used <strong>Leaf Storm</strong>!<br></div><div class="battle-history"><small>It's super effective!</small><br></div><div class="battle-history"><small>(The opposing Blastoise lost 81% of its health!)</small><br></div><div class="battle-history"><small>Lurantis's Sp. Atk rose sharply!</small><br></div><div class="spacer battle-history"><br></div><h2 class="battle-history">Turn 5</h2><div class="spacer battle-history"><br></div><div class="battle-history">The opposing Blastoise used <strong>Ice Beam</strong>!<br></div><div class="battle-history"><small>It's super effective!</small><br></div><div class="battle-history"><small>(Lurantis lost <abbr title="−146/266">54.9%</abbr> of its health!)</small><br></div><div class="spacer battle-history"><br></div><div class="battle-history">Lurantis used <strong>Superpower</strong>!<br></div><div class="battle-history"><small>(The opposing Blastoise lost 2% of its health!)</small><br></div><div class="battle-history"><small>Lurantis's Attack rose!</small><br></div><div class="battle-history"><small>Lurantis's Defense rose!</small><br></div><div class="spacer battle-history"><br></div><div class="battle-history">The opposing Blastoise fainted!<br></div><div class="spacer battle-history"><br></div><div class="battle-history">BotwNerd745 sent out <strong>Staraptor</strong>!<br></div><div class="battle-history">[The opposing Staraptor's Intimidate]<br></div><div class="battle-history"><small>Lurantis's Attack rose!</small><br></div><div class="spacer battle-history"><br></div><h2 class="battle-history">Turn 6</h2><div class="spacer battle-history"><br></div><div class="battle-history">The opposing Staraptor used <strong>U-turn</strong>!<br></div><div class="battle-history"><small>It's super effective!</small><br></div><div class="battle-history"><small>(Lurantis lost <abbr title="−87/266">32.7%</abbr> of its health!)</small><br></div><div class="spacer battle-history"><br></div><div class="battle-history">Lurantis fainted!<br></div><div class="chat chatmessage-inkbug1 mine"><strong style="color:#e46e0f"><small>☆</small><span class="username" data-name="inkbug1">inkbug1</span>:</strong> <em>thats fair</em></div><div class="spacer battle-history"><br></div><div class="battle-history">The opposing Staraptor went back to BotwNerd745!<br></div><div class="battle-history">BotwNerd745 sent out <strong>Ferrothorn</strong>!<br></div><div class="spacer battle-history"><br></div><div class="battle-history">Go! <strong>Chesnaught</strong>!<br></div><div class="spacer battle-history"><br></div><h2 class="battle-history">Turn 7</h2><div class="spacer battle-history"><br></div><div class="battle-history">Chesnaught used <strong>Drain Punch</strong>!<br></div><div class="battle-history"><small>It's super effective!</small><br></div><div class="battle-history"><small>(The opposing Ferrothorn lost 50% of its health!)</small><br></div><div class="battle-history">[The opposing Ferrothorn's Iron Barbs]<br><small>Chesnaught was hurt!</small><br></div><div class="spacer battle-history"><br></div><div class="battle-history">The opposing Ferrothorn used <strong>Knock Off</strong>!<br></div><div class="battle-history"><small>It's not very effective...</small><br></div><div class="battle-history"><small>(Chesnaught lost <abbr title="−27/278">9.7%</abbr> of its health!)</small><br></div><div class="battle-history"><small>The opposing Ferrothorn knocked off Chesnaught's Leftovers!</small><br></div><div class="spacer battle-history"><br></div><div class="battle-history"><small>The opposing Ferrothorn restored a little HP using its Leftovers!</small><br></div><div class="spacer battle-history"><br></div><h2 class="battle-history">Turn 8</h2><div class="spacer battle-history"><br></div><div class="battle-history">The opposing Ferrothorn used <strong>Protect</strong>!<br></div><div class="battle-history"><small>The opposing Ferrothorn protected itself!</small><br></div><div class="spacer battle-history"><br></div><div class="battle-history">Chesnaught used <strong>Drain Punch</strong>!<br></div><div class="battle-history"><small>The opposing Ferrothorn protected itself!</small><br></div><div class="spacer battle-history"><br></div><div class="battle-history"><small>The opposing Ferrothorn restored a little HP using its Leftovers!</small><br></div><div class="spacer battle-history"><br></div><h2 class="battle-history">Turn 9</h2><div class="spacer battle-history"><br></div><div class="battle-history">Chesnaught used <strong>Drain Punch</strong>!<br></div><div class="battle-history"><small>It's super effective!</small><br></div><div class="battle-history"><small>(The opposing Ferrothorn lost 48% of its health!)</small><br></div><div class="battle-history"><small>The opposing Ferrothorn had its energy drained!</small><br></div><div class="battle-history">[The opposing Ferrothorn's Iron Barbs]<br><small>Chesnaught was hurt!</small><br></div><div class="spacer battle-history"><br></div><div class="battle-history">The opposing Ferrothorn used <strong>Leech Seed</strong>!<br></div><div class="battle-history"><small>It doesn't affect Chesnaught...</small><br></div><div class="spacer battle-history"><br></div><div class="battle-history"><small>The opposing Ferrothorn restored a little HP using its Leftovers!</small><br></div><div class="spacer battle-history"><br></div><h2 class="battle-history">Turn 10</h2><div class="chat chatmessage-botwnerd745"><strong style="color:#9835de"><small>☆</small><span class="username" data-name="BotwNerd745">BotwNerd745</span>:</strong> <em>oop</em></div><div class="spacer battle-history"><br></div><div class="battle-history">The opposing Ferrothorn used <strong>Protect</strong>!<br></div><div class="battle-history"><small>The opposing Ferrothorn protected itself!</small><br></div><div class="spacer battle-history"><br></div><div class="battle-history">Chesnaught used <strong>Drain Punch</strong>!<br></div><div class="battle-history"><small>The opposing Ferrothorn protected itself!</small><br></div><div class="spacer battle-history"><br></div><div class="battle-history"><small>The opposing Ferrothorn restored a little HP using its Leftovers!</small><br></div><div class="spacer battle-history"><br></div><h2 class="battle-history">Turn 11</h2><div class="spacer battle-history"><br></div><div class="battle-history">Chesnaught used <strong>Drain Punch</strong>!<br></div><div class="battle-history"><small>It's super effective!</small><br></div><div class="battle-history"><small>(The opposing Ferrothorn lost 26% of its health!)</small><br></div><div class="battle-history"><small>The opposing Ferrothorn had its energy drained!</small><br></div><div class="battle-history">[The opposing Ferrothorn's Iron Barbs]<br><small>Chesnaught was hurt!</small><br></div><div class="spacer battle-history"><br></div><div class="battle-history">The opposing Ferrothorn fainted!<br></div><div class="spacer battle-history"><br></div><div class="battle-history">BotwNerd745 sent out <strong>Staraptor</strong>!<br></div><div class="battle-history">[The opposing Staraptor's Intimidate]<br></div><div class="battle-history"><small>Chesnaught's Attack fell!</small><br></div><div class="spacer battle-history"><br></div><h2 class="battle-history">Turn 12</h2><div class="spacer battle-history"><br></div><div class="battle-history">Chesnaught, come back!<br></div><div class="battle-history">Go! <strong>Slowking</strong>!<br></div><div class="spacer battle-history"><br></div><div class="battle-history">The opposing Staraptor used <strong>Brave Bird</strong>!<br></div><div class="battle-history"><small>(Slowking lost <abbr title="−238/304">78.3%</abbr> of its health!)</small><br></div><div class="battle-history"><small>The opposing Staraptor was damaged by the recoil!</small><br></div><div class="spacer battle-history"><br></div><div class="battle-history"><small>Slowking restored a little HP using its Leftovers!</small><br></div><div class="spacer battle-history"><br></div><h2 class="battle-history">Turn 13</h2><div class="chat chatmessage-inkbug1 mine"><strong style="color:#e46e0f"><small>☆</small><span class="username" data-name="inkbug1">inkbug1</span>:</strong> <em>o w</em></div><div class="spacer battle-history"><br></div><div class="battle-history">The opposing Staraptor used <strong>Brave Bird</strong>!<br></div><div class="battle-history"><small>(Slowking lost <abbr title="−85/304">28.0%</abbr> of its health!)</small><br></div><div class="battle-history"><small>The opposing Staraptor was damaged by the recoil!</small><br></div><div class="spacer battle-history"><br></div><div class="battle-history">Slowking fainted!<br></div><div class="spacer battle-history"><br></div><div class="battle-history">Go! Archeops (<strong>Archeops-Mega</strong>)!<br></div><div class="spacer battle-history"><br></div><h2 class="battle-history">Turn 14</h2><div class="spacer battle-history"><br></div><div class="battle-history">Archeops used <strong>Dual Wingbeat</strong>!<br></div><div class="battle-history"><small>(The opposing Staraptor lost 32% of its health!)</small><br></div><div class="battle-history"><small>(The opposing Staraptor lost 29% of its health!)</small><br></div><div class="battle-history"><small>The Pokémon was hit 2 times!</small><br></div><div class="spacer battle-history"><br></div><div class="battle-history">The opposing Staraptor fainted!<br></div><div class="spacer battle-history"><br></div><div class="battle-history">BotwNerd745 sent out Lycanroc (<strong>Lycanroc-Midnight</strong>)!<br></div><div class="spacer battle-history"><br></div><h2 class="battle-history">Turn 15</h2><div class="spacer battle-history"><br></div><div class="battle-history">Archeops, come back!<br></div><div class="battle-history">Go! <strong>Chesnaught</strong>!<br></div><div class="spacer battle-history"><br></div><div class="battle-history"><small>The opposing Lycanroc's Lycanite is reacting to the Key Stone!</small><br>The opposing Lycanroc has Mega Evolved into Mega Lycanroc!<br></div><div class="chat"><ul class="utilichart"><li class="result"><span class="col pokemonnamecol" style="white-space: nowrap">Lycanroc-Midnight-Mega</span> <span class="col typecol"><img src="https://play.pokemonshowdown.com/sprites/types/Rock.png" alt="Rock" height="14" width="32"><img src="https://play.pokemonshowdown.com/sprites/types/Dark.png" alt="Dark" height="14" width="32"></span> <span style="float: left ; min-height: 26px"><span class="col abilitycol">Reckless</span><span class="col abilitycol"></span></span><span style="float: left ; min-height: 26px"><span class="col statcol"><em>HP</em><br>85</span> <span class="col statcol"><em>Atk</em><br>155</span> <span class="col statcol"><em>Def</em><br>115</span> <span class="col statcol"><em>SpA</em><br>65</span> <span class="col statcol"><em>SpD</em><br>75</span> <span class="col statcol"><em>Spe</em><br>92</span> </span></li><li style="clear: both"></li></ul></div><div class="spacer battle-history"><br></div><div class="battle-history">The opposing Lycanroc used <strong>Sucker Punch</strong>!<br></div><div class="battle-history"><small>But it failed!</small><br></div><div class="spacer battle-history"><br></div><h2 class="battle-history">Turn 16</h2><div class="spacer battle-history"><br></div><div class="battle-history">The opposing Lycanroc used <strong>Fire Punch</strong>!<br></div><div class="battle-history"><small>It's super effective!</small><br></div><div class="battle-history"><small>(Chesnaught lost <abbr title="−122/278">43.9%</abbr> of its health!)</small><br></div><div class="spacer battle-history"><br></div><div class="battle-history">Chesnaught used <strong>Drain Punch</strong>!<br></div><div class="battle-history"><small>It's super effective!</small><br></div><div class="battle-history"><small>(The opposing Lycanroc lost 87% of its health!)</small><br></div><div class="battle-history"><small>The opposing Lycanroc had its energy drained!</small><br></div><div class="spacer battle-history"><br></div><h2 class="battle-history">Turn 17</h2><div class="spacer battle-history"><br></div><div class="battle-history">BotwNerd745 withdrew Lycanroc!<br></div><div class="battle-history">BotwNerd745 sent out Deoxys (<strong>Deoxys-Attack</strong>)!<br></div><div class="battle-history">[The opposing Deoxys's Pressure]<br><small>The opposing Deoxys is exerting its pressure!</small><br></div><div class="spacer battle-history"><br></div><div class="battle-history">Chesnaught used <strong>Drain Punch</strong>!<br></div><div class="battle-history"><small>It's not very effective...</small><br></div><div class="battle-history"><small>(The opposing Deoxys lost 49% of its health!)</small><br></div><div class="battle-history"><small>The opposing Deoxys had its energy drained!</small><br></div><div class="spacer battle-history"><br></div><h2 class="battle-history">Turn 18</h2><div class="chat chatmessage-inkbug1 mine"><strong style="color:#e46e0f"><small>☆</small><span class="username" data-name="inkbug1">inkbug1</span>:</strong> <em>skdfh </em></div><div class="chat chatmessage-inkbug1 mine"><strong style="color:#e46e0f"><small>☆</small><span class="username" data-name="inkbug1">inkbug1</span>:</strong> <em>deoxys is so frail</em></div><div class="chat chatmessage-inkbug1 mine"><strong style="color:#e46e0f"><small>☆</small><span class="username" data-name="inkbug1">inkbug1</span>:</strong> <em>im always surprised </em></div><div class="spacer battle-history"><br></div><div class="battle-history">Chesnaught, come back!<br></div><div class="battle-history">Go! <strong>Dugtrio</strong>!<br></div><div class="spacer battle-history"><br></div><div class="battle-history">The opposing Deoxys used <strong>Psycho Boost</strong>!<br></div><div class="battle-history"><small>Dugtrio avoided the attack!</small><br></div><div class="spacer battle-history"><br></div><h2 class="battle-history">Turn 19</h2><div class="chat chatmessage-inkbug1 mine"><strong style="color:#e46e0f"><small>☆</small><span class="username" data-name="inkbug1">inkbug1</span>:</strong> <em>oh no im sory</em></div><div class="spacer battle-history"><br></div><div class="battle-history">Dugtrio used <strong>Sucker Punch</strong>!<br></div><div class="battle-history"><small>It's super effective!</small><br></div><div class="battle-history"><small>(The opposing Deoxys lost 51% of its health!)</small><br></div><div class="spacer battle-history"><br></div><div class="battle-history">The opposing Deoxys fainted!<br></div><div class="spacer battle-history"><br></div><div class="battle-history">BotwNerd745 sent out Lycanroc (<strong>Lycanroc-Midnight-Mega</strong>)!<br></div><div class="spacer battle-history"><br></div><h2 class="battle-history">Turn 20</h2><div class="spacer battle-history"><br></div><div class="battle-history">The opposing Lycanroc used <strong>Sucker Punch</strong>!<br></div><div class="battle-history"><small>A critical hit!</small><br></div><div class="battle-history"><small>(Dugtrio lost <abbr title="−191/191">100%</abbr> of its health!)</small><br></div><div class="spacer battle-history"><br></div><div class="battle-history">Dugtrio fainted!<br></div><div class="spacer battle-history"><br></div><div class="battle-history">Go! <strong>Chesnaught</strong>!<br></div><div class="spacer battle-history"><br></div><h2 class="battle-history">Turn 21</h2><div class="spacer battle-history"><br></div><div class="battle-history">The opposing Lycanroc used <strong>Fire Punch</strong>!<br></div><div class="battle-history"><small>It's super effective!</small><br></div><div class="battle-history"><small>(Chesnaught lost <abbr title="−120/278">43.2%</abbr> of its health!)</small><br></div><div class="spacer battle-history"><br></div><div class="battle-history">Chesnaught used <strong>Drain Punch</strong>!<br></div><div class="battle-history"><small>It's super effective!</small><br></div><div class="battle-history"><small>(The opposing Lycanroc lost 13% of its health!)</small><br></div><div class="battle-history"><small>The opposing Lycanroc had its energy drained!</small><br></div><div class="spacer battle-history"><br></div><div class="battle-history">The opposing Lycanroc fainted!<br></div><div class="spacer battle-history"><br></div><div class="battle-history"><strong>inkbug1</strong> won the battle!<br></div><div class="chat chatmessage-inkbug1 mine"><strong style="color:#e46e0f"><small>☆</small><span class="username" data-name="inkbug1">inkbug1</span>:</strong> <em>gg!! </em></div><div class="chat chatmessage-botwnerd745"><strong style="color:#9835de"><small>☆</small><span class="username" data-name="BotwNerd745">BotwNerd745</span>:</strong> <em>gg</em></div></div><div class="inner-preempt message-log"></div></div></div>
</div>
<script>
let daily = Math.floor(Date.now()/1000/60/60/24);document.write('<script src="https://dragonheaven.herokuapp.com/js/replay-embed.js?version'+daily+'"></'+'script>');
</script>
