<!DOCTYPE html>
<meta charset="utf-8" />
<!-- version 1 -->
<title>[Gen 8] M4A Monotype replay: BotwNerd745 vs. okispokisSUB</title>
<style>
html,body {font-family:Verdana, sans-serif;font-size:10pt;margin:0;padding:0;}body{padding:12px 0;} .battle-log {font-family:Verdana, sans-serif;font-size:10pt;} .battle-log-inline {border:1px solid #AAAAAA;background:#EEF2F5;color:black;max-width:640px;margin:0 auto 80px;padding-bottom:5px;} .battle-log .inner {padding:4px 8px 0px 8px;} .battle-log .inner-preempt {padding:0 8px 4px 8px;} .battle-log .inner-after {margin-top:0.5em;} .battle-log h2 {margin:0.5em -8px;padding:4px 8px;border:1px solid #AAAAAA;background:#E0E7EA;border-left:0;border-right:0;font-family:Verdana, sans-serif;font-size:13pt;} .battle-log .chat {vertical-align:middle;padding:3px 0 3px 0;font-size:8pt;} .battle-log .chat strong {color:#40576A;} .battle-log .chat em {padding:1px 4px 1px 3px;color:#000000;font-style:normal;} .chat.mine {background:rgba(0,0,0,0.05);margin-left:-8px;margin-right:-8px;padding-left:8px;padding-right:8px;} .spoiler {color:#BBBBBB;background:#BBBBBB;padding:0px 3px;} .spoiler:hover, .spoiler:active, .spoiler-shown {color:#000000;background:#E2E2E2;padding:0px 3px;} .spoiler a {color:#BBBBBB;} .spoiler:hover a, .spoiler:active a, .spoiler-shown a {color:#2288CC;} .chat code, .chat .spoiler:hover code, .chat .spoiler:active code, .chat .spoiler-shown code {border:1px solid #C0C0C0;background:#EEEEEE;color:black;padding:0 2px;} .chat .spoiler code {border:1px solid #CCCCCC;background:#CCCCCC;color:#CCCCCC;} .battle-log .rated {padding:3px 4px;} .battle-log .rated strong {color:white;background:#89A;padding:1px 4px;border-radius:4px;} .spacer {margin-top:0.5em;} .message-announce {background:#6688AA;color:white;padding:1px 4px 2px;} .message-announce a, .broadcast-green a, .broadcast-blue a, .broadcast-red a {color:#DDEEFF;} .broadcast-green {background-color:#559955;color:white;padding:2px 4px;} .broadcast-blue {background-color:#6688AA;color:white;padding:2px 4px;} .infobox {border:1px solid #6688AA;padding:2px 4px;} .infobox-limited {max-height:200px;overflow:auto;overflow-x:hidden;} .broadcast-red {background-color:#AA5544;color:white;padding:2px 4px;} .message-learn-canlearn {font-weight:bold;color:#228822;text-decoration:underline;} .message-learn-cannotlearn {font-weight:bold;color:#CC2222;text-decoration:underline;} .message-effect-weak {font-weight:bold;color:#CC2222;} .message-effect-resist {font-weight:bold;color:#6688AA;} .message-effect-immune {font-weight:bold;color:#666666;} .message-learn-list {margin-top:0;margin-bottom:0;} .message-throttle-notice, .message-error {color:#992222;} .message-overflow, .chat small.message-overflow {font-size:0pt;} .message-overflow::before {font-size:9pt;content:'...';} .subtle {color:#3A4A66;}
</style>
<div class="wrapper replay-wrapper" style="max-width:1180px;margin:0 auto">
<input type="hidden" name="replayid" value="dragonheaven-gen8m4amonotype-922" />
<div class="battle"></div><div class="battle-log"></div><div class="replay-controls"></div><div class="replay-controls-2"></div>
<h1 style="font-weight:normal;text-align:center"><strong>[Gen 8] M4A Monotype</strong><br /><a href="http://pokemonshowdown.com/users/botwnerd745" class="subtle" target="_blank">BotwNerd745</a> vs. <a href="http://pokemonshowdown.com/users/okispokissub" class="subtle" target="_blank">okispokisSUB</a></h1>
<script type="text/plain" class="battle-log-data">|j|☆BotwNerd745
|j|☆okispokisSUB
|t:|1609285483
|player|p1|BotwNerd745|hilda-dueldisk|
|player|p2|okispokisSUB|2|
|teamsize|p1|6
|teamsize|p2|6
|gametype|singles
|gen|8
|tier|[Gen 8] M4A Monotype
|rule|Same Type Clause: Pokémon in a team must share a type
|clearpoke
|poke|p1|Inteleon, M|
|poke|p1|Araquanid, M|
|poke|p1|Rotom-Wash|
|poke|p1|Primarina, F|
|poke|p1|Pelipper, F|
|poke|p1|Gastrodon, F|
|poke|p2|Drapion, M|
|poke|p2|Weezing-Galar, M|
|poke|p2|Toxapex, F|
|poke|p2|Nidoking, M|
|poke|p2|Amoonguss, M|
|poke|p2|Scolipede, F|
|rule|HP Percentage Mod: HP is shown in percentages
|rule|Endless Battle Clause: Forcing endless battles is banned
|rule|OHKO Clause: OHKO moves are banned
|rule|Evasion Moves Clause: Evasion moves are banned
|rule|Species Clause: Limit one of each Pokémon
|rule|Dynamax Clause: You cannot dynamax
|rule|Sleep Clause Mod: Limit one foe put to sleep
|rule|Freeze Clause Mod: Limit one foe frozen
|teampreview
|c|☆okispokisSUB|sorry. glhf
|
|t:|1609285503
|start
|switch|p1a: E-liter|Inteleon, M|100\/100
|switch|p2a: You Hate It|Toxapex, F, shiny|100\/100
|turn|1
|c|☆BotwNerd745|it’s ok, that happened to me so many times
|
|t:|1609285521
|detailschange|p1a: E-liter|Inteleon-Mega, M
|-mega|p1a: E-liter|Inteleon|Inteleonite
|-start|p1a: E-liter|typechange|Water\/Bug|[silent]
|raw|<ul class="utilichart"><li class="result"><span class="col pokemonnamecol" style="white-space: nowrap">Inteleon-Mega<\/span> <span class="col typecol"><img src="https:\/\/play.pokemonshowdown.com\/sprites\/types\/Water.png" alt="Water" height="14" width="32"><img src="https:\/\/play.pokemonshowdown.com\/sprites\/types\/Bug.png" alt="Bug" height="14" width="32"><\/span> <span style="float: left ; min-height: 26px"><span class="col abilitycol">Illusion<\/span><span class="col abilitycol"><\/span><\/span><span style="float: left ; min-height: 26px"><span class="col statcol"><em>HP<\/em><br>70<\/span> <span class="col statcol"><em>Atk<\/em><br>145<\/span> <span class="col statcol"><em>Def<\/em><br>102<\/span> <span class="col statcol"><em>SpA<\/em><br>85<\/span> <span class="col statcol"><em>SpD<\/em><br>102<\/span> <span class="col statcol"><em>Spe<\/em><br>126<\/span> <\/span><\/li><li style="clear: both"><\/li><\/ul>
|move|p1a: E-liter|U-turn|p2a: You Hate It
|-resisted|p2a: You Hate It
|-damage|p2a: You Hate It|89\/100
|
|t:|1609285525
|switch|p1a: Araquanid|Araquanid, M|100\/100|[from]move: U-turn
|move|p2a: You Hate It|Scald|p1a: Araquanid
|-resisted|p1a: Araquanid
|-damage|p1a: Araquanid|95\/100
|
|-heal|p2a: You Hate It|95\/100|[from] item: Black Sludge
|upkeep
|turn|2
|
|t:|1609285538
|switch|p1a: Rotom|Rotom-Wash|100\/100
|switch|p2a: I Hate It|Amoonguss, M, shiny|100\/100
|
|upkeep
|turn|3
|
|t:|1609285545
|move|p1a: Rotom|Volt Switch|p2a: I Hate It
|-resisted|p2a: I Hate It
|-damage|p2a: I Hate It|85\/100
|j| inkbug1

|j| BlaueBrause
|
|t:|1609285573
|switch|p1a: Gastrodon|Gastrodon, F|100\/100|[from]move: Volt Switch
|move|p2a: I Hate It|Giga Drain|p1a: Gastrodon
|-damage|p1a: Gastrodon|60\/100
|-heal|p2a: I Hate It|98\/100|[from] drain|[of] p1a: Gastrodon
|replace|p1a: E-liter|Inteleon-Mega, M
|-end|p1a: E-liter|Illusion
|-start|p1a: E-liter|typechange|Water\/Bug|[silent]
|
|upkeep
|turn|4
|
|t:|1609285589
|move|p1a: E-liter|First Impression|p2a: I Hate It
|-damage|p2a: I Hate It|44\/100
|-damage|p1a: E-liter|43\/100|[from] item: Rocky Helmet|[of] p2a: I Hate It
|move|p2a: I Hate It|Foul Play|p1a: E-liter
|-damage|p1a: E-liter|0 fnt
|-start|p1a: E-liter|typechange|Water\/Bug|[silent]
|faint|p1a: E-liter
|
|upkeep
|
|t:|1609285600
|switch|p1a: Pelipper|Pelipper, F|100\/100
|-weather|RainDance|[from] ability: Drizzle|[of] p1a: Pelipper
|turn|5
|
|t:|1609285610
|switch|p2a: You Hate It|Toxapex, F, shiny|100\/100
|move|p1a: Pelipper|Hurricane|p2a: You Hate It
|-damage|p2a: You Hate It|70\/100
|
|-weather|RainDance|[upkeep]
|-heal|p2a: You Hate It|76\/100|[from] item: Black Sludge
|upkeep
|turn|6
|
|t:|1609285624
|move|p1a: Pelipper|Hurricane|p2a: You Hate It
|-damage|p2a: You Hate It|45\/100
|move|p2a: You Hate It|Scald|p1a: Pelipper
|-resisted|p1a: Pelipper
|-damage|p1a: Pelipper|82\/100
|
|-weather|RainDance|[upkeep]
|-heal|p2a: You Hate It|51\/100|[from] item: Black Sludge
|upkeep
|turn|7
|
|t:|1609285636
|switch|p1a: Rotom|Rotom-Wash|100\/100
|move|p2a: You Hate It|Recover|p2a: You Hate It
|-heal|p2a: You Hate It|100\/100
|
|-weather|RainDance|[upkeep]
|upkeep
|turn|8
|
|t:|1609285643
|switch|p2a: I Hate It|Amoonguss, M, shiny|77\/100
|move|p1a: Rotom|Thunderbolt|p2a: I Hate It
|-resisted|p2a: I Hate It
|-damage|p2a: I Hate It|58\/100
|
|-weather|RainDance|[upkeep]
|upkeep
|turn|9
|
|t:|1609285655
|move|p1a: Rotom|Volt Switch|p2a: I Hate It
|-resisted|p2a: I Hate It
|-damage|p2a: I Hate It|44\/100
|
|t:|1609285658
|switch|p1a: Araquanid|Araquanid, M|95\/100|[from]move: Volt Switch
|move|p2a: I Hate It|Giga Drain|p1a: Araquanid
|-damage|p1a: Araquanid|77\/100
|-heal|p2a: I Hate It|51\/100|[from] drain|[of] p1a: Araquanid
|
|-weather|none
|upkeep
|turn|10
|
|t:|1609285670
|switch|p2a: You Hate It|Toxapex, F, shiny|100\/100
|move|p1a: Araquanid|Sticky Web|p2a: You Hate It
|-sidestart|p2: okispokisSUB|move: Sticky Web
|
|upkeep
|turn|11
|
|t:|1609285688
|switch|p1a: Rotom|Rotom-Wash|100\/100
|switch|p2a: I Hate It|Amoonguss, M, shiny|85\/100
|-activate|p2a: I Hate It|move: Sticky Web
|-unboost|p2a: I Hate It|spe|1
|
|upkeep
|turn|12
|
|t:|1609285699
|move|p1a: Rotom|Volt Switch|p2a: I Hate It
|-resisted|p2a: I Hate It
|-damage|p2a: I Hate It|69\/100
|
|t:|1609285703
|switch|p1a: Araquanid|Araquanid, M|77\/100|[from]move: Volt Switch
|move|p2a: I Hate It|Sludge Bomb|p1a: Araquanid
|-damage|p1a: Araquanid|53\/100
|
|upkeep
|turn|13
|
|t:|1609285713
|move|p1a: Araquanid|Liquidation|p2a: I Hate It
|-resisted|p2a: I Hate It
|-damage|p2a: I Hate It|47\/100
|-damage|p1a: Araquanid|36\/100|[from] item: Rocky Helmet|[of] p2a: I Hate It
|move|p2a: I Hate It|Sludge Bomb|p1a: Araquanid
|-damage|p1a: Araquanid|11\/100
|
|upkeep
|turn|14
|
|t:|1609285727
|switch|p1a: Pelipper|Pelipper, F|82\/100
|-weather|RainDance|[from] ability: Drizzle|[of] p1a: Pelipper
|move|p2a: I Hate It|Giga Drain|p1a: Pelipper
|-damage|p1a: Pelipper|35\/100
|-heal|p2a: I Hate It|65\/100|[from] drain|[of] p1a: Pelipper
|
|-weather|RainDance|[upkeep]
|upkeep
|turn|15
|
|t:|1609285739
|switch|p2a: You Hate It|Toxapex, F, shiny|100\/100
|-activate|p2a: You Hate It|move: Sticky Web
|-unboost|p2a: You Hate It|spe|1
|move|p1a: Pelipper|Hurricane|p2a: You Hate It
|-damage|p2a: You Hate It|69\/100
|-start|p2a: You Hate It|confusion
|
|-weather|RainDance|[upkeep]
|-heal|p2a: You Hate It|75\/100|[from] item: Black Sludge
|upkeep
|turn|16
|
|t:|1609285754
|move|p1a: Pelipper|Roost|p1a: Pelipper
|-heal|p1a: Pelipper|85\/100
|-singleturn|p1a: Pelipper|move: Roost
|-activate|p2a: You Hate It|confusion
|move|p2a: You Hate It|Toxic Spikes|p1a: Pelipper
|-sidestart|p1: BotwNerd745|move: Toxic Spikes
|
|-weather|RainDance|[upkeep]
|-heal|p2a: You Hate It|81\/100|[from] item: Black Sludge
|upkeep
|turn|17
|
|t:|1609285768
|move|p1a: Pelipper|U-turn|p2a: You Hate It
|-resisted|p2a: You Hate It
|-damage|p2a: You Hate It|78\/100
|
|t:|1609285771
|switch|p1a: Rotom|Rotom-Wash|100\/100|[from]move: U-turn
|-end|p2a: You Hate It|confusion
|move|p2a: You Hate It|Scald|p1a: Rotom
|-resisted|p1a: Rotom
|-damage|p1a: Rotom|83\/100
|
|-weather|RainDance|[upkeep]
|-heal|p2a: You Hate It|85\/100|[from] item: Black Sludge
|upkeep
|turn|18
|
|t:|1609285781
|switch|p2a: I Hate It|Amoonguss, M, shiny|98\/100
|-activate|p2a: I Hate It|move: Sticky Web
|-unboost|p2a: I Hate It|spe|1
|move|p1a: Rotom|Thunderbolt|p2a: I Hate It
|-resisted|p2a: I Hate It
|-damage|p2a: I Hate It|81\/100
|
|-weather|none
|upkeep
|turn|19
|
|t:|1609285794
|move|p1a: Rotom|Volt Switch|p2a: I Hate It
|-resisted|p2a: I Hate It
|-damage|p2a: I Hate It|66\/100
|
|t:|1609285800
|switch|p1a: Splash|Primarina, F|100\/100|[from]move: Volt Switch
|-status|p1a: Splash|psn
|move|p2a: I Hate It|Giga Drain|p1a: Splash
|-supereffective|p1a: Splash
|-damage|p1a: Splash|46\/100 psn
|-heal|p2a: I Hate It|88\/100|[from] drain|[of] p1a: Splash
|
|-damage|p1a: Splash|34\/100 psn|[from] psn
|upkeep
|turn|20
|
|t:|1609285834
|switch|p2a: You Hate It|Toxapex, F, shiny|100\/100
|-activate|p2a: You Hate It|move: Sticky Web
|-unboost|p2a: You Hate It|spe|1
|move|p1a: Splash|Ice Beam|p2a: You Hate It
|-resisted|p2a: You Hate It
|-damage|p2a: You Hate It|86\/100
|
|-heal|p2a: You Hate It|92\/100|[from] item: Black Sludge
|-damage|p1a: Splash|21\/100 psn|[from] psn
|upkeep
|turn|21
|
|t:|1609285848
|switch|p1a: Rotom|Rotom-Wash|83\/100
|move|p2a: You Hate It|Toxic Spikes|p1a: Rotom
|-sidestart|p1: BotwNerd745|move: Toxic Spikes
|
|-heal|p2a: You Hate It|98\/100|[from] item: Black Sludge
|upkeep
|turn|22
|
|t:|1609285854
|switch|p2a: I Hate It|Amoonguss, M, shiny|100\/100
|-activate|p2a: I Hate It|move: Sticky Web
|-unboost|p2a: I Hate It|spe|1
|move|p1a: Rotom|Defog|p2a: I Hate It
|-unboost|p2a: I Hate It|evasion|1
|-sideend|p2: okispokisSUB|Sticky Web|[from] move: Defog|[of] p1a: Rotom
|-sideend|p1: BotwNerd745|Toxic Spikes|[from] move: Defog|[of] p1a: Rotom
|
|upkeep
|turn|23
|
|t:|1609285873
|move|p1a: Rotom|Volt Switch|p2a: I Hate It
|-resisted|p2a: I Hate It
|-damage|p2a: I Hate It|86\/100
|
|t:|1609285882
|switch|p1a: Pelipper|Pelipper, F|85\/100|[from]move: Volt Switch
|-weather|RainDance|[from] ability: Drizzle|[of] p1a: Pelipper
|move|p2a: I Hate It|Giga Drain|p1a: Pelipper
|-damage|p1a: Pelipper|42\/100
|-heal|p2a: I Hate It|100\/100|[from] drain|[of] p1a: Pelipper
|
|-weather|RainDance|[upkeep]
|upkeep
|turn|24
|
|t:|1609285894
|switch|p2a: You Hate It|Toxapex, F, shiny|100\/100
|move|p1a: Pelipper|Hurricane|p2a: You Hate It
|-damage|p2a: You Hate It|69\/100
|
|-weather|RainDance|[upkeep]
|-heal|p2a: You Hate It|75\/100|[from] item: Black Sludge
|upkeep
|turn|25
|
|t:|1609285906
|switch|p1a: Gastrodon|Gastrodon, F|100\/100
|move|p2a: You Hate It|Recover|p2a: You Hate It
|-heal|p2a: You Hate It|100\/100
|
|-weather|RainDance|[upkeep]
|upkeep
|turn|26
|
|t:|1609285924
|switch|p2a: Doug Dimmadome|Weezing-Galar, M|100\/100
|move|p1a: Gastrodon|Ice Beam|p2a: Doug Dimmadome
|-damage|p2a: Doug Dimmadome|74\/100
|
|-weather|RainDance|[upkeep]
|upkeep
|turn|27
|
|t:|1609285933
|move|p2a: Doug Dimmadome|Sludge Bomb|p1a: Gastrodon
|-resisted|p1a: Gastrodon
|-damage|p1a: Gastrodon|83\/100
|-status|p1a: Gastrodon|psn
|move|p1a: Gastrodon|Scald|p2a: Doug Dimmadome
|-damage|p2a: Doug Dimmadome|20\/100
|
|-weather|none
|-damage|p1a: Gastrodon|71\/100 psn|[from] psn
|upkeep
|turn|28
|
|t:|1609285944
|switch|p2a: You Hate It|Toxapex, F, shiny|100\/100
|move|p1a: Gastrodon|Ice Beam|p2a: You Hate It
|-resisted|p2a: You Hate It
|-damage|p2a: You Hate It|92\/100
|
|-heal|p2a: You Hate It|99\/100|[from] item: Black Sludge
|-damage|p1a: Gastrodon|58\/100 psn|[from] psn
|upkeep
|turn|29
|
|t:|1609285972
|switch|p2a: Sting|Scolipede, F, shiny|100\/100
|move|p1a: Gastrodon|Earth Power|p2a: Sting
|-damage|p2a: Sting|46\/100
|
|-damage|p1a: Gastrodon|46\/100 psn|[from] psn
|upkeep
|turn|30
|
|t:|1609285983
|move|p2a: Sting|Megahorn|p1a: Gastrodon
|-damage|p1a: Gastrodon|0 fnt
|faint|p1a: Gastrodon
|
|-ability|p2a: Sting|Speed Boost|boost
|-boost|p2a: Sting|spe|1
|upkeep
|
|t:|1609285989
|switch|p1a: Pelipper|Pelipper, F|42\/100
|-weather|RainDance|[from] ability: Drizzle|[of] p1a: Pelipper
|turn|31
|
|t:|1609285995
|move|p2a: Sting|Protect|p2a: Sting
|-singleturn|p2a: Sting|Protect
|move|p1a: Pelipper|Hurricane|p2a: Sting
|-activate|p2a: Sting|move: Protect
|
|-weather|RainDance|[upkeep]
|-ability|p2a: Sting|Speed Boost|boost
|-boost|p2a: Sting|spe|1
|upkeep
|turn|32
|
|t:|1609286006
|switch|p2a: You Hate It|Toxapex, F, shiny|100\/100
|move|p1a: Pelipper|Hurricane|p2a: You Hate It
|-damage|p2a: You Hate It|68\/100
|
|-weather|RainDance|[upkeep]
|-heal|p2a: You Hate It|74\/100|[from] item: Black Sludge
|upkeep
|turn|33
|
|t:|1609286017
|move|p1a: Pelipper|Roost|p1a: Pelipper
|-heal|p1a: Pelipper|92\/100
|-singleturn|p1a: Pelipper|move: Roost
|move|p2a: You Hate It|Toxic Spikes|p1a: Pelipper
|-sidestart|p1: BotwNerd745|move: Toxic Spikes
|
|-weather|RainDance|[upkeep]
|-heal|p2a: You Hate It|80\/100|[from] item: Black Sludge
|upkeep
|turn|34
|
|t:|1609286028
|move|p1a: Pelipper|Scald|p2a: You Hate It
|-resisted|p2a: You Hate It
|-damage|p2a: You Hate It|64\/100
|move|p2a: You Hate It|Recover|p2a: You Hate It
|-heal|p2a: You Hate It|100\/100
|
|-weather|RainDance|[upkeep]
|upkeep
|turn|35
|
|t:|1609286039
|move|p1a: Pelipper|Scald|p2a: You Hate It
|-resisted|p2a: You Hate It
|-damage|p2a: You Hate It|83\/100
|-status|p2a: You Hate It|brn
|move|p2a: You Hate It|Scald|p1a: Pelipper
|-resisted|p1a: Pelipper
|-damage|p1a: Pelipper|74\/100
|
|-weather|none
|-heal|p2a: You Hate It|89\/100 brn|[from] item: Black Sludge
|-damage|p2a: You Hate It|83\/100 brn|[from] brn
|upkeep
|turn|36
|
|t:|1609286062
|switch|p2a: I Hate It|Amoonguss, M, shiny|100\/100
|move|p1a: Pelipper|U-turn|p2a: I Hate It
|-damage|p2a: I Hate It|92\/100
|-damage|p1a: Pelipper|57\/100|[from] item: Rocky Helmet|[of] p2a: I Hate It
|
|t:|1609286075
|switch|p1a: Splash|Primarina, F|21\/100 psn|[from]move: U-turn
|
|-damage|p1a: Splash|9\/100 psn|[from] psn
|upkeep
|turn|37
|
|t:|1609286082
|move|p1a: Splash|Ice Beam|p2a: I Hate It
|-supereffective|p2a: I Hate It
|-damage|p2a: I Hate It|27\/100
|move|p2a: I Hate It|Giga Drain|p1a: Splash
|-supereffective|p1a: Splash
|-damage|p1a: Splash|0 fnt
|-heal|p2a: I Hate It|30\/100|[from] drain|[of] p1a: Splash
|faint|p1a: Splash
|
|upkeep
|
|t:|1609286090
|switch|p1a: Pelipper|Pelipper, F|57\/100
|-weather|RainDance|[from] ability: Drizzle|[of] p1a: Pelipper
|turn|38
|
|t:|1609286095
|switch|p2a: You Hate It|Toxapex, F, shiny|100\/100 brn
|move|p1a: Pelipper|Hurricane|p2a: You Hate It
|-damage|p2a: You Hate It|70\/100 brn
|-start|p2a: You Hate It|confusion
|
|-weather|RainDance|[upkeep]
|-heal|p2a: You Hate It|76\/100 brn|[from] item: Black Sludge
|-damage|p2a: You Hate It|70\/100 brn|[from] brn
|upkeep
|turn|39
|
|t:|1609286105
|move|p1a: Pelipper|Hurricane|p2a: You Hate It
|-damage|p2a: You Hate It|41\/100 brn
|-activate|p2a: You Hate It|confusion
|move|p2a: You Hate It|Recover|p2a: You Hate It
|-heal|p2a: You Hate It|91\/100 brn
|
|-weather|RainDance|[upkeep]
|-heal|p2a: You Hate It|98\/100 brn|[from] item: Black Sludge
|-damage|p2a: You Hate It|91\/100 brn|[from] brn
|upkeep
|turn|40
|
|t:|1609286119
|move|p1a: Pelipper|Hurricane|p2a: You Hate It
|-damage|p2a: You Hate It|63\/100 brn
|-activate|p2a: You Hate It|confusion
|move|p2a: You Hate It|Scald|p1a: Pelipper
|-resisted|p1a: Pelipper
|-damage|p1a: Pelipper|40\/100
|
|-weather|RainDance|[upkeep]
|-heal|p2a: You Hate It|69\/100 brn|[from] item: Black Sludge
|-damage|p2a: You Hate It|63\/100 brn|[from] brn
|upkeep
|turn|41
|
|t:|1609286129
|move|p1a: Pelipper|Roost|p1a: Pelipper
|-heal|p1a: Pelipper|90\/100
|-singleturn|p1a: Pelipper|move: Roost
|-activate|p2a: You Hate It|confusion
|move|p2a: You Hate It|Recover|p2a: You Hate It
|-heal|p2a: You Hate It|100\/100 brn
|
|-weather|RainDance|[upkeep]
|-damage|p2a: You Hate It|94\/100 brn|[from] brn
|upkeep
|turn|42
|
|t:|1609286141
|move|p1a: Pelipper|U-turn|p2a: You Hate It
|-resisted|p2a: You Hate It
|-damage|p2a: You Hate It|92\/100 brn
|
|t:|1609286144
|switch|p1a: Rotom|Rotom-Wash|83\/100|[from]move: U-turn
|-end|p2a: You Hate It|confusion
|move|p2a: You Hate It|Scald|p1a: Rotom
|-resisted|p1a: Rotom
|-damage|p1a: Rotom|67\/100
|
|-weather|none
|-heal|p2a: You Hate It|98\/100 brn|[from] item: Black Sludge
|-damage|p2a: You Hate It|92\/100 brn|[from] brn
|upkeep
|turn|43
|
|t:|1609286157
|switch|p2a: I Hate It|Amoonguss, M, shiny|64\/100
|move|p1a: Rotom|Thunderbolt|p2a: I Hate It
|-resisted|p2a: I Hate It
|-damage|p2a: I Hate It|45\/100
|
|upkeep
|turn|44
|
|t:|1609286164
|move|p1a: Rotom|Hydro Pump|p2a: I Hate It
|-resisted|p2a: I Hate It
|-damage|p2a: I Hate It|20\/100
|move|p2a: I Hate It|Giga Drain|p1a: Rotom
|-supereffective|p1a: Rotom
|-damage|p1a: Rotom|0 fnt
|-heal|p2a: I Hate It|39\/100|[from] drain|[of] p1a: Rotom
|faint|p1a: Rotom
|
|upkeep
|
|t:|1609286172
|switch|p1a: Araquanid|Araquanid, M|11\/100
|turn|45
|
|t:|1609286182
|move|p1a: Araquanid|Leech Life|p2a: I Hate It
|-damage|p2a: I Hate It|15\/100
|-heal|p1a: Araquanid|26\/100|[from] drain|[of] p2a: I Hate It
|-damage|p1a: Araquanid|10\/100|[from] item: Rocky Helmet|[of] p2a: I Hate It
|move|p2a: I Hate It|Giga Drain|p1a: Araquanid
|-damage|p1a: Araquanid|0 fnt
|-heal|p2a: I Hate It|19\/100|[from] drain|[of] p1a: Araquanid
|faint|p1a: Araquanid
|
|upkeep
|
|t:|1609286192
|switch|p1a: Pelipper|Pelipper, F|90\/100
|-weather|RainDance|[from] ability: Drizzle|[of] p1a: Pelipper
|turn|46
|
|t:|1609286196
|move|p1a: Pelipper|Hurricane|p2a: I Hate It
|-supereffective|p2a: I Hate It
|-damage|p2a: I Hate It|0 fnt
|faint|p2a: I Hate It
|
|-weather|RainDance|[upkeep]
|upkeep
|
|t:|1609286202
|switch|p2a: Blue|Nidoking, M, shiny|100\/100
|turn|47
|
|t:|1609286205
|move|p2a: Blue|Thunderbolt|p1a: Pelipper
|-supereffective|p1a: Pelipper
|-enditem|p1a: Pelipper|Wacan Berry|[eat]
|-enditem|p1a: Pelipper|Wacan Berry|[weaken]
|-damage|p1a: Pelipper|0 fnt
|faint|p1a: Pelipper
|
|win|okispokisSUB
|c|☆BotwNerd745|gg
|c|☆okispokisSUB|gg</script>
</div>
<div class="battle-log battle-log-inline"><div class="inner"><div class="battle-options"><div style="padding-top: 3px; padding-right: 3px; text-align: right"><button class="icon button" name="openBattleOptions" title="Options">Battle Options</button></div></div><div class="inner message-log"><div class="chat"><small>☆BotwNerd745 and ☆okispokisSUB joined</small></div><div class=""><small>Format:</small> <br><strong>[Gen 8] M4A Monotype</strong></div><div class=""><small><em>Same Type Clause:</em> Pokémon in a team must share a type</small></div><div class=""><small><em>HP Percentage Mod:</em> HP is shown in percentages</small></div><div class=""><small><em>Endless Battle Clause:</em> Forcing endless battles is banned</small></div><div class=""><small><em>OHKO Clause:</em> OHKO moves are banned</small></div><div class=""><small><em>Evasion Moves Clause:</em> Evasion moves are banned</small></div><div class=""><small><em>Species Clause:</em> Limit one of each Pokémon</small></div><div class=""><small><em>Dynamax Clause:</em> You cannot dynamax</small></div><div class=""><small><em>Sleep Clause Mod:</em> Limit one foe put to sleep</small></div><div class=""><small><em>Freeze Clause Mod:</em> Limit one foe frozen</small></div><div class="chat battle-history"><strong>BotwNerd745's team:</strong> <em style="color:#445566;display:block;">Inteleon / Araquanid / Rotom-Wash / Primarina / Pelipper / Gastrodon</em></div><div class="chat battle-history"><strong>okispokisSUB's team:</strong> <em style="color:#445566;display:block;">Drapion / Weezing-Galar / Toxapex / Nidoking / Amoonguss / Scolipede</em></div><div class="chat chatmessage-okispokissub"><strong style="color:#909622"><small>☆</small><span class="username" data-name="okispokisSUB">okispokisSUB</span>:</strong> <em>sorry. glhf</em></div><div class="spacer battle-history"><br></div><div class="battle-history">Battle started between BotwNerd745 and okispokisSUB!<br></div><div class="spacer battle-history"><br></div><div class="battle-history">Go! E-liter (<strong>Inteleon</strong>)!<br></div><div class="spacer battle-history"><br></div><div class="battle-history">okispokisSUB sent out You Hate It (<strong>Toxapex</strong>)!<br></div><div class="spacer battle-history"><br></div><h2 class="battle-history">Turn 1</h2><div class="chat chatmessage-botwnerd745"><strong style="color:#9835de"><small>☆</small><span class="username" data-name="BotwNerd745">BotwNerd745</span>:</strong> <em>it’s ok, that happened to me so many times</em></div><div class="spacer battle-history"><br></div><div class="battle-history"><small>E-liter's Inteleonite is reacting to the Key Stone!</small><br>E-liter has Mega Evolved into Mega Inteleon!<br></div><div class="chat"><ul class="utilichart"><li class="result"><span class="col pokemonnamecol" style="white-space: nowrap">Inteleon-Mega</span> <span class="col typecol"><img src="https://play.pokemonshowdown.com/sprites/types/Water.png" alt="Water" height="14" width="32"><img src="https://play.pokemonshowdown.com/sprites/types/Bug.png" alt="Bug" height="14" width="32"></span> <span style="float: left ; min-height: 26px"><span class="col abilitycol">Illusion</span><span class="col abilitycol"></span></span><span style="float: left ; min-height: 26px"><span class="col statcol"><em>HP</em><br>70</span> <span class="col statcol"><em>Atk</em><br>145</span> <span class="col statcol"><em>Def</em><br>102</span> <span class="col statcol"><em>SpA</em><br>85</span> <span class="col statcol"><em>SpD</em><br>102</span> <span class="col statcol"><em>Spe</em><br>126</span> </span></li><li style="clear: both"></li></ul></div><div class="spacer battle-history"><br></div><div class="battle-history">E-liter used <strong>U-turn</strong>!<br></div><div class="battle-history"><small>It's not very effective...</small><br></div><div class="battle-history"><small>(The opposing You Hate It lost 11% of its health!)</small><br></div><div class="spacer battle-history"><br></div><div class="battle-history">E-liter went back to BotwNerd745!<br></div><div class="battle-history">Go! <strong>Araquanid</strong>!<br></div><div class="spacer battle-history"><br></div><div class="battle-history">The opposing You Hate It used <strong>Scald</strong>!<br></div><div class="battle-history"><small>It's not very effective...</small><br></div><div class="battle-history"><small>(Araquanid lost 5% of its health!)</small><br></div><div class="spacer battle-history"><br></div><div class="battle-history"><small>The opposing You Hate It restored a little HP using its Black Sludge!</small><br></div><div class="spacer battle-history"><br></div><h2 class="battle-history">Turn 2</h2><div class="spacer battle-history"><br></div><div class="battle-history">Araquanid, come back!<br></div><div class="battle-history">Go! Rotom (<strong>Rotom-Wash</strong>)!<br></div><div class="spacer battle-history"><br></div><div class="battle-history">okispokisSUB withdrew You Hate It!<br></div><div class="battle-history">okispokisSUB sent out I Hate It (<strong>Amoonguss</strong>)!<br></div><div class="spacer battle-history"><br></div><h2 class="battle-history">Turn 3</h2><div class="spacer battle-history"><br></div><div class="battle-history">Rotom used <strong>Volt Switch</strong>!<br></div><div class="battle-history"><small>It's not very effective...</small><br></div><div class="battle-history"><small>(The opposing I Hate It lost 15% of its health!)</small><br></div><div class="chat"><small> inkbug1 and  BlaueBrause joined</small></div><div class="spacer battle-history"><br></div><div class="battle-history">Rotom went back to BotwNerd745!<br></div><div class="battle-history">Go! <strong>Gastrodon</strong>!<br></div><div class="spacer battle-history"><br></div><div class="battle-history">The opposing I Hate It used <strong>Giga Drain</strong>!<br></div><div class="battle-history"><small>(Gastrodon lost 40% of its health!)</small><br></div><div class="battle-history"><small>Gastrodon had its energy drained!</small><br></div><div class="battle-history"><small>E-liter's illusion wore off!</small><br></div><div class="spacer battle-history"><br></div><h2 class="battle-history">Turn 4</h2><div class="spacer battle-history"><br></div><div class="battle-history">E-liter used <strong>First Impression</strong>!<br></div><div class="battle-history"><small>(The opposing I Hate It lost 54% of its health!)</small><br></div><div class="battle-history"><small>E-liter was hurt by the Rocky Helmet!</small><br></div><div class="spacer battle-history"><br></div><div class="battle-history">The opposing I Hate It used <strong>Foul Play</strong>!<br></div><div class="battle-history"><small>(E-liter lost 43% of its health!)</small><br></div><div class="spacer battle-history"><br></div><div class="battle-history">E-liter fainted!<br></div><div class="spacer battle-history"><br></div><div class="battle-history">Go! <strong>Pelipper</strong>!<br></div><div class="battle-history">[Pelipper's Drizzle]<br><small>It started to rain!</small><br></div><div class="spacer battle-history"><br></div><h2 class="battle-history">Turn 5</h2><div class="spacer battle-history"><br></div><div class="battle-history">okispokisSUB withdrew I Hate It!<br></div><div class="battle-history">okispokisSUB sent out You Hate It (<strong>Toxapex</strong>)!<br></div><div class="spacer battle-history"><br></div><div class="battle-history">Pelipper used <strong>Hurricane</strong>!<br></div><div class="battle-history"><small>(The opposing You Hate It lost 30% of its health!)</small><br></div><div class="spacer battle-history"><br></div><div class="battle-history"><small>(Rain continues to fall.)</small><br></div><div class="battle-history"><small>The opposing You Hate It restored a little HP using its Black Sludge!</small><br></div><div class="spacer battle-history"><br></div><h2 class="battle-history">Turn 6</h2><div class="spacer battle-history"><br></div><div class="battle-history">Pelipper used <strong>Hurricane</strong>!<br></div><div class="battle-history"><small>(The opposing You Hate It lost 31% of its health!)</small><br></div><div class="spacer battle-history"><br></div><div class="battle-history">The opposing You Hate It used <strong>Scald</strong>!<br></div><div class="battle-history"><small>It's not very effective...</small><br></div><div class="battle-history"><small>(Pelipper lost 18% of its health!)</small><br></div><div class="spacer battle-history"><br></div><div class="battle-history"><small>(Rain continues to fall.)</small><br></div><div class="battle-history"><small>The opposing You Hate It restored a little HP using its Black Sludge!</small><br></div><div class="spacer battle-history"><br></div><h2 class="battle-history">Turn 7</h2><div class="spacer battle-history"><br></div><div class="battle-history">Pelipper, come back!<br></div><div class="battle-history">Go! Rotom (<strong>Rotom-Wash</strong>)!<br></div><div class="spacer battle-history"><br></div><div class="battle-history">The opposing You Hate It used <strong>Recover</strong>!<br></div><div class="battle-history"><small>The opposing You Hate It had its HP restored.</small><br></div><div class="spacer battle-history"><br></div><div class="battle-history"><small>(Rain continues to fall.)</small><br></div><div class="spacer battle-history"><br></div><h2 class="battle-history">Turn 8</h2><div class="spacer battle-history"><br></div><div class="battle-history">okispokisSUB withdrew You Hate It!<br></div><div class="battle-history">okispokisSUB sent out I Hate It (<strong>Amoonguss</strong>)!<br></div><div class="spacer battle-history"><br></div><div class="battle-history">Rotom used <strong>Thunderbolt</strong>!<br></div><div class="battle-history"><small>It's not very effective...</small><br></div><div class="battle-history"><small>(The opposing I Hate It lost 19% of its health!)</small><br></div><div class="spacer battle-history"><br></div><div class="battle-history"><small>(Rain continues to fall.)</small><br></div><div class="spacer battle-history"><br></div><h2 class="battle-history">Turn 9</h2><div class="spacer battle-history"><br></div><div class="battle-history">Rotom used <strong>Volt Switch</strong>!<br></div><div class="battle-history"><small>It's not very effective...</small><br></div><div class="battle-history"><small>(The opposing I Hate It lost 14% of its health!)</small><br></div><div class="spacer battle-history"><br></div><div class="battle-history">Rotom went back to BotwNerd745!<br></div><div class="battle-history">Go! <strong>Araquanid</strong>!<br></div><div class="spacer battle-history"><br></div><div class="battle-history">The opposing I Hate It used <strong>Giga Drain</strong>!<br></div><div class="battle-history"><small>(Araquanid lost 18% of its health!)</small><br></div><div class="battle-history"><small>Araquanid had its energy drained!</small><br></div><div class="spacer battle-history"><br></div><div class="battle-history"><small>The rain stopped.</small><br></div><div class="spacer battle-history"><br></div><h2 class="battle-history">Turn 10</h2><div class="spacer battle-history"><br></div><div class="battle-history">okispokisSUB withdrew I Hate It!<br></div><div class="battle-history">okispokisSUB sent out You Hate It (<strong>Toxapex</strong>)!<br></div><div class="spacer battle-history"><br></div><div class="battle-history">Araquanid used <strong>Sticky Web</strong>!<br></div><div class="battle-history"><small>A sticky web has been laid out on the ground around the opposing team!</small><br></div><div class="spacer battle-history"><br></div><h2 class="battle-history">Turn 11</h2><div class="spacer battle-history"><br></div><div class="battle-history">Araquanid, come back!<br></div><div class="battle-history">Go! Rotom (<strong>Rotom-Wash</strong>)!<br></div><div class="spacer battle-history"><br></div><div class="battle-history">okispokisSUB withdrew You Hate It!<br></div><div class="battle-history">okispokisSUB sent out I Hate It (<strong>Amoonguss</strong>)!<br></div><div class="battle-history"><small>The opposing I Hate It was caught in a sticky web!</small><br></div><div class="battle-history"><small>The opposing I Hate It's Speed fell!</small><br></div><div class="spacer battle-history"><br></div><h2 class="battle-history">Turn 12</h2><div class="spacer battle-history"><br></div><div class="battle-history">Rotom used <strong>Volt Switch</strong>!<br></div><div class="battle-history"><small>It's not very effective...</small><br></div><div class="battle-history"><small>(The opposing I Hate It lost 16% of its health!)</small><br></div><div class="spacer battle-history"><br></div><div class="battle-history">Rotom went back to BotwNerd745!<br></div><div class="battle-history">Go! <strong>Araquanid</strong>!<br></div><div class="spacer battle-history"><br></div><div class="battle-history">The opposing I Hate It used <strong>Sludge Bomb</strong>!<br></div><div class="battle-history"><small>(Araquanid lost 24% of its health!)</small><br></div><div class="spacer battle-history"><br></div><h2 class="battle-history">Turn 13</h2><div class="spacer battle-history"><br></div><div class="battle-history">Araquanid used <strong>Liquidation</strong>!<br></div><div class="battle-history"><small>It's not very effective...</small><br></div><div class="battle-history"><small>(The opposing I Hate It lost 22% of its health!)</small><br></div><div class="battle-history"><small>Araquanid was hurt by the Rocky Helmet!</small><br></div><div class="spacer battle-history"><br></div><div class="battle-history">The opposing I Hate It used <strong>Sludge Bomb</strong>!<br></div><div class="battle-history"><small>(Araquanid lost 25% of its health!)</small><br></div><div class="spacer battle-history"><br></div><h2 class="battle-history">Turn 14</h2><div class="spacer battle-history"><br></div><div class="battle-history">Araquanid, come back!<br></div><div class="battle-history">Go! <strong>Pelipper</strong>!<br></div><div class="battle-history">[Pelipper's Drizzle]<br><small>It started to rain!</small><br></div><div class="spacer battle-history"><br></div><div class="battle-history">The opposing I Hate It used <strong>Giga Drain</strong>!<br></div><div class="battle-history"><small>(Pelipper lost 47% of its health!)</small><br></div><div class="battle-history"><small>Pelipper had its energy drained!</small><br></div><div class="spacer battle-history"><br></div><div class="battle-history"><small>(Rain continues to fall.)</small><br></div><div class="spacer battle-history"><br></div><h2 class="battle-history">Turn 15</h2><div class="spacer battle-history"><br></div><div class="battle-history">okispokisSUB withdrew I Hate It!<br></div><div class="battle-history">okispokisSUB sent out You Hate It (<strong>Toxapex</strong>)!<br></div><div class="battle-history"><small>The opposing You Hate It was caught in a sticky web!</small><br></div><div class="battle-history"><small>The opposing You Hate It's Speed fell!</small><br></div><div class="spacer battle-history"><br></div><div class="battle-history">Pelipper used <strong>Hurricane</strong>!<br></div><div class="battle-history"><small>(The opposing You Hate It lost 31% of its health!)</small><br></div><div class="battle-history"><small>The opposing You Hate It became confused!</small><br></div><div class="spacer battle-history"><br></div><div class="battle-history"><small>(Rain continues to fall.)</small><br></div><div class="battle-history"><small>The opposing You Hate It restored a little HP using its Black Sludge!</small><br></div><div class="spacer battle-history"><br></div><h2 class="battle-history">Turn 16</h2><div class="spacer battle-history"><br></div><div class="battle-history">Pelipper used <strong>Roost</strong>!<br></div><div class="battle-history"><small>Pelipper had its HP restored.</small><br></div><div class="battle-history"><small>(Pelipper loses Flying type this turn.)</small><br></div><div class="spacer battle-history"><br></div><div class="battle-history"><small>The opposing You Hate It is confused!</small><br></div><div class="battle-history">The opposing You Hate It used <strong>Toxic Spikes</strong>!<br></div><div class="battle-history"><small>Poison spikes were scattered on the ground all around your team!</small><br></div><div class="spacer battle-history"><br></div><div class="battle-history"><small>(Rain continues to fall.)</small><br></div><div class="battle-history"><small>The opposing You Hate It restored a little HP using its Black Sludge!</small><br></div><div class="spacer battle-history"><br></div><h2 class="battle-history">Turn 17</h2><div class="spacer battle-history"><br></div><div class="battle-history">Pelipper used <strong>U-turn</strong>!<br></div><div class="battle-history"><small>It's not very effective...</small><br></div><div class="battle-history"><small>(The opposing You Hate It lost 3% of its health!)</small><br></div><div class="spacer battle-history"><br></div><div class="battle-history">Pelipper went back to BotwNerd745!<br></div><div class="battle-history">Go! Rotom (<strong>Rotom-Wash</strong>)!<br></div><div class="battle-history"><small>The opposing You Hate It snapped out of its confusion!</small><br></div><div class="spacer battle-history"><br></div><div class="battle-history">The opposing You Hate It used <strong>Scald</strong>!<br></div><div class="battle-history"><small>It's not very effective...</small><br></div><div class="battle-history"><small>(Rotom lost 17% of its health!)</small><br></div><div class="spacer battle-history"><br></div><div class="battle-history"><small>(Rain continues to fall.)</small><br></div><div class="battle-history"><small>The opposing You Hate It restored a little HP using its Black Sludge!</small><br></div><div class="spacer battle-history"><br></div><h2 class="battle-history">Turn 18</h2><div class="spacer battle-history"><br></div><div class="battle-history">okispokisSUB withdrew You Hate It!<br></div><div class="battle-history">okispokisSUB sent out I Hate It (<strong>Amoonguss</strong>)!<br></div><div class="battle-history"><small>The opposing I Hate It was caught in a sticky web!</small><br></div><div class="battle-history"><small>The opposing I Hate It's Speed fell!</small><br></div><div class="spacer battle-history"><br></div><div class="battle-history">Rotom used <strong>Thunderbolt</strong>!<br></div><div class="battle-history"><small>It's not very effective...</small><br></div><div class="battle-history"><small>(The opposing I Hate It lost 17% of its health!)</small><br></div><div class="spacer battle-history"><br></div><div class="battle-history"><small>The rain stopped.</small><br></div><div class="spacer battle-history"><br></div><h2 class="battle-history">Turn 19</h2><div class="spacer battle-history"><br></div><div class="battle-history">Rotom used <strong>Volt Switch</strong>!<br></div><div class="battle-history"><small>It's not very effective...</small><br></div><div class="battle-history"><small>(The opposing I Hate It lost 15% of its health!)</small><br></div><div class="spacer battle-history"><br></div><div class="battle-history">Rotom went back to BotwNerd745!<br></div><div class="battle-history">Go! Splash (<strong>Primarina</strong>)!<br></div><div class="battle-history"><small>Splash was poisoned!</small><br></div><div class="spacer battle-history"><br></div><div class="battle-history">The opposing I Hate It used <strong>Giga Drain</strong>!<br></div><div class="battle-history"><small>It's super effective!</small><br></div><div class="battle-history"><small>(Splash lost 54% of its health!)</small><br></div><div class="battle-history"><small>Splash had its energy drained!</small><br></div><div class="spacer battle-history"><br></div><div class="battle-history"><small>Splash was hurt by poison!</small><br></div><div class="spacer battle-history"><br></div><h2 class="battle-history">Turn 20</h2><div class="spacer battle-history"><br></div><div class="battle-history">okispokisSUB withdrew I Hate It!<br></div><div class="battle-history">okispokisSUB sent out You Hate It (<strong>Toxapex</strong>)!<br></div><div class="battle-history"><small>The opposing You Hate It was caught in a sticky web!</small><br></div><div class="battle-history"><small>The opposing You Hate It's Speed fell!</small><br></div><div class="spacer battle-history"><br></div><div class="battle-history">Splash used <strong>Ice Beam</strong>!<br></div><div class="battle-history"><small>It's not very effective...</small><br></div><div class="battle-history"><small>(The opposing You Hate It lost 14% of its health!)</small><br></div><div class="spacer battle-history"><br></div><div class="battle-history"><small>The opposing You Hate It restored a little HP using its Black Sludge!</small><br></div><div class="battle-history"><small>Splash was hurt by poison!</small><br></div><div class="spacer battle-history"><br></div><h2 class="battle-history">Turn 21</h2><div class="spacer battle-history"><br></div><div class="battle-history">Splash, come back!<br></div><div class="battle-history">Go! Rotom (<strong>Rotom-Wash</strong>)!<br></div><div class="spacer battle-history"><br></div><div class="battle-history">The opposing You Hate It used <strong>Toxic Spikes</strong>!<br></div><div class="battle-history"><small>Poison spikes were scattered on the ground all around your team!</small><br></div><div class="spacer battle-history"><br></div><div class="battle-history"><small>The opposing You Hate It restored a little HP using its Black Sludge!</small><br></div><div class="spacer battle-history"><br></div><h2 class="battle-history">Turn 22</h2><div class="spacer battle-history"><br></div><div class="battle-history">okispokisSUB withdrew You Hate It!<br></div><div class="battle-history">okispokisSUB sent out I Hate It (<strong>Amoonguss</strong>)!<br></div><div class="battle-history"><small>The opposing I Hate It was caught in a sticky web!</small><br></div><div class="battle-history"><small>The opposing I Hate It's Speed fell!</small><br></div><div class="spacer battle-history"><br></div><div class="battle-history">Rotom used <strong>Defog</strong>!<br></div><div class="battle-history"><small>The opposing I Hate It's evasiveness fell!</small><br></div><div class="battle-history"><small>The sticky web has disappeared from the ground around the opposing team!</small><br></div><div class="battle-history"><small>The poison spikes disappeared from the ground around your team!</small><br></div><div class="spacer battle-history"><br></div><h2 class="battle-history">Turn 23</h2><div class="spacer battle-history"><br></div><div class="battle-history">Rotom used <strong>Volt Switch</strong>!<br></div><div class="battle-history"><small>It's not very effective...</small><br></div><div class="battle-history"><small>(The opposing I Hate It lost 14% of its health!)</small><br></div><div class="spacer battle-history"><br></div><div class="battle-history">Rotom went back to BotwNerd745!<br></div><div class="battle-history">Go! <strong>Pelipper</strong>!<br></div><div class="battle-history">[Pelipper's Drizzle]<br><small>It started to rain!</small><br></div><div class="spacer battle-history"><br></div><div class="battle-history">The opposing I Hate It used <strong>Giga Drain</strong>!<br></div><div class="battle-history"><small>(Pelipper lost 43% of its health!)</small><br></div><div class="battle-history"><small>Pelipper had its energy drained!</small><br></div><div class="spacer battle-history"><br></div><div class="battle-history"><small>(Rain continues to fall.)</small><br></div><div class="spacer battle-history"><br></div><h2 class="battle-history">Turn 24</h2><div class="spacer battle-history"><br></div><div class="battle-history">okispokisSUB withdrew I Hate It!<br></div><div class="battle-history">okispokisSUB sent out You Hate It (<strong>Toxapex</strong>)!<br></div><div class="spacer battle-history"><br></div><div class="battle-history">Pelipper used <strong>Hurricane</strong>!<br></div><div class="battle-history"><small>(The opposing You Hate It lost 31% of its health!)</small><br></div><div class="spacer battle-history"><br></div><div class="battle-history"><small>(Rain continues to fall.)</small><br></div><div class="battle-history"><small>The opposing You Hate It restored a little HP using its Black Sludge!</small><br></div><div class="spacer battle-history"><br></div><h2 class="battle-history">Turn 25</h2><div class="spacer battle-history"><br></div><div class="battle-history">Pelipper, come back!<br></div><div class="battle-history">Go! <strong>Gastrodon</strong>!<br></div><div class="spacer battle-history"><br></div><div class="battle-history">The opposing You Hate It used <strong>Recover</strong>!<br></div><div class="battle-history"><small>The opposing You Hate It had its HP restored.</small><br></div><div class="spacer battle-history"><br></div><div class="battle-history"><small>(Rain continues to fall.)</small><br></div><div class="spacer battle-history"><br></div><h2 class="battle-history">Turn 26</h2><div class="spacer battle-history"><br></div><div class="battle-history">okispokisSUB withdrew You Hate It!<br></div><div class="battle-history">okispokisSUB sent out Doug Dimmadome (<strong>Weezing-Galar</strong>)!<br></div><div class="spacer battle-history"><br></div><div class="battle-history">Gastrodon used <strong>Ice Beam</strong>!<br></div><div class="battle-history"><small>(The opposing Doug Dimmadome lost 26% of its health!)</small><br></div><div class="spacer battle-history"><br></div><div class="battle-history"><small>(Rain continues to fall.)</small><br></div><div class="spacer battle-history"><br></div><h2 class="battle-history">Turn 27</h2><div class="spacer battle-history"><br></div><div class="battle-history">The opposing Doug Dimmadome used <strong>Sludge Bomb</strong>!<br></div><div class="battle-history"><small>It's not very effective...</small><br></div><div class="battle-history"><small>(Gastrodon lost 17% of its health!)</small><br></div><div class="battle-history"><small>Gastrodon was poisoned!</small><br></div><div class="spacer battle-history"><br></div><div class="battle-history">Gastrodon used <strong>Scald</strong>!<br></div><div class="battle-history"><small>(The opposing Doug Dimmadome lost 54% of its health!)</small><br></div><div class="spacer battle-history"><br></div><div class="battle-history"><small>The rain stopped.</small><br></div><div class="battle-history"><small>Gastrodon was hurt by poison!</small><br></div><div class="spacer battle-history"><br></div><h2 class="battle-history">Turn 28</h2><div class="spacer battle-history"><br></div><div class="battle-history">okispokisSUB withdrew Doug Dimmadome!<br></div><div class="battle-history">okispokisSUB sent out You Hate It (<strong>Toxapex</strong>)!<br></div><div class="spacer battle-history"><br></div><div class="battle-history">Gastrodon used <strong>Ice Beam</strong>!<br></div><div class="battle-history"><small>It's not very effective...</small><br></div><div class="battle-history"><small>(The opposing You Hate It lost 8% of its health!)</small><br></div><div class="spacer battle-history"><br></div><div class="battle-history"><small>The opposing You Hate It restored a little HP using its Black Sludge!</small><br></div><div class="battle-history"><small>Gastrodon was hurt by poison!</small><br></div><div class="spacer battle-history"><br></div><h2 class="battle-history">Turn 29</h2><div class="spacer battle-history"><br></div><div class="battle-history">okispokisSUB withdrew You Hate It!<br></div><div class="battle-history">okispokisSUB sent out Sting (<strong>Scolipede</strong>)!<br></div><div class="spacer battle-history"><br></div><div class="battle-history">Gastrodon used <strong>Earth Power</strong>!<br></div><div class="battle-history"><small>(The opposing Sting lost 54% of its health!)</small><br></div><div class="spacer battle-history"><br></div><div class="battle-history"><small>Gastrodon was hurt by poison!</small><br></div><div class="spacer battle-history"><br></div><h2 class="battle-history">Turn 30</h2><div class="spacer battle-history"><br></div><div class="battle-history">The opposing Sting used <strong>Megahorn</strong>!<br></div><div class="battle-history"><small>(Gastrodon lost 46% of its health!)</small><br></div><div class="spacer battle-history"><br></div><div class="battle-history">Gastrodon fainted!<br></div><div class="spacer battle-history"><br></div><div class="battle-history">[The opposing Sting's Speed Boost]<br></div><div class="battle-history"><small>The opposing Sting's Speed rose!</small><br></div><div class="spacer battle-history"><br></div><div class="battle-history">Go! <strong>Pelipper</strong>!<br></div><div class="battle-history">[Pelipper's Drizzle]<br><small>It started to rain!</small><br></div><div class="spacer battle-history"><br></div><h2 class="battle-history">Turn 31</h2><div class="spacer battle-history"><br></div><div class="battle-history">The opposing Sting used <strong>Protect</strong>!<br></div><div class="battle-history"><small>The opposing Sting protected itself!</small><br></div><div class="spacer battle-history"><br></div><div class="battle-history">Pelipper used <strong>Hurricane</strong>!<br></div><div class="battle-history"><small>The opposing Sting protected itself!</small><br></div><div class="spacer battle-history"><br></div><div class="battle-history"><small>(Rain continues to fall.)</small><br></div><div class="battle-history">[The opposing Sting's Speed Boost]<br></div><div class="battle-history"><small>The opposing Sting's Speed rose!</small><br></div><div class="spacer battle-history"><br></div><h2 class="battle-history">Turn 32</h2><div class="spacer battle-history"><br></div><div class="battle-history">okispokisSUB withdrew Sting!<br></div><div class="battle-history">okispokisSUB sent out You Hate It (<strong>Toxapex</strong>)!<br></div><div class="spacer battle-history"><br></div><div class="battle-history">Pelipper used <strong>Hurricane</strong>!<br></div><div class="battle-history"><small>(The opposing You Hate It lost 32% of its health!)</small><br></div><div class="spacer battle-history"><br></div><div class="battle-history"><small>(Rain continues to fall.)</small><br></div><div class="battle-history"><small>The opposing You Hate It restored a little HP using its Black Sludge!</small><br></div><div class="spacer battle-history"><br></div><h2 class="battle-history">Turn 33</h2><div class="spacer battle-history"><br></div><div class="battle-history">Pelipper used <strong>Roost</strong>!<br></div><div class="battle-history"><small>Pelipper had its HP restored.</small><br></div><div class="battle-history"><small>(Pelipper loses Flying type this turn.)</small><br></div><div class="spacer battle-history"><br></div><div class="battle-history">The opposing You Hate It used <strong>Toxic Spikes</strong>!<br></div><div class="battle-history"><small>Poison spikes were scattered on the ground all around your team!</small><br></div><div class="spacer battle-history"><br></div><div class="battle-history"><small>(Rain continues to fall.)</small><br></div><div class="battle-history"><small>The opposing You Hate It restored a little HP using its Black Sludge!</small><br></div><div class="spacer battle-history"><br></div><h2 class="battle-history">Turn 34</h2><div class="spacer battle-history"><br></div><div class="battle-history">Pelipper used <strong>Scald</strong>!<br></div><div class="battle-history"><small>It's not very effective...</small><br></div><div class="battle-history"><small>(The opposing You Hate It lost 16% of its health!)</small><br></div><div class="spacer battle-history"><br></div><div class="battle-history">The opposing You Hate It used <strong>Recover</strong>!<br></div><div class="battle-history"><small>The opposing You Hate It had its HP restored.</small><br></div><div class="spacer battle-history"><br></div><div class="battle-history"><small>(Rain continues to fall.)</small><br></div><div class="spacer battle-history"><br></div><h2 class="battle-history">Turn 35</h2><div class="spacer battle-history"><br></div><div class="battle-history">Pelipper used <strong>Scald</strong>!<br></div><div class="battle-history"><small>It's not very effective...</small><br></div><div class="battle-history"><small>(The opposing You Hate It lost 17% of its health!)</small><br></div><div class="battle-history"><small>The opposing You Hate It was burned!</small><br></div><div class="spacer battle-history"><br></div><div class="battle-history">The opposing You Hate It used <strong>Scald</strong>!<br></div><div class="battle-history"><small>It's not very effective...</small><br></div><div class="battle-history"><small>(Pelipper lost 18% of its health!)</small><br></div><div class="spacer battle-history"><br></div><div class="battle-history"><small>The rain stopped.</small><br></div><div class="battle-history"><small>The opposing You Hate It restored a little HP using its Black Sludge!</small><br></div><div class="battle-history"><small>The opposing You Hate It was hurt by its burn!</small><br></div><div class="spacer battle-history"><br></div><h2 class="battle-history">Turn 36</h2><div class="spacer battle-history"><br></div><div class="battle-history">okispokisSUB withdrew You Hate It!<br></div><div class="battle-history">okispokisSUB sent out I Hate It (<strong>Amoonguss</strong>)!<br></div><div class="spacer battle-history"><br></div><div class="battle-history">Pelipper used <strong>U-turn</strong>!<br></div><div class="battle-history"><small>(The opposing I Hate It lost 8% of its health!)</small><br></div><div class="battle-history"><small>Pelipper was hurt by the Rocky Helmet!</small><br></div><div class="spacer battle-history"><br></div><div class="battle-history">Pelipper went back to BotwNerd745!<br></div><div class="battle-history">Go! Splash (<strong>Primarina</strong>)!<br></div><div class="spacer battle-history"><br></div><div class="battle-history"><small>Splash was hurt by poison!</small><br></div><div class="spacer battle-history"><br></div><h2 class="battle-history">Turn 37</h2><div class="spacer battle-history"><br></div><div class="battle-history">Splash used <strong>Ice Beam</strong>!<br></div><div class="battle-history"><small>It's super effective!</small><br></div><div class="battle-history"><small>(The opposing I Hate It lost 65% of its health!)</small><br></div><div class="spacer battle-history"><br></div><div class="battle-history">The opposing I Hate It used <strong>Giga Drain</strong>!<br></div><div class="battle-history"><small>It's super effective!</small><br></div><div class="battle-history"><small>(Splash lost 9% of its health!)</small><br></div><div class="battle-history"><small>Splash had its energy drained!</small><br></div><div class="spacer battle-history"><br></div><div class="battle-history">Splash fainted!<br></div><div class="spacer battle-history"><br></div><div class="battle-history">Go! <strong>Pelipper</strong>!<br></div><div class="battle-history">[Pelipper's Drizzle]<br><small>It started to rain!</small><br></div><div class="spacer battle-history"><br></div><h2 class="battle-history">Turn 38</h2><div class="spacer battle-history"><br></div><div class="battle-history">okispokisSUB withdrew I Hate It!<br></div><div class="battle-history">okispokisSUB sent out You Hate It (<strong>Toxapex</strong>)!<br></div><div class="spacer battle-history"><br></div><div class="battle-history">Pelipper used <strong>Hurricane</strong>!<br></div><div class="battle-history"><small>(The opposing You Hate It lost 30% of its health!)</small><br></div><div class="battle-history"><small>The opposing You Hate It became confused!</small><br></div><div class="spacer battle-history"><br></div><div class="battle-history"><small>(Rain continues to fall.)</small><br></div><div class="battle-history"><small>The opposing You Hate It restored a little HP using its Black Sludge!</small><br></div><div class="battle-history"><small>The opposing You Hate It was hurt by its burn!</small><br></div><div class="spacer battle-history"><br></div><h2 class="battle-history">Turn 39</h2><div class="spacer battle-history"><br></div><div class="battle-history">Pelipper used <strong>Hurricane</strong>!<br></div><div class="battle-history"><small>(The opposing You Hate It lost 29% of its health!)</small><br></div><div class="spacer battle-history"><br></div><div class="battle-history"><small>The opposing You Hate It is confused!</small><br></div><div class="battle-history">The opposing You Hate It used <strong>Recover</strong>!<br></div><div class="battle-history"><small>The opposing You Hate It had its HP restored.</small><br></div><div class="spacer battle-history"><br></div><div class="battle-history"><small>(Rain continues to fall.)</small><br></div><div class="battle-history"><small>The opposing You Hate It restored a little HP using its Black Sludge!</small><br></div><div class="battle-history"><small>The opposing You Hate It was hurt by its burn!</small><br></div><div class="spacer battle-history"><br></div><h2 class="battle-history">Turn 40</h2><div class="spacer battle-history"><br></div><div class="battle-history">Pelipper used <strong>Hurricane</strong>!<br></div><div class="battle-history"><small>(The opposing You Hate It lost 28% of its health!)</small><br></div><div class="spacer battle-history"><br></div><div class="battle-history"><small>The opposing You Hate It is confused!</small><br></div><div class="battle-history">The opposing You Hate It used <strong>Scald</strong>!<br></div><div class="battle-history"><small>It's not very effective...</small><br></div><div class="battle-history"><small>(Pelipper lost 17% of its health!)</small><br></div><div class="spacer battle-history"><br></div><div class="battle-history"><small>(Rain continues to fall.)</small><br></div><div class="battle-history"><small>The opposing You Hate It restored a little HP using its Black Sludge!</small><br></div><div class="battle-history"><small>The opposing You Hate It was hurt by its burn!</small><br></div><div class="spacer battle-history"><br></div><h2 class="battle-history">Turn 41</h2><div class="spacer battle-history"><br></div><div class="battle-history">Pelipper used <strong>Roost</strong>!<br></div><div class="battle-history"><small>Pelipper had its HP restored.</small><br></div><div class="battle-history"><small>(Pelipper loses Flying type this turn.)</small><br></div><div class="spacer battle-history"><br></div><div class="battle-history"><small>The opposing You Hate It is confused!</small><br></div><div class="battle-history">The opposing You Hate It used <strong>Recover</strong>!<br></div><div class="battle-history"><small>The opposing You Hate It had its HP restored.</small><br></div><div class="spacer battle-history"><br></div><div class="battle-history"><small>(Rain continues to fall.)</small><br></div><div class="battle-history"><small>The opposing You Hate It was hurt by its burn!</small><br></div><div class="spacer battle-history"><br></div><h2 class="battle-history">Turn 42</h2><div class="spacer battle-history"><br></div><div class="battle-history">Pelipper used <strong>U-turn</strong>!<br></div><div class="battle-history"><small>It's not very effective...</small><br></div><div class="battle-history"><small>(The opposing You Hate It lost 2% of its health!)</small><br></div><div class="spacer battle-history"><br></div><div class="battle-history">Pelipper went back to BotwNerd745!<br></div><div class="battle-history">Go! Rotom (<strong>Rotom-Wash</strong>)!<br></div><div class="battle-history"><small>The opposing You Hate It snapped out of its confusion!</small><br></div><div class="spacer battle-history"><br></div><div class="battle-history">The opposing You Hate It used <strong>Scald</strong>!<br></div><div class="battle-history"><small>It's not very effective...</small><br></div><div class="battle-history"><small>(Rotom lost 16% of its health!)</small><br></div><div class="spacer battle-history"><br></div><div class="battle-history"><small>The rain stopped.</small><br></div><div class="battle-history"><small>The opposing You Hate It restored a little HP using its Black Sludge!</small><br></div><div class="battle-history"><small>The opposing You Hate It was hurt by its burn!</small><br></div><div class="spacer battle-history"><br></div><h2 class="battle-history">Turn 43</h2><div class="spacer battle-history"><br></div><div class="battle-history">okispokisSUB withdrew You Hate It!<br></div><div class="battle-history">okispokisSUB sent out I Hate It (<strong>Amoonguss</strong>)!<br></div><div class="spacer battle-history"><br></div><div class="battle-history">Rotom used <strong>Thunderbolt</strong>!<br></div><div class="battle-history"><small>It's not very effective...</small><br></div><div class="battle-history"><small>(The opposing I Hate It lost 19% of its health!)</small><br></div><div class="spacer battle-history"><br></div><h2 class="battle-history">Turn 44</h2><div class="spacer battle-history"><br></div><div class="battle-history">Rotom used <strong>Hydro Pump</strong>!<br></div><div class="battle-history"><small>It's not very effective...</small><br></div><div class="battle-history"><small>(The opposing I Hate It lost 25% of its health!)</small><br></div><div class="spacer battle-history"><br></div><div class="battle-history">The opposing I Hate It used <strong>Giga Drain</strong>!<br></div><div class="battle-history"><small>It's super effective!</small><br></div><div class="battle-history"><small>(Rotom lost 67% of its health!)</small><br></div><div class="battle-history"><small>Rotom had its energy drained!</small><br></div><div class="spacer battle-history"><br></div><div class="battle-history">Rotom fainted!<br></div><div class="spacer battle-history"><br></div><div class="battle-history">Go! <strong>Araquanid</strong>!<br></div><div class="spacer battle-history"><br></div><h2 class="battle-history">Turn 45</h2><div class="spacer battle-history"><br></div><div class="battle-history">Araquanid used <strong>Leech Life</strong>!<br></div><div class="battle-history"><small>(The opposing I Hate It lost 24% of its health!)</small><br></div><div class="battle-history"><small>The opposing I Hate It had its energy drained!</small><br></div><div class="battle-history"><small>Araquanid was hurt by the Rocky Helmet!</small><br></div><div class="spacer battle-history"><br></div><div class="battle-history">The opposing I Hate It used <strong>Giga Drain</strong>!<br></div><div class="battle-history"><small>(Araquanid lost 10% of its health!)</small><br></div><div class="battle-history"><small>Araquanid had its energy drained!</small><br></div><div class="spacer battle-history"><br></div><div class="battle-history">Araquanid fainted!<br></div><div class="spacer battle-history"><br></div><div class="battle-history">Go! <strong>Pelipper</strong>!<br></div><div class="battle-history">[Pelipper's Drizzle]<br><small>It started to rain!</small><br></div><div class="spacer battle-history"><br></div><h2 class="battle-history">Turn 46</h2><div class="spacer battle-history"><br></div><div class="battle-history">Pelipper used <strong>Hurricane</strong>!<br></div><div class="battle-history"><small>It's super effective!</small><br></div><div class="battle-history"><small>(The opposing I Hate It lost 19% of its health!)</small><br></div><div class="spacer battle-history"><br></div><div class="battle-history">The opposing I Hate It fainted!<br></div><div class="spacer battle-history"><br></div><div class="battle-history"><small>(Rain continues to fall.)</small><br></div><div class="spacer battle-history"><br></div><div class="battle-history">okispokisSUB sent out Blue (<strong>Nidoking</strong>)!<br></div><div class="spacer battle-history"><br></div><h2 class="battle-history">Turn 47</h2><div class="spacer battle-history"><br></div><div class="battle-history">The opposing Blue used <strong>Thunderbolt</strong>!<br></div><div class="battle-history"><small>It's super effective!</small><br></div><div class="battle-history"><small>(Pelipper ate its Wacan Berry!)</small><br></div><div class="battle-history"><small>The Wacan Berry weakened the damage to Pelipper!</small><br></div><div class="battle-history"><small>(Pelipper lost 90% of its health!)</small><br></div><div class="spacer battle-history"><br></div><div class="battle-history">Pelipper fainted!<br></div><div class="spacer battle-history"><br></div><div class="battle-history"><strong>okispokisSUB</strong> won the battle!<br></div><div class="chat chatmessage-botwnerd745"><strong style="color:#9835de"><small>☆</small><span class="username" data-name="BotwNerd745">BotwNerd745</span>:</strong> <em>gg</em></div><div class="chat chatmessage-okispokissub"><strong style="color:#909622"><small>☆</small><span class="username" data-name="okispokisSUB">okispokisSUB</span>:</strong> <em>gg</em></div></div><div class="inner-preempt message-log"></div></div></div>
</div>
<script>
let daily = Math.floor(Date.now()/1000/60/60/24);document.write('<script src="https://dragonheaven.herokuapp.com/js/replay-embed.js?version'+daily+'"></'+'script>');
</script>
