<!DOCTYPE html>
<meta charset="utf-8" />
<!-- version 1 -->
<title>[Gen 8] Megas for All replay: exploziff vs. Magmajudis</title>
<style>
html,body {font-family:Verdana, sans-serif;font-size:10pt;margin:0;padding:0;}body{padding:12px 0;} .battle-log {font-family:Verdana, sans-serif;font-size:10pt;} .battle-log-inline {border:1px solid #AAAAAA;background:#EEF2F5;color:black;max-width:640px;margin:0 auto 80px;padding-bottom:5px;} .battle-log .inner {padding:4px 8px 0px 8px;} .battle-log .inner-preempt {padding:0 8px 4px 8px;} .battle-log .inner-after {margin-top:0.5em;} .battle-log h2 {margin:0.5em -8px;padding:4px 8px;border:1px solid #AAAAAA;background:#E0E7EA;border-left:0;border-right:0;font-family:Verdana, sans-serif;font-size:13pt;} .battle-log .chat {vertical-align:middle;padding:3px 0 3px 0;font-size:8pt;} .battle-log .chat strong {color:#40576A;} .battle-log .chat em {padding:1px 4px 1px 3px;color:#000000;font-style:normal;} .chat.mine {background:rgba(0,0,0,0.05);margin-left:-8px;margin-right:-8px;padding-left:8px;padding-right:8px;} .spoiler {color:#BBBBBB;background:#BBBBBB;padding:0px 3px;} .spoiler:hover, .spoiler:active, .spoiler-shown {color:#000000;background:#E2E2E2;padding:0px 3px;} .spoiler a {color:#BBBBBB;} .spoiler:hover a, .spoiler:active a, .spoiler-shown a {color:#2288CC;} .chat code, .chat .spoiler:hover code, .chat .spoiler:active code, .chat .spoiler-shown code {border:1px solid #C0C0C0;background:#EEEEEE;color:black;padding:0 2px;} .chat .spoiler code {border:1px solid #CCCCCC;background:#CCCCCC;color:#CCCCCC;} .battle-log .rated {padding:3px 4px;} .battle-log .rated strong {color:white;background:#89A;padding:1px 4px;border-radius:4px;} .spacer {margin-top:0.5em;} .message-announce {background:#6688AA;color:white;padding:1px 4px 2px;} .message-announce a, .broadcast-green a, .broadcast-blue a, .broadcast-red a {color:#DDEEFF;} .broadcast-green {background-color:#559955;color:white;padding:2px 4px;} .broadcast-blue {background-color:#6688AA;color:white;padding:2px 4px;} .infobox {border:1px solid #6688AA;padding:2px 4px;} .infobox-limited {max-height:200px;overflow:auto;overflow-x:hidden;} .broadcast-red {background-color:#AA5544;color:white;padding:2px 4px;} .message-learn-canlearn {font-weight:bold;color:#228822;text-decoration:underline;} .message-learn-cannotlearn {font-weight:bold;color:#CC2222;text-decoration:underline;} .message-effect-weak {font-weight:bold;color:#CC2222;} .message-effect-resist {font-weight:bold;color:#6688AA;} .message-effect-immune {font-weight:bold;color:#666666;} .message-learn-list {margin-top:0;margin-bottom:0;} .message-throttle-notice, .message-error {color:#992222;} .message-overflow, .chat small.message-overflow {font-size:0pt;} .message-overflow::before {font-size:9pt;content:'...';} .subtle {color:#3A4A66;}
</style>
<div class="wrapper replay-wrapper" style="max-width:1180px;margin:0 auto">
<input type="hidden" name="replayid" value="dragonheaven-gen8megasforall-275" />
<div class="battle"></div><div class="battle-log"></div><div class="replay-controls"></div><div class="replay-controls-2"></div>
<h1 style="font-weight:normal;text-align:center"><strong>[Gen 8] Megas for All</strong><br /><a href="http://pokemonshowdown.com/users/exploziff" class="subtle" target="_blank">exploziff</a> vs. <a href="http://pokemonshowdown.com/users/magmajudis" class="subtle" target="_blank">Magmajudis</a></h1>
<script type="text/plain" class="battle-log-data">|j|☆exploziff

|j|☆Magmajudis
|t:|1621001943
|player|p1|exploziff|102|
|player|p2|Magmajudis|harlequin|
|teamsize|p1|6
|teamsize|p2|6
|gametype|singles
|gen|8
|tier|[Gen 8] Megas for All
|clearpoke
|poke|p1|Araquanid, F|
|poke|p1|Clefable, M|
|poke|p1|Hippowdon, F|
|poke|p1|Tapu Koko|
|poke|p1|Moltres|
|poke|p1|Terrakion|
|poke|p2|Infernape, M|
|poke|p2|Hippowdon, F|
|poke|p2|Toxapex, M|
|poke|p2|Kyurem|
|poke|p2|Gengar, M|
|poke|p2|Corviknight, F|
|rule|HP Percentage Mod: HP is shown in percentages
|rule|Endless Battle Clause: Forcing endless battles is banned
|rule|OHKO Clause: OHKO moves are banned
|rule|Evasion Moves Clause: Evasion moves are banned
|rule|Species Clause: Limit one of each Pokémon
|rule|Dynamax Clause: You cannot dynamax
|rule|Sleep Clause Mod: Limit one foe put to sleep
|rule|Freeze Clause Mod: Limit one foe frozen
|raw|<img src="https:\/\/www.smogon.com\/forums\/attachments\/banner_2-png.302358\/" height="65" width="381">
|-message|Welcome to Megas for All!
|-message|This is a National Dex-based format where we aim to give a new Mega Evolution to every Pokémon.
|-message|Just like any official format, you can still only Mega Evolve one Pokémon per team!
|-message|You can find our thread and metagame resources here:
|-message|https:\/\/www.smogon.com\/forums\/threads\/3671140\/
|teampreview
|c|☆exploziff|hf
|
|t:|1621001957
|start
|switch|p1a: Tapu Koko|Tapu Koko|281\/281
|switch|p2a: Infernape|Infernape, M|100\/100
|-fieldstart|move: Electric Terrain|[from] ability: Electric Surge|[of] p1a: Tapu Koko
|turn|1
|c|☆Magmajudis|U2
|j| GottaGoPrettyQuick
|
|t:|1621001976
|switch|p1a: Moltres|Moltres|383\/383
|switch|p2a: Hippowdon|Hippowdon, F|100\/100
|-weather|Sandstorm|[from] ability: Sand Stream|[of] p2a: Hippowdon
|
|-weather|Sandstorm|[upkeep]
|-damage|p1a: Moltres|360\/383|[from] Sandstorm
|upkeep
|turn|2
|c| GottaGoPrettyQuick|Oh it's BO3?
|
|t:|1621001985
|move|p1a: Moltres|Mystical Fire|p2a: Hippowdon
|-damage|p2a: Hippowdon|65\/100
|-unboost|p2a: Hippowdon|spa|1
|move|p2a: Hippowdon|Stealth Rock|p1a: Moltres
|-sidestart|p1: exploziff|move: Stealth Rock
|
|-weather|Sandstorm|[upkeep]
|-damage|p1a: Moltres|337\/383|[from] Sandstorm
|-heal|p2a: Hippowdon|71\/100|[from] item: Leftovers
|upkeep
|turn|3
|c|☆exploziff|y
|
|t:|1621001992
|move|p1a: Moltres|Defog|p2a: Hippowdon
|-unboost|p2a: Hippowdon|evasion|1
|-sideend|p1: exploziff|Stealth Rock|[from] move: Defog|[of] p1a: Moltres
|-fieldend|move: Electric Terrain
|move|p2a: Hippowdon|Slack Off|p2a: Hippowdon
|-heal|p2a: Hippowdon|100\/100
|
|-weather|Sandstorm|[upkeep]
|-damage|p1a: Moltres|314\/383|[from] Sandstorm
|upkeep
|turn|4
|j| Hematemesis
|
|t:|1621001996
|move|p1a: Moltres|U-turn|p2a: Hippowdon
|-damage|p2a: Hippowdon|93\/100
|c| GottaGoPrettyQuick|Oh
|
|t:|1621001999
|switch|p1a: Araquanid|Araquanid, F|339\/339
|move|p2a: Hippowdon|Roar|p1a: Araquanid
|drag|p1a: Tapu Koko|Tapu Koko|281\/281
|-fieldstart|move: Electric Terrain|[from] ability: Electric Surge|[of] p1a: Tapu Koko
|
|-weather|Sandstorm|[upkeep]
|-damage|p1a: Tapu Koko|264\/281|[from] Sandstorm
|-heal|p2a: Hippowdon|99\/100|[from] item: Leftovers
|upkeep
|turn|5
|c| GottaGoPrettyQuick|Then
|
|t:|1621002004
|move|p1a: Tapu Koko|U-turn|p2a: Hippowdon
|-damage|p2a: Hippowdon|90\/100
|
|t:|1621002007
|switch|p1a: Araquanid|Araquanid, F|339\/339
|move|p2a: Hippowdon|Stealth Rock|p1a: Araquanid
|-sidestart|p1: exploziff|move: Stealth Rock
|
|-weather|none
|-heal|p2a: Hippowdon|97\/100|[from] item: Leftovers
|upkeep
|turn|6
|c| GottaGoPrettyQuick|GO MAGMAJUDIS
|c| Hematemesis|Noooo
|
|t:|1621002024
|switch|p2a: Toxapex|Toxapex, M|100\/100
|detailschange|p1a: Araquanid|Araquanid-Mega, F
|-mega|p1a: Araquanid|Araquanid|Araquanite
|-start|p1a: Araquanid|typechange|Water\/Bug|[silent]
|raw|<ul class="utilichart"><li class="result"><span class="col pokemonnamecol" style="white-space: nowrap">Araquanid-Mega<\/span> <span class="col typecol"><img src="https:\/\/play.pokemonshowdown.com\/sprites\/types\/Water.png" alt="Water" height="14" width="32"><img src="https:\/\/play.pokemonshowdown.com\/sprites\/types\/Bug.png" alt="Bug" height="14" width="32"><\/span> <span style="float: left ; min-height: 26px"><span class="col abilitycol">Body of Water<\/span><span class="col abilitycol"><\/span><\/span><span style="float: left ; min-height: 26px"><span class="col statcol"><em>HP<\/em><br>68<\/span> <span class="col statcol"><em>Atk<\/em><br>70<\/span> <span class="col statcol"><em>Def<\/em><br>147<\/span> <span class="col statcol"><em>SpA<\/em><br>50<\/span> <span class="col statcol"><em>SpD<\/em><br>177<\/span> <span class="col statcol"><em>Spe<\/em><br>42<\/span> <\/span><\/li><li style="clear: both"><\/li><\/ul>
|move|p1a: Araquanid|Scald|p2a: Toxapex
|-resisted|p2a: Toxapex
|-damage|p2a: Toxapex|83\/100
|
|-heal|p2a: Toxapex|89\/100|[from] item: Black Sludge
|upkeep
|turn|7
|c| Hematemesis|Someone used the same team twice again
|c| Hematemesis|Stats ruined
|
|t:|1621002037
|move|p1a: Araquanid|Scald|p2a: Toxapex
|-resisted|p2a: Toxapex
|-damage|p2a: Toxapex|72\/100
|-status|p2a: Toxapex|brn
|move|p2a: Toxapex|Toxic|p1a: Araquanid
|-status|p1a: Araquanid|tox
|
|-heal|p2a: Toxapex|78\/100 brn|[from] item: Black Sludge
|-damage|p1a: Araquanid|318\/339 tox|[from] psn
|-damage|p2a: Toxapex|72\/100 brn|[from] brn
|upkeep
|turn|8
|
|t:|1621002054
|move|p1a: Araquanid|Scald|p2a: Toxapex
|-resisted|p2a: Toxapex
|-damage|p2a: Toxapex|53\/100 brn
|move|p2a: Toxapex|Scald|p1a: Araquanid
|-resisted|p1a: Araquanid
|-damage|p1a: Araquanid|306\/339 tox
|
|-heal|p2a: Toxapex|59\/100 brn|[from] item: Black Sludge
|-damage|p1a: Araquanid|264\/339 tox|[from] psn
|-damage|p2a: Toxapex|53\/100 brn|[from] brn
|-fieldend|move: Electric Terrain
|upkeep
|turn|9
|
|t:|1621002062
|move|p1a: Araquanid|Scald|p2a: Toxapex
|-resisted|p2a: Toxapex
|-damage|p2a: Toxapex|34\/100 brn
|move|p2a: Toxapex|Recover|p2a: Toxapex
|-heal|p2a: Toxapex|84\/100 brn
|
|-heal|p2a: Toxapex|90\/100 brn|[from] item: Black Sludge
|-damage|p1a: Araquanid|201\/339 tox|[from] psn
|-damage|p2a: Toxapex|84\/100 brn|[from] brn
|upkeep
|turn|10
|
|t:|1621002076
|move|p1a: Araquanid|Rest|p1a: Araquanid
|-status|p1a: Araquanid|slp|[from] move: Rest
|-heal|p1a: Araquanid|339\/339 slp|[silent]
|move|p2a: Toxapex|Recover|p2a: Toxapex
|-heal|p2a: Toxapex|100\/100 brn
|
|-damage|p2a: Toxapex|95\/100 brn|[from] brn
|upkeep
|turn|11
|
|t:|1621002083
|switch|p2a: Kyurem|Kyurem|100\/100
|-ability|p2a: Kyurem|Pressure
|cant|p1a: Araquanid|slp
|move|p1a: Araquanid|Sleep Talk|p1a: Araquanid
|move|p1a: Araquanid|Toxic|p2a: Kyurem|[from]move: Sleep Talk
|-status|p2a: Kyurem|tox
|
|-damage|p2a: Kyurem|94\/100 tox|[from] psn
|upkeep
|turn|12
|
|t:|1621002094
|switch|p1a: Clefable|Clefable, M|394\/394
|move|p2a: Kyurem|Substitute|p2a: Kyurem
|-start|p2a: Kyurem|Substitute
|-damage|p2a: Kyurem|69\/100 tox
|
|-damage|p2a: Kyurem|57\/100 tox|[from] psn
|upkeep
|turn|13
|
|t:|1621002101
|move|p2a: Kyurem|Freeze-Dry|p1a: Clefable
|-damage|p1a: Clefable|306\/394
|move|p1a: Clefable|Stealth Rock|p2a: Kyurem
|-sidestart|p2: Magmajudis|move: Stealth Rock
|
|-damage|p2a: Kyurem|39\/100 tox|[from] psn
|upkeep
|turn|14
|
|t:|1621002108
|move|p2a: Kyurem|Roost|p2a: Kyurem
|-heal|p2a: Kyurem|89\/100 tox
|-singleturn|p2a: Kyurem|move: Roost
|move|p1a: Clefable|Soft-Boiled|p1a: Clefable
|-heal|p1a: Clefable|394\/394
|
|-damage|p2a: Kyurem|64\/100 tox|[from] psn
|upkeep
|turn|15
|
|t:|1621002111
|move|p2a: Kyurem|Freeze-Dry|p1a: Clefable
|-damage|p1a: Clefable|297\/394
|move|p1a: Clefable|Will-O-Wisp||[still]
|-fail|p1a: Clefable
|
|-damage|p2a: Kyurem|33\/100 tox|[from] psn
|upkeep
|turn|16
|j| ASnomPlaysShowdown
|
|t:|1621002134
|switch|p2a: Toxapex|Toxapex, M|100\/100 brn
|-damage|p2a: Toxapex|88\/100 brn|[from] Stealth Rock
|move|p1a: Clefable|Soft-Boiled|p1a: Clefable
|-heal|p1a: Clefable|394\/394
|
|-heal|p2a: Toxapex|94\/100 brn|[from] item: Black Sludge
|-damage|p2a: Toxapex|88\/100 brn|[from] brn
|upkeep
|turn|17
|
|t:|1621002147
|switch|p1a: Araquanid|Araquanid-Mega, F|339\/339 slp
|-damage|p1a: Araquanid|255\/339 slp|[from] Stealth Rock
|-start|p1a: Araquanid|typechange|Water\/Bug|[silent]
|move|p2a: Toxapex|Scald|p1a: Araquanid
|-resisted|p1a: Araquanid
|-damage|p1a: Araquanid|241\/339 slp
|
|-heal|p2a: Toxapex|94\/100 brn|[from] item: Black Sludge
|-damage|p2a: Toxapex|88\/100 brn|[from] brn
|upkeep
|turn|18
|
|t:|1621002154
|switch|p2a: Corviknight|Corviknight, F|100\/100
|-damage|p2a: Corviknight|88\/100|[from] Stealth Rock
|-ability|p2a: Corviknight|Pressure
|cant|p1a: Araquanid|slp
|move|p1a: Araquanid|Sleep Talk|p1a: Araquanid
|move|p1a: Araquanid|Scald|p2a: Corviknight|[from]move: Sleep Talk
|-damage|p2a: Corviknight|34\/100
|
|-heal|p2a: Corviknight|40\/100|[from] item: Leftovers
|upkeep
|turn|19
|c| Hematemesis|Young sleep go
|
|t:|1621002167
|move|p2a: Corviknight|Defog|p1a: Araquanid
|-unboost|p1a: Araquanid|evasion|1
|-sideend|p1: exploziff|Stealth Rock|[from] move: Defog|[of] p2a: Corviknight
|-sideend|p2: Magmajudis|Stealth Rock|[from] move: Defog|[of] p2a: Corviknight
|-curestatus|p1a: Araquanid|slp|[msg]
|move|p1a: Araquanid|Scald|p2a: Corviknight
|-damage|p2a: Corviknight|0 fnt
|faint|p2a: Corviknight
|
|upkeep
|
|t:|1621002172
|switch|p2a: Kyurem|Kyurem|33\/100 tox
|-ability|p2a: Kyurem|Pressure
|turn|20
|l| ASnomPlaysShowdown
|
|t:|1621002186
|switch|p2a: Gengar|Gengar, M|100\/100
|switch|p1a: Clefable|Clefable, M|394\/394
|
|upkeep
|turn|21
|
|t:|1621002196
|switch|p1a: Hippowdon|Hippowdon, F|420\/420
|-weather|Sandstorm|[from] ability: Sand Stream|[of] p1a: Hippowdon
|move|p2a: Gengar|Sludge Wave|p1a: Hippowdon
|-resisted|p1a: Hippowdon
|-damage|p1a: Hippowdon|307\/420
|
|-weather|Sandstorm|[upkeep]
|-damage|p2a: Gengar|94\/100|[from] Sandstorm
|upkeep
|turn|22
|
|t:|1621002206
|switch|p2a: Hippowdon|Hippowdon, F|97\/100
|move|p1a: Hippowdon|Earthquake|p2a: Hippowdon
|-damage|p2a: Hippowdon|76\/100
|
|-weather|Sandstorm|[upkeep]
|-heal|p2a: Hippowdon|82\/100|[from] item: Leftovers
|upkeep
|turn|23
|
|t:|1621002212
|move|p2a: Hippowdon|Stealth Rock|p1a: Hippowdon
|-sidestart|p1: exploziff|move: Stealth Rock
|move|p1a: Hippowdon|Toxic|p2a: Hippowdon
|-status|p2a: Hippowdon|tox
|
|-weather|Sandstorm|[upkeep]
|-heal|p2a: Hippowdon|88\/100 tox|[from] item: Leftovers
|-damage|p2a: Hippowdon|82\/100 tox|[from] psn
|upkeep
|turn|24
|
|t:|1621002217
|move|p1a: Hippowdon|Slack Off|p1a: Hippowdon
|-heal|p1a: Hippowdon|420\/420
|move|p2a: Hippowdon|Roar|p1a: Hippowdon
|drag|p1a: Clefable|Clefable, M|394\/394
|
|-weather|Sandstorm|[upkeep]
|-damage|p1a: Clefable|370\/394|[from] Sandstorm
|-heal|p2a: Hippowdon|88\/100 tox|[from] item: Leftovers
|-damage|p2a: Hippowdon|76\/100 tox|[from] psn
|upkeep
|turn|25
|
|t:|1621002225
|move|p1a: Clefable|Stealth Rock|p2a: Hippowdon
|-sidestart|p2: Magmajudis|move: Stealth Rock
|move|p2a: Hippowdon|Earthquake|p1a: Clefable
|-damage|p1a: Clefable|202\/394
|
|-weather|none
|-heal|p2a: Hippowdon|82\/100 tox|[from] item: Leftovers
|-damage|p2a: Hippowdon|63\/100 tox|[from] psn
|upkeep
|turn|26
|
|t:|1621002231
|switch|p2a: Gengar|Gengar, M|94\/100
|-damage|p2a: Gengar|82\/100|[from] Stealth Rock
|move|p1a: Clefable|Soft-Boiled|p1a: Clefable
|-heal|p1a: Clefable|394\/394
|
|upkeep
|turn|27
|
|t:|1621002257
|switch|p2a: Toxapex|Toxapex, M|100\/100 brn
|-damage|p2a: Toxapex|88\/100 brn|[from] Stealth Rock
|move|p1a: Clefable|Moonblast|p2a: Toxapex
|-resisted|p2a: Toxapex
|-damage|p2a: Toxapex|78\/100 brn
|-unboost|p2a: Toxapex|spa|1
|
|-heal|p2a: Toxapex|84\/100 brn|[from] item: Black Sludge
|-damage|p2a: Toxapex|78\/100 brn|[from] brn
|upkeep
|turn|28
|
|t:|1621002266
|switch|p1a: Tapu Koko|Tapu Koko|264\/281
|-damage|p1a: Tapu Koko|229\/281|[from] Stealth Rock
|-fieldstart|move: Electric Terrain|[from] ability: Electric Surge|[of] p1a: Tapu Koko
|move|p2a: Toxapex|Scald|p1a: Tapu Koko
|-crit|p1a: Tapu Koko
|-damage|p1a: Tapu Koko|111\/281
|-status|p1a: Tapu Koko|brn
|
|-heal|p2a: Toxapex|84\/100 brn|[from] item: Black Sludge
|-damage|p1a: Tapu Koko|94\/281 brn|[from] brn
|-damage|p2a: Toxapex|78\/100 brn|[from] brn
|upkeep
|turn|29
|
|t:|1621002278
|switch|p2a: Hippowdon|Hippowdon, F|63\/100 tox
|-damage|p2a: Hippowdon|57\/100 tox|[from] Stealth Rock
|-weather|Sandstorm|[from] ability: Sand Stream|[of] p2a: Hippowdon
|move|p1a: Tapu Koko|U-turn|p2a: Hippowdon
|-damage|p2a: Hippowdon|53\/100 tox
|
|t:|1621002282
|switch|p1a: Araquanid|Araquanid-Mega, F|241\/339
|-start|p1a: Araquanid|typechange|Water\/Bug|[silent]
|-damage|p1a: Araquanid|157\/339|[from] Stealth Rock
|
|-weather|Sandstorm|[upkeep]
|-damage|p1a: Araquanid|136\/339|[from] Sandstorm
|-heal|p2a: Hippowdon|59\/100 tox|[from] item: Leftovers
|-damage|p2a: Hippowdon|53\/100 tox|[from] psn
|upkeep
|turn|30
|c| Hematemesis|nice, some good ol crit burn action
|
|t:|1621002309
|switch|p2a: Toxapex|Toxapex, M|100\/100 brn
|-damage|p2a: Toxapex|88\/100 brn|[from] Stealth Rock
|move|p1a: Araquanid|Rest||[still]
|-activate|p1a: Araquanid|move: Electric Terrain
|-fail|p1a: Araquanid
|
|-weather|Sandstorm|[upkeep]
|-damage|p1a: Araquanid|115\/339|[from] Sandstorm
|-damage|p2a: Toxapex|82\/100 brn|[from] Sandstorm
|-heal|p2a: Toxapex|88\/100 brn|[from] item: Black Sludge
|-damage|p2a: Toxapex|82\/100 brn|[from] brn
|upkeep
|turn|31
|c|☆exploziff|ups
|c|☆Magmajudis|What does that mean
|
|t:|1621002334
|move|p1a: Araquanid|Scald|p2a: Toxapex
|-resisted|p2a: Toxapex
|-damage|p2a: Toxapex|65\/100 brn
|move|p2a: Toxapex|Toxic|p1a: Araquanid
|-status|p1a: Araquanid|tox
|
|-weather|Sandstorm|[upkeep]
|-damage|p1a: Araquanid|94\/339 tox|[from] Sandstorm
|-damage|p2a: Toxapex|59\/100 brn|[from] Sandstorm
|-heal|p2a: Toxapex|65\/100 brn|[from] item: Black Sludge
|-damage|p1a: Araquanid|73\/339 tox|[from] psn
|-damage|p2a: Toxapex|59\/100 brn|[from] brn
|upkeep
|turn|32
|c|☆exploziff|tyhat mean i'm dumb
|
|t:|1621002371
|switch|p2a: Kyurem|Kyurem|33\/100 tox
|-ability|p2a: Kyurem|Pressure
|move|p1a: Araquanid|Scald|p2a: Kyurem
|-resisted|p2a: Kyurem
|-damage|p2a: Kyurem|4\/100 tox
|
|-weather|Sandstorm|[upkeep]
|-damage|p2a: Kyurem|0 fnt|[from] Sandstorm
|-damage|p1a: Araquanid|52\/339 tox|[from] Sandstorm
|faint|p2a: Kyurem
|-damage|p1a: Araquanid|10\/339 tox|[from] psn
|-fieldend|move: Electric Terrain
|upkeep
|c| GottaGoPrettyQuick|Looks like Koko is not the best partner for Araquanid
|c|☆exploziff|indeed
|
|t:|1621002398
|switch|p2a: Infernape|Infernape, M|100\/100
|-damage|p2a: Infernape|88\/100|[from] Stealth Rock
|turn|33
|
|t:|1621002418
|detailschange|p2a: Infernape|Infernape-Mega, M
|-mega|p2a: Infernape|Infernape|Infernite
|-start|p2a: Infernape|typechange|Fire\/Fighting|[silent]
|raw|<ul class="utilichart"><li class="result"><span class="col pokemonnamecol" style="white-space: nowrap">Infernape-Mega<\/span> <span class="col typecol"><img src="https:\/\/play.pokemonshowdown.com\/sprites\/types\/Fire.png" alt="Fire" height="14" width="32"><img src="https:\/\/play.pokemonshowdown.com\/sprites\/types\/Fighting.png" alt="Fighting" height="14" width="32"><\/span> <span style="float: left ; min-height: 26px"><span class="col abilitycol">Chakra Lock<\/span><span class="col abilitycol"><\/span><\/span><span style="float: left ; min-height: 26px"><span class="col statcol"><em>HP<\/em><br>76<\/span> <span class="col statcol"><em>Atk<\/em><br>114<\/span> <span class="col statcol"><em>Def<\/em><br>101<\/span> <span class="col statcol"><em>SpA<\/em><br>114<\/span> <span class="col statcol"><em>SpD<\/em><br>91<\/span> <span class="col statcol"><em>Spe<\/em><br>138<\/span> <\/span><\/li><li style="clear: both"><\/li><\/ul>
|move|p2a: Infernape|Close Combat|p1a: Araquanid
|-resisted|p1a: Araquanid
|-damage|p1a: Araquanid|0 fnt
|-unboost|p2a: Infernape|def|1
|-unboost|p2a: Infernape|spd|1
|faint|p1a: Araquanid
|
|-weather|none
|upkeep
|
|t:|1621002424
|switch|p1a: Hippowdon|Hippowdon, F|420\/420
|-damage|p1a: Hippowdon|394\/420|[from] Stealth Rock
|-weather|Sandstorm|[from] ability: Sand Stream|[of] p1a: Hippowdon
|turn|34
|
|t:|1621002429
|switch|p2a: Hippowdon|Hippowdon, F|53\/100 tox
|-damage|p2a: Hippowdon|46\/100 tox|[from] Stealth Rock
|move|p1a: Hippowdon|Earthquake|p2a: Hippowdon
|-damage|p2a: Hippowdon|27\/100 tox
|
|-weather|Sandstorm|[upkeep]
|-heal|p2a: Hippowdon|34\/100 tox|[from] item: Leftovers
|-damage|p2a: Hippowdon|27\/100 tox|[from] psn
|upkeep
|turn|35
|
|t:|1621002433
|move|p1a: Hippowdon|Earthquake|p2a: Hippowdon
|-damage|p2a: Hippowdon|6\/100 tox
|move|p2a: Hippowdon|Slack Off|p2a: Hippowdon
|-heal|p2a: Hippowdon|57\/100 tox
|
|-weather|Sandstorm|[upkeep]
|-heal|p2a: Hippowdon|63\/100 tox|[from] item: Leftovers
|-damage|p2a: Hippowdon|50\/100 tox|[from] psn
|upkeep
|turn|36
|
|t:|1621002438
|move|p1a: Hippowdon|Earthquake|p2a: Hippowdon
|-damage|p2a: Hippowdon|29\/100 tox
|move|p2a: Hippowdon|Slack Off|p2a: Hippowdon
|-heal|p2a: Hippowdon|79\/100 tox
|
|-weather|Sandstorm|[upkeep]
|-heal|p2a: Hippowdon|86\/100 tox|[from] item: Leftovers
|-damage|p2a: Hippowdon|67\/100 tox|[from] psn
|upkeep
|turn|37
|
|t:|1621002443
|move|p1a: Hippowdon|Earthquake|p2a: Hippowdon
|-damage|p2a: Hippowdon|46\/100 tox
|move|p2a: Hippowdon|Roar|p1a: Hippowdon
|drag|p1a: Moltres|Moltres|314\/383
|
|-weather|Sandstorm|[upkeep]
|-damage|p1a: Moltres|291\/383|[from] Sandstorm
|-heal|p2a: Hippowdon|52\/100 tox|[from] item: Leftovers
|-damage|p2a: Hippowdon|27\/100 tox|[from] psn
|upkeep
|turn|38
|
|t:|1621002452
|move|p1a: Moltres|Mystical Fire|p2a: Hippowdon
|-damage|p2a: Hippowdon|0 fnt
|faint|p2a: Hippowdon
|
|-weather|none
|upkeep
|j| ASnomPlaysShowdown
|
|t:|1621002460
|switch|p2a: Toxapex|Toxapex, M|93\/100 brn
|-damage|p2a: Toxapex|80\/100 brn|[from] Stealth Rock
|turn|39
|
|t:|1621002468
|move|p1a: Moltres|Defog|p2a: Toxapex
|-unboost|p2a: Toxapex|evasion|1
|-sideend|p2: Magmajudis|Stealth Rock|[from] move: Defog|[of] p1a: Moltres
|-sideend|p1: exploziff|Stealth Rock|[from] move: Defog|[of] p1a: Moltres
|move|p2a: Toxapex|Scald|p1a: Moltres
|-supereffective|p1a: Moltres
|-damage|p1a: Moltres|165\/383
|
|-heal|p2a: Toxapex|86\/100 brn|[from] item: Black Sludge
|-damage|p2a: Toxapex|80\/100 brn|[from] brn
|upkeep
|turn|40
|
|t:|1621002478
|move|p1a: Moltres|Roost|p1a: Moltres
|-heal|p1a: Moltres|357\/383
|-singleturn|p1a: Moltres|move: Roost
|move|p2a: Toxapex|Toxic|p1a: Moltres
|-status|p1a: Moltres|tox
|
|-heal|p2a: Toxapex|86\/100 brn|[from] item: Black Sludge
|-damage|p1a: Moltres|334\/383 tox|[from] psn
|-damage|p2a: Toxapex|80\/100 brn|[from] brn
|upkeep
|turn|41
|
|t:|1621002484
|move|p1a: Moltres|Mystical Fire|p2a: Toxapex
|-resisted|p2a: Toxapex
|-damage|p2a: Toxapex|71\/100 brn
|-unboost|p2a: Toxapex|spa|1
|move|p2a: Toxapex|Scald|p1a: Moltres
|-supereffective|p1a: Moltres
|-damage|p1a: Moltres|242\/383 tox
|
|-heal|p2a: Toxapex|77\/100 brn|[from] item: Black Sludge
|-damage|p1a: Moltres|196\/383 tox|[from] psn
|-damage|p2a: Toxapex|71\/100 brn|[from] brn
|upkeep
|turn|42
|
|t:|1621002490
|move|p1a: Moltres|Mystical Fire|p2a: Toxapex
|-resisted|p2a: Toxapex
|-damage|p2a: Toxapex|61\/100 brn
|-unboost|p2a: Toxapex|spa|1
|move|p2a: Toxapex|Scald|p1a: Moltres
|-supereffective|p1a: Moltres
|-damage|p1a: Moltres|134\/383 tox
|
|-heal|p2a: Toxapex|67\/100 brn|[from] item: Black Sludge
|-damage|p1a: Moltres|65\/383 tox|[from] psn
|-damage|p2a: Toxapex|61\/100 brn|[from] brn
|upkeep
|turn|43
|
|t:|1621002498
|move|p1a: Moltres|Roost|p1a: Moltres
|-heal|p1a: Moltres|257\/383 tox
|-singleturn|p1a: Moltres|move: Roost
|move|p2a: Toxapex|Scald|p1a: Moltres
|-supereffective|p1a: Moltres
|-damage|p1a: Moltres|195\/383 tox
|
|-heal|p2a: Toxapex|67\/100 brn|[from] item: Black Sludge
|-damage|p1a: Moltres|103\/383 tox|[from] psn
|-damage|p2a: Toxapex|61\/100 brn|[from] brn
|upkeep
|turn|44
|
|t:|1621002504
|move|p1a: Moltres|Roost|p1a: Moltres
|-heal|p1a: Moltres|295\/383 tox
|-singleturn|p1a: Moltres|move: Roost
|move|p2a: Toxapex|Scald|p1a: Moltres
|-supereffective|p1a: Moltres
|-damage|p1a: Moltres|227\/383 tox
|
|-heal|p2a: Toxapex|67\/100 brn|[from] item: Black Sludge
|-damage|p1a: Moltres|112\/383 tox|[from] psn
|-damage|p2a: Toxapex|61\/100 brn|[from] brn
|upkeep
|turn|45
|
|t:|1621002516
|switch|p1a: Clefable|Clefable, M|394\/394
|move|p2a: Toxapex|Haze|p2a: Toxapex
|-clearallboost
|
|-heal|p2a: Toxapex|67\/100 brn|[from] item: Black Sludge
|-damage|p2a: Toxapex|61\/100 brn|[from] brn
|upkeep
|turn|46
|
|t:|1621002522
|move|p1a: Clefable|Stealth Rock|p2a: Toxapex
|-sidestart|p2: Magmajudis|move: Stealth Rock
|move|p2a: Toxapex|Scald|p1a: Clefable
|-damage|p1a: Clefable|352\/394
|-status|p1a: Clefable|brn
|
|-heal|p2a: Toxapex|67\/100 brn|[from] item: Black Sludge
|-damage|p1a: Clefable|328\/394 brn|[from] brn
|-damage|p2a: Toxapex|61\/100 brn|[from] brn
|upkeep
|turn|47
|
|t:|1621002532
|move|p1a: Clefable|Moonblast|p2a: Toxapex
|-resisted|p2a: Toxapex
|-crit|p2a: Toxapex
|-damage|p2a: Toxapex|45\/100 brn
|move|p2a: Toxapex|Recover|p2a: Toxapex
|-heal|p2a: Toxapex|96\/100 brn
|
|-heal|p2a: Toxapex|100\/100 brn|[from] item: Black Sludge
|-damage|p1a: Clefable|304\/394 brn|[from] brn
|-damage|p2a: Toxapex|95\/100 brn|[from] brn
|upkeep
|turn|48
|
|t:|1621002537
|switch|p2a: Gengar|Gengar, M|82\/100
|-damage|p2a: Gengar|70\/100|[from] Stealth Rock
|move|p1a: Clefable|Moonblast|p2a: Gengar
|-resisted|p2a: Gengar
|-damage|p2a: Gengar|43\/100
|-unboost|p2a: Gengar|spa|1
|
|-damage|p1a: Clefable|280\/394 brn|[from] brn
|upkeep
|turn|49
|
|t:|1621002555
|switch|p1a: Moltres|Moltres|112\/383 tox
|move|p2a: Gengar|Sludge Wave|p1a: Moltres
|-damage|p1a: Moltres|0 fnt
|faint|p1a: Moltres
|
|upkeep
|
|t:|1621002559
|switch|p1a: Hippowdon|Hippowdon, F|394\/420
|-weather|Sandstorm|[from] ability: Sand Stream|[of] p1a: Hippowdon
|turn|50
|
|t:|1621002562
|switch|p2a: Toxapex|Toxapex, M|100\/100 brn
|-damage|p2a: Toxapex|88\/100 brn|[from] Stealth Rock
|move|p1a: Hippowdon|Earthquake|p2a: Toxapex
|-supereffective|p2a: Toxapex
|-damage|p2a: Toxapex|31\/100 brn
|
|-weather|Sandstorm|[upkeep]
|-damage|p2a: Toxapex|25\/100 brn|[from] Sandstorm
|-heal|p2a: Toxapex|31\/100 brn|[from] item: Black Sludge
|-damage|p2a: Toxapex|25\/100 brn|[from] brn
|upkeep
|turn|51
|
|t:|1621002566
|move|p1a: Hippowdon|Earthquake|p2a: Toxapex
|-supereffective|p2a: Toxapex
|-damage|p2a: Toxapex|0 fnt
|faint|p2a: Toxapex
|
|-weather|Sandstorm|[upkeep]
|upkeep
|
|t:|1621002573
|switch|p2a: Infernape|Infernape-Mega, M|88\/100
|-start|p2a: Infernape|typechange|Fire\/Fighting|[silent]
|-damage|p2a: Infernape|76\/100|[from] Stealth Rock
|turn|52
|c|☆Magmajudis|Gg
|
|t:|1621002655
|switch|p2a: Gengar|Gengar, M|43\/100
|-damage|p2a: Gengar|30\/100|[from] Stealth Rock
|move|p1a: Hippowdon|Earthquake|p2a: Gengar
|-supereffective|p2a: Gengar
|-damage|p2a: Gengar|0 fnt
|faint|p2a: Gengar
|
|-weather|Sandstorm|[upkeep]
|upkeep
|c|☆exploziff|gg
|
|t:|1621002661
|switch|p2a: Infernape|Infernape-Mega, M|76\/100
|-start|p2a: Infernape|typechange|Fire\/Fighting|[silent]
|-damage|p2a: Infernape|64\/100|[from] Stealth Rock
|turn|53
|
|t:|1621002675
|move|p2a: Infernape|Flare Blitz|p1a: Hippowdon
|-damage|p1a: Hippowdon|265\/420
|-damage|p2a: Infernape|47\/100|[from] item: Rocky Helmet|[of] p1a: Hippowdon
|-damage|p2a: Infernape|33\/100|[from] Recoil
|move|p1a: Hippowdon|Earthquake|p2a: Infernape
|-supereffective|p2a: Infernape
|-damage|p2a: Infernape|0 fnt
|faint|p2a: Infernape
|
|win|exploziff
|c| Hematemesis|Vamos Explo
|c| GottaGoPrettyQuick|Gg
|c| Hematemesis|Mfw Hippo has the number 1 usage in singles in week 3 so far
|l| Hematemesis
|l| ASnomPlaysShowdown
|l| GottaGoPrettyQuick</script>
</div>
<div class="battle-log battle-log-inline"><div class="inner"><div class="battle-options"><div style="padding-top: 3px; padding-right: 3px; text-align: right"><button class="icon button" name="openBattleOptions" title="Options">Battle Options</button></div></div><div class="inner message-log"><div class="chat"><small>☆exploziff and ☆Magmajudis joined</small></div><div class=""><small>Format:</small> <br><strong>[Gen 8] Megas for All</strong></div><div class=""><small><em>HP Percentage Mod:</em> HP is shown in percentages</small></div><div class=""><small><em>Endless Battle Clause:</em> Forcing endless battles is banned</small></div><div class=""><small><em>OHKO Clause:</em> OHKO moves are banned</small></div><div class=""><small><em>Evasion Moves Clause:</em> Evasion moves are banned</small></div><div class=""><small><em>Species Clause:</em> Limit one of each Pokémon</small></div><div class=""><small><em>Dynamax Clause:</em> You cannot dynamax</small></div><div class=""><small><em>Sleep Clause Mod:</em> Limit one foe put to sleep</small></div><div class=""><small><em>Freeze Clause Mod:</em> Limit one foe frozen</small></div><div class="chat"><img src="https://www.smogon.com/forums/attachments/banner_2-png.302358/" height="65" width="381"></div><div class="spacer battle-history"><br></div><div class="battle-history"><small>Welcome to Megas for All!</small><br></div><div class="battle-history"><small>This is a National Dex-based format where we aim to give a new Mega Evolution to every Pokémon.</small><br></div><div class="battle-history"><small>Just like any official format, you can still only Mega Evolve one Pokémon per team!</small><br></div><div class="battle-history"><small>You can find our thread and metagame resources here:</small><br></div><div class="battle-history"><small>https://www.smogon.com/forums/threads/3671140/</small><br></div><div class="chat battle-history"><strong>exploziff's team:</strong> <em style="color:#445566;display:block;">Araquanid / Clefable / Hippowdon / Tapu Koko / Moltres / Terrakion</em></div><div class="chat battle-history"><strong>Magmajudis's team:</strong> <em style="color:#445566;display:block;">Infernape / Hippowdon / Toxapex / Kyurem / Gengar / Corviknight</em></div><div class="chat chatmessage-exploziff mine"><strong style="color:#70a52f"><small>☆</small><span class="username" data-name="exploziff">exploziff</span>:</strong> <em>hf</em></div><div class="spacer battle-history"><br></div><div class="battle-history">Battle started between exploziff and Magmajudis!<br></div><div class="spacer battle-history"><br></div><div class="battle-history">Go! <strong>Tapu Koko</strong>!<br></div><div class="spacer battle-history"><br></div><div class="battle-history">Magmajudis sent out <strong>Infernape</strong>!<br></div><div class="battle-history">[Tapu Koko's Electric Surge]<br><small>An electric current ran across the battlefield!</small><br></div><div class="spacer battle-history"><br></div><h2 class="battle-history">Turn 1</h2><div class="chat chatmessage-magmajudis"><strong style="color:#979b3e"><small>☆</small><span class="username" data-name="Magmajudis">Magmajudis</span>:</strong> <em>U2</em></div><div class="chat"><small> GottaGoPrettyQuick joined</small></div><div class="spacer battle-history"><br></div><div class="battle-history">Tapu Koko, come back!<br></div><div class="battle-history">Go! <strong>Moltres</strong>!<br></div><div class="spacer battle-history"><br></div><div class="battle-history">Magmajudis withdrew Infernape!<br></div><div class="battle-history">Magmajudis sent out <strong>Hippowdon</strong>!<br></div><div class="battle-history">[The opposing Hippowdon's Sand Stream]<br><small>A sandstorm kicked up!</small><br></div><div class="spacer battle-history"><br></div><div class="battle-history"><small>(The sandstorm is raging.)</small><br></div><div class="battle-history"><small>Moltres is buffeted by the sandstorm!</small><br></div><div class="spacer battle-history"><br></div><h2 class="battle-history">Turn 2</h2><div class="chat chatmessage-gottagoprettyquick"><strong style="color:#0e9549"><small> </small><span class="username" data-name="GottaGoPrettyQuick">GottaGoPrettyQuick</span>:</strong> <em>Oh it's BO3?</em></div><div class="spacer battle-history"><br></div><div class="battle-history">Moltres used <strong>Mystical Fire</strong>!<br></div><div class="battle-history"><small>(The opposing Hippowdon lost 35% of its health!)</small><br></div><div class="battle-history"><small>The opposing Hippowdon's Sp. Atk fell!</small><br></div><div class="spacer battle-history"><br></div><div class="battle-history">The opposing Hippowdon used <strong>Stealth Rock</strong>!<br></div><div class="battle-history"><small>Pointed stones float in the air around your team!</small><br></div><div class="spacer battle-history"><br></div><div class="battle-history"><small>(The sandstorm is raging.)</small><br></div><div class="battle-history"><small>Moltres is buffeted by the sandstorm!</small><br></div><div class="battle-history"><small>The opposing Hippowdon restored a little HP using its Leftovers!</small><br></div><div class="spacer battle-history"><br></div><h2 class="battle-history">Turn 3</h2><div class="chat chatmessage-exploziff mine"><strong style="color:#70a52f"><small>☆</small><span class="username" data-name="exploziff">exploziff</span>:</strong> <em>y</em></div><div class="spacer battle-history"><br></div><div class="battle-history">Moltres used <strong>Defog</strong>!<br></div><div class="battle-history"><small>The opposing Hippowdon's evasiveness fell!</small><br></div><div class="battle-history"><small>The pointed stones disappeared from around your team!</small><br></div><div class="battle-history"><small>The electricity disappeared from the battlefield.</small><br></div><div class="spacer battle-history"><br></div><div class="battle-history">The opposing Hippowdon used <strong>Slack Off</strong>!<br></div><div class="battle-history"><small>The opposing Hippowdon had its HP restored.</small><br></div><div class="spacer battle-history"><br></div><div class="battle-history"><small>(The sandstorm is raging.)</small><br></div><div class="battle-history"><small>Moltres is buffeted by the sandstorm!</small><br></div><div class="spacer battle-history"><br></div><h2 class="battle-history">Turn 4</h2><div class="chat"><small> Hematemesis joined</small></div><div class="spacer battle-history"><br></div><div class="battle-history">Moltres used <strong>U-turn</strong>!<br></div><div class="battle-history"><small>(The opposing Hippowdon lost 7% of its health!)</small><br></div><div class="chat chatmessage-gottagoprettyquick"><strong style="color:#0e9549"><small> </small><span class="username" data-name="GottaGoPrettyQuick">GottaGoPrettyQuick</span>:</strong> <em>Oh</em></div><div class="spacer battle-history"><br></div><div class="battle-history">Moltres went back to exploziff!<br></div><div class="battle-history">Go! <strong>Araquanid</strong>!<br></div><div class="spacer battle-history"><br></div><div class="battle-history">The opposing Hippowdon used <strong>Roar</strong>!<br></div><div class="spacer battle-history"><br></div><div class="battle-history"><strong>Tapu Koko</strong> was dragged out!<br></div><div class="battle-history">[Tapu Koko's Electric Surge]<br><small>An electric current ran across the battlefield!</small><br></div><div class="spacer battle-history"><br></div><div class="battle-history"><small>(The sandstorm is raging.)</small><br></div><div class="battle-history"><small>Tapu Koko is buffeted by the sandstorm!</small><br></div><div class="battle-history"><small>The opposing Hippowdon restored a little HP using its Leftovers!</small><br></div><div class="spacer battle-history"><br></div><h2 class="battle-history">Turn 5</h2><div class="chat chatmessage-gottagoprettyquick"><strong style="color:#0e9549"><small> </small><span class="username" data-name="GottaGoPrettyQuick">GottaGoPrettyQuick</span>:</strong> <em>Then</em></div><div class="spacer battle-history"><br></div><div class="battle-history">Tapu Koko used <strong>U-turn</strong>!<br></div><div class="battle-history"><small>(The opposing Hippowdon lost 9% of its health!)</small><br></div><div class="spacer battle-history"><br></div><div class="battle-history">Tapu Koko went back to exploziff!<br></div><div class="battle-history">Go! <strong>Araquanid</strong>!<br></div><div class="spacer battle-history"><br></div><div class="battle-history">The opposing Hippowdon used <strong>Stealth Rock</strong>!<br></div><div class="battle-history"><small>Pointed stones float in the air around your team!</small><br></div><div class="spacer battle-history"><br></div><div class="battle-history"><small>The sandstorm subsided.</small><br></div><div class="battle-history"><small>The opposing Hippowdon restored a little HP using its Leftovers!</small><br></div><div class="spacer battle-history"><br></div><h2 class="battle-history">Turn 6</h2><div class="chat chatmessage-gottagoprettyquick"><strong style="color:#0e9549"><small> </small><span class="username" data-name="GottaGoPrettyQuick">GottaGoPrettyQuick</span>:</strong> <em>GO MAGMAJUDIS</em></div><div class="chat chatmessage-hematemesis"><strong style="color:#9412d5"><small> </small><span class="username" data-name="Hematemesis">Hematemesis</span>:</strong> <em>Noooo</em></div><div class="spacer battle-history"><br></div><div class="battle-history">Magmajudis withdrew Hippowdon!<br></div><div class="battle-history">Magmajudis sent out <strong>Toxapex</strong>!<br></div><div class="spacer battle-history"><br></div><div class="battle-history"><small>Araquanid's Araquanite is reacting to the Key Stone!</small><br>Araquanid has Mega Evolved into Mega Araquanid!<br></div><div class="chat"><ul class="utilichart"><li class="result"><span class="col pokemonnamecol" style="white-space: nowrap">Araquanid-Mega</span> <span class="col typecol"><img src="https://play.pokemonshowdown.com/sprites/types/Water.png" alt="Water" height="14" width="32"><img src="https://play.pokemonshowdown.com/sprites/types/Bug.png" alt="Bug" height="14" width="32"></span> <span style="float: left ; min-height: 26px"><span class="col abilitycol">Body of Water</span><span class="col abilitycol"></span></span><span style="float: left ; min-height: 26px"><span class="col statcol"><em>HP</em><br>68</span> <span class="col statcol"><em>Atk</em><br>70</span> <span class="col statcol"><em>Def</em><br>147</span> <span class="col statcol"><em>SpA</em><br>50</span> <span class="col statcol"><em>SpD</em><br>177</span> <span class="col statcol"><em>Spe</em><br>42</span> </span></li><li style="clear: both"></li></ul></div><div class="spacer battle-history"><br></div><div class="battle-history">Araquanid used <strong>Scald</strong>!<br></div><div class="battle-history"><small>It's not very effective...</small><br></div><div class="battle-history"><small>(The opposing Toxapex lost 17% of its health!)</small><br></div><div class="spacer battle-history"><br></div><div class="battle-history"><small>The opposing Toxapex restored a little HP using its Black Sludge!</small><br></div><div class="spacer battle-history"><br></div><h2 class="battle-history">Turn 7</h2><div class="chat chatmessage-hematemesis"><strong style="color:#9412d5"><small> </small><span class="username" data-name="Hematemesis">Hematemesis</span>:</strong> <em>Someone used the same team twice again</em></div><div class="chat chatmessage-hematemesis"><strong style="color:#9412d5"><small> </small><span class="username" data-name="Hematemesis">Hematemesis</span>:</strong> <em>Stats ruined</em></div><div class="spacer battle-history"><br></div><div class="battle-history">Araquanid used <strong>Scald</strong>!<br></div><div class="battle-history"><small>It's not very effective...</small><br></div><div class="battle-history"><small>(The opposing Toxapex lost 17% of its health!)</small><br></div><div class="battle-history"><small>The opposing Toxapex was burned!</small><br></div><div class="spacer battle-history"><br></div><div class="battle-history">The opposing Toxapex used <strong>Toxic</strong>!<br></div><div class="battle-history"><small>Araquanid was badly poisoned!</small><br></div><div class="spacer battle-history"><br></div><div class="battle-history"><small>The opposing Toxapex restored a little HP using its Black Sludge!</small><br></div><div class="battle-history"><small>Araquanid was hurt by poison!</small><br></div><div class="battle-history"><small>The opposing Toxapex was hurt by its burn!</small><br></div><div class="spacer battle-history"><br></div><h2 class="battle-history">Turn 8</h2><div class="spacer battle-history"><br></div><div class="battle-history">Araquanid used <strong>Scald</strong>!<br></div><div class="battle-history"><small>It's not very effective...</small><br></div><div class="battle-history"><small>(The opposing Toxapex lost 19% of its health!)</small><br></div><div class="spacer battle-history"><br></div><div class="battle-history">The opposing Toxapex used <strong>Scald</strong>!<br></div><div class="battle-history"><small>It's not very effective...</small><br></div><div class="battle-history"><small>(Araquanid lost <abbr title="−12/339">3.5%</abbr> of its health!)</small><br></div><div class="spacer battle-history"><br></div><div class="battle-history"><small>The opposing Toxapex restored a little HP using its Black Sludge!</small><br></div><div class="battle-history"><small>Araquanid was hurt by poison!</small><br></div><div class="battle-history"><small>The opposing Toxapex was hurt by its burn!</small><br></div><div class="battle-history"><small>The electricity disappeared from the battlefield.</small><br></div><div class="spacer battle-history"><br></div><h2 class="battle-history">Turn 9</h2><div class="spacer battle-history"><br></div><div class="battle-history">Araquanid used <strong>Scald</strong>!<br></div><div class="battle-history"><small>It's not very effective...</small><br></div><div class="battle-history"><small>(The opposing Toxapex lost 19% of its health!)</small><br></div><div class="spacer battle-history"><br></div><div class="battle-history">The opposing Toxapex used <strong>Recover</strong>!<br></div><div class="battle-history"><small>The opposing Toxapex had its HP restored.</small><br></div><div class="spacer battle-history"><br></div><div class="battle-history"><small>The opposing Toxapex restored a little HP using its Black Sludge!</small><br></div><div class="battle-history"><small>Araquanid was hurt by poison!</small><br></div><div class="battle-history"><small>The opposing Toxapex was hurt by its burn!</small><br></div><div class="spacer battle-history"><br></div><h2 class="battle-history">Turn 10</h2><div class="spacer battle-history"><br></div><div class="battle-history">Araquanid used <strong>Rest</strong>!<br></div><div class="battle-history"><small>Araquanid slept and became healthy!</small><br></div><div class="spacer battle-history"><br></div><div class="battle-history">The opposing Toxapex used <strong>Recover</strong>!<br></div><div class="battle-history"><small>The opposing Toxapex had its HP restored.</small><br></div><div class="spacer battle-history"><br></div><div class="battle-history"><small>The opposing Toxapex was hurt by its burn!</small><br></div><div class="spacer battle-history"><br></div><h2 class="battle-history">Turn 11</h2><div class="spacer battle-history"><br></div><div class="battle-history">Magmajudis withdrew Toxapex!<br></div><div class="battle-history">Magmajudis sent out <strong>Kyurem</strong>!<br></div><div class="battle-history">[The opposing Kyurem's Pressure]<br><small>The opposing Kyurem is exerting its pressure!</small><br></div><div class="spacer battle-history"><br></div><div class="battle-history">Araquanid is fast asleep.<br></div><div class="spacer battle-history"><br></div><div class="battle-history">Araquanid used <strong>Sleep Talk</strong>!<br></div><div class="spacer battle-history"><br></div><div class="battle-history">Araquanid used <strong>Toxic</strong>!<br></div><div class="battle-history"><small>The opposing Kyurem was badly poisoned!</small><br></div><div class="spacer battle-history"><br></div><div class="battle-history"><small>The opposing Kyurem was hurt by poison!</small><br></div><div class="spacer battle-history"><br></div><h2 class="battle-history">Turn 12</h2><div class="spacer battle-history"><br></div><div class="battle-history">Araquanid, come back!<br></div><div class="battle-history">Go! <strong>Clefable</strong>!<br></div><div class="spacer battle-history"><br></div><div class="battle-history">The opposing Kyurem used <strong>Substitute</strong>!<br></div><div class="battle-history"><small>The opposing Kyurem put in a substitute!</small><br></div><div class="battle-history"><small>(The opposing Kyurem lost 25% of its health!)</small><br></div><div class="spacer battle-history"><br></div><div class="battle-history"><small>The opposing Kyurem was hurt by poison!</small><br></div><div class="spacer battle-history"><br></div><h2 class="battle-history">Turn 13</h2><div class="spacer battle-history"><br></div><div class="battle-history">The opposing Kyurem used <strong>Freeze-Dry</strong>!<br></div><div class="battle-history"><small>(Clefable lost <abbr title="−88/394">22.3%</abbr> of its health!)</small><br></div><div class="spacer battle-history"><br></div><div class="battle-history">Clefable used <strong>Stealth Rock</strong>!<br></div><div class="battle-history"><small>Pointed stones float in the air around the opposing team!</small><br></div><div class="spacer battle-history"><br></div><div class="battle-history"><small>The opposing Kyurem was hurt by poison!</small><br></div><div class="spacer battle-history"><br></div><h2 class="battle-history">Turn 14</h2><div class="spacer battle-history"><br></div><div class="battle-history">The opposing Kyurem used <strong>Roost</strong>!<br></div><div class="battle-history"><small>The opposing Kyurem had its HP restored.</small><br></div><div class="spacer battle-history"><br></div><div class="battle-history">Clefable used <strong>Soft-Boiled</strong>!<br></div><div class="battle-history"><small>Clefable had its HP restored.</small><br></div><div class="spacer battle-history"><br></div><div class="battle-history"><small>The opposing Kyurem was hurt by poison!</small><br></div><div class="spacer battle-history"><br></div><h2 class="battle-history">Turn 15</h2><div class="spacer battle-history"><br></div><div class="battle-history">The opposing Kyurem used <strong>Freeze-Dry</strong>!<br></div><div class="battle-history"><small>(Clefable lost <abbr title="−97/394">24.6%</abbr> of its health!)</small><br></div><div class="spacer battle-history"><br></div><div class="battle-history">Clefable used <strong>Will-O-Wisp</strong>!<br></div><div class="battle-history"><small>But it failed!</small><br></div><div class="spacer battle-history"><br></div><div class="battle-history"><small>The opposing Kyurem was hurt by poison!</small><br></div><div class="spacer battle-history"><br></div><h2 class="battle-history">Turn 16</h2><div class="chat"><small> ASnomPlaysShowdown joined</small></div><div class="spacer battle-history"><br></div><div class="battle-history">Magmajudis withdrew Kyurem!<br></div><div class="battle-history">Magmajudis sent out <strong>Toxapex</strong>!<br></div><div class="battle-history"><small>Pointed stones dug into the opposing Toxapex!</small><br></div><div class="spacer battle-history"><br></div><div class="battle-history">Clefable used <strong>Soft-Boiled</strong>!<br></div><div class="battle-history"><small>Clefable had its HP restored.</small><br></div><div class="spacer battle-history"><br></div><div class="battle-history"><small>The opposing Toxapex restored a little HP using its Black Sludge!</small><br></div><div class="battle-history"><small>The opposing Toxapex was hurt by its burn!</small><br></div><div class="spacer battle-history"><br></div><h2 class="battle-history">Turn 17</h2><div class="spacer battle-history"><br></div><div class="battle-history">Clefable, come back!<br></div><div class="battle-history">Go! Araquanid (<strong>Araquanid-Mega</strong>)!<br></div><div class="battle-history"><small>Pointed stones dug into Araquanid!</small><br></div><div class="spacer battle-history"><br></div><div class="battle-history">The opposing Toxapex used <strong>Scald</strong>!<br></div><div class="battle-history"><small>It's not very effective...</small><br></div><div class="battle-history"><small>(Araquanid lost <abbr title="−14/339">4.1%</abbr> of its health!)</small><br></div><div class="spacer battle-history"><br></div><div class="battle-history"><small>The opposing Toxapex restored a little HP using its Black Sludge!</small><br></div><div class="battle-history"><small>The opposing Toxapex was hurt by its burn!</small><br></div><div class="spacer battle-history"><br></div><h2 class="battle-history">Turn 18</h2><div class="spacer battle-history"><br></div><div class="battle-history">Magmajudis withdrew Toxapex!<br></div><div class="battle-history">Magmajudis sent out <strong>Corviknight</strong>!<br></div><div class="battle-history"><small>Pointed stones dug into the opposing Corviknight!</small><br></div><div class="battle-history">[The opposing Corviknight's Pressure]<br><small>The opposing Corviknight is exerting its pressure!</small><br></div><div class="spacer battle-history"><br></div><div class="battle-history">Araquanid is fast asleep.<br></div><div class="spacer battle-history"><br></div><div class="battle-history">Araquanid used <strong>Sleep Talk</strong>!<br></div><div class="spacer battle-history"><br></div><div class="battle-history">Araquanid used <strong>Scald</strong>!<br></div><div class="battle-history"><small>(The opposing Corviknight lost 54% of its health!)</small><br></div><div class="spacer battle-history"><br></div><div class="battle-history"><small>The opposing Corviknight restored a little HP using its Leftovers!</small><br></div><div class="spacer battle-history"><br></div><h2 class="battle-history">Turn 19</h2><div class="chat chatmessage-hematemesis"><strong style="color:#9412d5"><small> </small><span class="username" data-name="Hematemesis">Hematemesis</span>:</strong> <em>Young sleep go</em></div><div class="spacer battle-history"><br></div><div class="battle-history">The opposing Corviknight used <strong>Defog</strong>!<br></div><div class="battle-history"><small>Araquanid's evasiveness fell!</small><br></div><div class="battle-history"><small>The pointed stones disappeared from around your team!</small><br></div><div class="battle-history"><small>The pointed stones disappeared from around the opposing team!</small><br></div><div class="battle-history"><small>Araquanid woke up!</small><br></div><div class="spacer battle-history"><br></div><div class="battle-history">Araquanid used <strong>Scald</strong>!<br></div><div class="battle-history"><small>(The opposing Corviknight lost 40% of its health!)</small><br></div><div class="spacer battle-history"><br></div><div class="battle-history">The opposing Corviknight fainted!<br></div><div class="spacer battle-history"><br></div><div class="battle-history">Magmajudis sent out <strong>Kyurem</strong>!<br></div><div class="battle-history">[The opposing Kyurem's Pressure]<br><small>The opposing Kyurem is exerting its pressure!</small><br></div><div class="spacer battle-history"><br></div><h2 class="battle-history">Turn 20</h2><div class="chat"><small> ASnomPlaysShowdown left</small></div><div class="spacer battle-history"><br></div><div class="battle-history">Magmajudis withdrew Kyurem!<br></div><div class="battle-history">Magmajudis sent out <strong>Gengar</strong>!<br></div><div class="spacer battle-history"><br></div><div class="battle-history">Araquanid, come back!<br></div><div class="battle-history">Go! <strong>Clefable</strong>!<br></div><div class="spacer battle-history"><br></div><h2 class="battle-history">Turn 21</h2><div class="spacer battle-history"><br></div><div class="battle-history">Clefable, come back!<br></div><div class="battle-history">Go! <strong>Hippowdon</strong>!<br></div><div class="battle-history">[Hippowdon's Sand Stream]<br><small>A sandstorm kicked up!</small><br></div><div class="spacer battle-history"><br></div><div class="battle-history">The opposing Gengar used <strong>Sludge Wave</strong>!<br></div><div class="battle-history"><small>It's not very effective...</small><br></div><div class="battle-history"><small>(Hippowdon lost <abbr title="−113/420">26.9%</abbr> of its health!)</small><br></div><div class="spacer battle-history"><br></div><div class="battle-history"><small>(The sandstorm is raging.)</small><br></div><div class="battle-history"><small>The opposing Gengar is buffeted by the sandstorm!</small><br></div><div class="spacer battle-history"><br></div><h2 class="battle-history">Turn 22</h2><div class="spacer battle-history"><br></div><div class="battle-history">Magmajudis withdrew Gengar!<br></div><div class="battle-history">Magmajudis sent out <strong>Hippowdon</strong>!<br></div><div class="spacer battle-history"><br></div><div class="battle-history">Hippowdon used <strong>Earthquake</strong>!<br></div><div class="battle-history"><small>(The opposing Hippowdon lost 21% of its health!)</small><br></div><div class="spacer battle-history"><br></div><div class="battle-history"><small>(The sandstorm is raging.)</small><br></div><div class="battle-history"><small>The opposing Hippowdon restored a little HP using its Leftovers!</small><br></div><div class="spacer battle-history"><br></div><h2 class="battle-history">Turn 23</h2><div class="spacer battle-history"><br></div><div class="battle-history">The opposing Hippowdon used <strong>Stealth Rock</strong>!<br></div><div class="battle-history"><small>Pointed stones float in the air around your team!</small><br></div><div class="spacer battle-history"><br></div><div class="battle-history">Hippowdon used <strong>Toxic</strong>!<br></div><div class="battle-history"><small>The opposing Hippowdon was badly poisoned!</small><br></div><div class="spacer battle-history"><br></div><div class="battle-history"><small>(The sandstorm is raging.)</small><br></div><div class="battle-history"><small>The opposing Hippowdon restored a little HP using its Leftovers!</small><br></div><div class="battle-history"><small>The opposing Hippowdon was hurt by poison!</small><br></div><div class="spacer battle-history"><br></div><h2 class="battle-history">Turn 24</h2><div class="spacer battle-history"><br></div><div class="battle-history">Hippowdon used <strong>Slack Off</strong>!<br></div><div class="battle-history"><small>Hippowdon had its HP restored.</small><br></div><div class="spacer battle-history"><br></div><div class="battle-history">The opposing Hippowdon used <strong>Roar</strong>!<br></div><div class="spacer battle-history"><br></div><div class="battle-history"><strong>Clefable</strong> was dragged out!<br></div><div class="spacer battle-history"><br></div><div class="battle-history"><small>(The sandstorm is raging.)</small><br></div><div class="battle-history"><small>Clefable is buffeted by the sandstorm!</small><br></div><div class="battle-history"><small>The opposing Hippowdon restored a little HP using its Leftovers!</small><br></div><div class="battle-history"><small>The opposing Hippowdon was hurt by poison!</small><br></div><div class="spacer battle-history"><br></div><h2 class="battle-history">Turn 25</h2><div class="spacer battle-history"><br></div><div class="battle-history">Clefable used <strong>Stealth Rock</strong>!<br></div><div class="battle-history"><small>Pointed stones float in the air around the opposing team!</small><br></div><div class="spacer battle-history"><br></div><div class="battle-history">The opposing Hippowdon used <strong>Earthquake</strong>!<br></div><div class="battle-history"><small>(Clefable lost <abbr title="−168/394">42.6%</abbr> of its health!)</small><br></div><div class="spacer battle-history"><br></div><div class="battle-history"><small>The sandstorm subsided.</small><br></div><div class="battle-history"><small>The opposing Hippowdon restored a little HP using its Leftovers!</small><br></div><div class="battle-history"><small>The opposing Hippowdon was hurt by poison!</small><br></div><div class="spacer battle-history"><br></div><h2 class="battle-history">Turn 26</h2><div class="spacer battle-history"><br></div><div class="battle-history">Magmajudis withdrew Hippowdon!<br></div><div class="battle-history">Magmajudis sent out <strong>Gengar</strong>!<br></div><div class="battle-history"><small>Pointed stones dug into the opposing Gengar!</small><br></div><div class="spacer battle-history"><br></div><div class="battle-history">Clefable used <strong>Soft-Boiled</strong>!<br></div><div class="battle-history"><small>Clefable had its HP restored.</small><br></div><div class="spacer battle-history"><br></div><h2 class="battle-history">Turn 27</h2><div class="spacer battle-history"><br></div><div class="battle-history">Magmajudis withdrew Gengar!<br></div><div class="battle-history">Magmajudis sent out <strong>Toxapex</strong>!<br></div><div class="battle-history"><small>Pointed stones dug into the opposing Toxapex!</small><br></div><div class="spacer battle-history"><br></div><div class="battle-history">Clefable used <strong>Moonblast</strong>!<br></div><div class="battle-history"><small>It's not very effective...</small><br></div><div class="battle-history"><small>(The opposing Toxapex lost 10% of its health!)</small><br></div><div class="battle-history"><small>The opposing Toxapex's Sp. Atk fell!</small><br></div><div class="spacer battle-history"><br></div><div class="battle-history"><small>The opposing Toxapex restored a little HP using its Black Sludge!</small><br></div><div class="battle-history"><small>The opposing Toxapex was hurt by its burn!</small><br></div><div class="spacer battle-history"><br></div><h2 class="battle-history">Turn 28</h2><div class="spacer battle-history"><br></div><div class="battle-history">Clefable, come back!<br></div><div class="battle-history">Go! <strong>Tapu Koko</strong>!<br></div><div class="battle-history"><small>Pointed stones dug into Tapu Koko!</small><br></div><div class="battle-history">[Tapu Koko's Electric Surge]<br><small>An electric current ran across the battlefield!</small><br></div><div class="spacer battle-history"><br></div><div class="battle-history">The opposing Toxapex used <strong>Scald</strong>!<br></div><div class="battle-history"><small>A critical hit!</small><br></div><div class="battle-history"><small>(Tapu Koko lost <abbr title="−118/281">42.0%</abbr> of its health!)</small><br></div><div class="battle-history"><small>Tapu Koko was burned!</small><br></div><div class="spacer battle-history"><br></div><div class="battle-history"><small>The opposing Toxapex restored a little HP using its Black Sludge!</small><br></div><div class="battle-history"><small>Tapu Koko was hurt by its burn!</small><br></div><div class="battle-history"><small>The opposing Toxapex was hurt by its burn!</small><br></div><div class="spacer battle-history"><br></div><h2 class="battle-history">Turn 29</h2><div class="spacer battle-history"><br></div><div class="battle-history">Magmajudis withdrew Toxapex!<br></div><div class="battle-history">Magmajudis sent out <strong>Hippowdon</strong>!<br></div><div class="battle-history"><small>Pointed stones dug into the opposing Hippowdon!</small><br></div><div class="battle-history">[The opposing Hippowdon's Sand Stream]<br><small>A sandstorm kicked up!</small><br></div><div class="spacer battle-history"><br></div><div class="battle-history">Tapu Koko used <strong>U-turn</strong>!<br></div><div class="battle-history"><small>(The opposing Hippowdon lost 4% of its health!)</small><br></div><div class="spacer battle-history"><br></div><div class="battle-history">Tapu Koko went back to exploziff!<br></div><div class="battle-history">Go! Araquanid (<strong>Araquanid-Mega</strong>)!<br></div><div class="battle-history"><small>Pointed stones dug into Araquanid!</small><br></div><div class="spacer battle-history"><br></div><div class="battle-history"><small>(The sandstorm is raging.)</small><br></div><div class="battle-history"><small>Araquanid is buffeted by the sandstorm!</small><br></div><div class="battle-history"><small>The opposing Hippowdon restored a little HP using its Leftovers!</small><br></div><div class="battle-history"><small>The opposing Hippowdon was hurt by poison!</small><br></div><div class="spacer battle-history"><br></div><h2 class="battle-history">Turn 30</h2><div class="chat chatmessage-hematemesis"><strong style="color:#9412d5"><small> </small><span class="username" data-name="Hematemesis">Hematemesis</span>:</strong> <em>nice, some good ol crit burn action</em></div><div class="spacer battle-history"><br></div><div class="battle-history">Magmajudis withdrew Hippowdon!<br></div><div class="battle-history">Magmajudis sent out <strong>Toxapex</strong>!<br></div><div class="battle-history"><small>Pointed stones dug into the opposing Toxapex!</small><br></div><div class="spacer battle-history"><br></div><div class="battle-history">Araquanid used <strong>Rest</strong>!<br></div><div class="battle-history"><small>Araquanid is protected by the Electric Terrain!</small><br></div><div class="battle-history"><small>But it failed!</small><br></div><div class="spacer battle-history"><br></div><div class="battle-history"><small>(The sandstorm is raging.)</small><br></div><div class="battle-history"><small>Araquanid is buffeted by the sandstorm!</small><br></div><div class="battle-history"><small>The opposing Toxapex is buffeted by the sandstorm!</small><br></div><div class="battle-history"><small>The opposing Toxapex restored a little HP using its Black Sludge!</small><br></div><div class="battle-history"><small>The opposing Toxapex was hurt by its burn!</small><br></div><div class="spacer battle-history"><br></div><h2 class="battle-history">Turn 31</h2><div class="chat chatmessage-exploziff mine"><strong style="color:#70a52f"><small>☆</small><span class="username" data-name="exploziff">exploziff</span>:</strong> <em>ups</em></div><div class="chat chatmessage-magmajudis"><strong style="color:#979b3e"><small>☆</small><span class="username" data-name="Magmajudis">Magmajudis</span>:</strong> <em>What does that mean</em></div><div class="spacer battle-history"><br></div><div class="battle-history">Araquanid used <strong>Scald</strong>!<br></div><div class="battle-history"><small>It's not very effective...</small><br></div><div class="battle-history"><small>(The opposing Toxapex lost 17% of its health!)</small><br></div><div class="spacer battle-history"><br></div><div class="battle-history">The opposing Toxapex used <strong>Toxic</strong>!<br></div><div class="battle-history"><small>Araquanid was badly poisoned!</small><br></div><div class="spacer battle-history"><br></div><div class="battle-history"><small>(The sandstorm is raging.)</small><br></div><div class="battle-history"><small>Araquanid is buffeted by the sandstorm!</small><br></div><div class="battle-history"><small>The opposing Toxapex is buffeted by the sandstorm!</small><br></div><div class="battle-history"><small>The opposing Toxapex restored a little HP using its Black Sludge!</small><br></div><div class="battle-history"><small>Araquanid was hurt by poison!</small><br></div><div class="battle-history"><small>The opposing Toxapex was hurt by its burn!</small><br></div><div class="spacer battle-history"><br></div><h2 class="battle-history">Turn 32</h2><div class="chat chatmessage-exploziff mine"><strong style="color:#70a52f"><small>☆</small><span class="username" data-name="exploziff">exploziff</span>:</strong> <em>tyhat mean i'm dumb</em></div><div class="spacer battle-history"><br></div><div class="battle-history">Magmajudis withdrew Toxapex!<br></div><div class="battle-history">Magmajudis sent out <strong>Kyurem</strong>!<br></div><div class="battle-history">[The opposing Kyurem's Pressure]<br><small>The opposing Kyurem is exerting its pressure!</small><br></div><div class="spacer battle-history"><br></div><div class="battle-history">Araquanid used <strong>Scald</strong>!<br></div><div class="battle-history"><small>It's not very effective...</small><br></div><div class="battle-history"><small>(The opposing Kyurem lost 29% of its health!)</small><br></div><div class="spacer battle-history"><br></div><div class="battle-history"><small>(The sandstorm is raging.)</small><br></div><div class="battle-history"><small>The opposing Kyurem is buffeted by the sandstorm!</small><br></div><div class="battle-history"><small>Araquanid is buffeted by the sandstorm!</small><br></div><div class="spacer battle-history"><br></div><div class="battle-history">The opposing Kyurem fainted!<br></div><div class="battle-history"><small>Araquanid was hurt by poison!</small><br></div><div class="battle-history"><small>The electricity disappeared from the battlefield.</small><br></div><div class="chat chatmessage-gottagoprettyquick"><strong style="color:#0e9549"><small> </small><span class="username" data-name="GottaGoPrettyQuick">GottaGoPrettyQuick</span>:</strong> <em>Looks like Koko is not the best partner for Araquanid</em></div><div class="chat chatmessage-exploziff mine"><strong style="color:#70a52f"><small>☆</small><span class="username" data-name="exploziff">exploziff</span>:</strong> <em>indeed</em></div><div class="spacer battle-history"><br></div><div class="battle-history">Magmajudis sent out <strong>Infernape</strong>!<br></div><div class="battle-history"><small>Pointed stones dug into the opposing Infernape!</small><br></div><div class="spacer battle-history"><br></div><h2 class="battle-history">Turn 33</h2><div class="spacer battle-history"><br></div><div class="battle-history"><small>The opposing Infernape's Infernite is reacting to the Key Stone!</small><br>The opposing Infernape has Mega Evolved into Mega Infernape!<br></div><div class="chat"><ul class="utilichart"><li class="result"><span class="col pokemonnamecol" style="white-space: nowrap">Infernape-Mega</span> <span class="col typecol"><img src="https://play.pokemonshowdown.com/sprites/types/Fire.png" alt="Fire" height="14" width="32"><img src="https://play.pokemonshowdown.com/sprites/types/Fighting.png" alt="Fighting" height="14" width="32"></span> <span style="float: left ; min-height: 26px"><span class="col abilitycol">Chakra Lock</span><span class="col abilitycol"></span></span><span style="float: left ; min-height: 26px"><span class="col statcol"><em>HP</em><br>76</span> <span class="col statcol"><em>Atk</em><br>114</span> <span class="col statcol"><em>Def</em><br>101</span> <span class="col statcol"><em>SpA</em><br>114</span> <span class="col statcol"><em>SpD</em><br>91</span> <span class="col statcol"><em>Spe</em><br>138</span> </span></li><li style="clear: both"></li></ul></div><div class="spacer battle-history"><br></div><div class="battle-history">The opposing Infernape used <strong>Close Combat</strong>!<br></div><div class="battle-history"><small>It's not very effective...</small><br></div><div class="battle-history"><small>(Araquanid lost <abbr title="−10/339">2.9%</abbr> of its health!)</small><br></div><div class="battle-history"><small>The opposing Infernape's Defense fell!</small><br></div><div class="battle-history"><small>The opposing Infernape's Sp. Def fell!</small><br></div><div class="spacer battle-history"><br></div><div class="battle-history">Araquanid fainted!<br></div><div class="spacer battle-history"><br></div><div class="battle-history"><small>The sandstorm subsided.</small><br></div><div class="spacer battle-history"><br></div><div class="battle-history">Go! <strong>Hippowdon</strong>!<br></div><div class="battle-history"><small>Pointed stones dug into Hippowdon!</small><br></div><div class="battle-history">[Hippowdon's Sand Stream]<br><small>A sandstorm kicked up!</small><br></div><div class="spacer battle-history"><br></div><h2 class="battle-history">Turn 34</h2><div class="spacer battle-history"><br></div><div class="battle-history">Magmajudis withdrew Infernape!<br></div><div class="battle-history">Magmajudis sent out <strong>Hippowdon</strong>!<br></div><div class="battle-history"><small>Pointed stones dug into the opposing Hippowdon!</small><br></div><div class="spacer battle-history"><br></div><div class="battle-history">Hippowdon used <strong>Earthquake</strong>!<br></div><div class="battle-history"><small>(The opposing Hippowdon lost 19% of its health!)</small><br></div><div class="spacer battle-history"><br></div><div class="battle-history"><small>(The sandstorm is raging.)</small><br></div><div class="battle-history"><small>The opposing Hippowdon restored a little HP using its Leftovers!</small><br></div><div class="battle-history"><small>The opposing Hippowdon was hurt by poison!</small><br></div><div class="spacer battle-history"><br></div><h2 class="battle-history">Turn 35</h2><div class="spacer battle-history"><br></div><div class="battle-history">Hippowdon used <strong>Earthquake</strong>!<br></div><div class="battle-history"><small>(The opposing Hippowdon lost 21% of its health!)</small><br></div><div class="spacer battle-history"><br></div><div class="battle-history">The opposing Hippowdon used <strong>Slack Off</strong>!<br></div><div class="battle-history"><small>The opposing Hippowdon had its HP restored.</small><br></div><div class="spacer battle-history"><br></div><div class="battle-history"><small>(The sandstorm is raging.)</small><br></div><div class="battle-history"><small>The opposing Hippowdon restored a little HP using its Leftovers!</small><br></div><div class="battle-history"><small>The opposing Hippowdon was hurt by poison!</small><br></div><div class="spacer battle-history"><br></div><h2 class="battle-history">Turn 36</h2><div class="spacer battle-history"><br></div><div class="battle-history">Hippowdon used <strong>Earthquake</strong>!<br></div><div class="battle-history"><small>(The opposing Hippowdon lost 21% of its health!)</small><br></div><div class="spacer battle-history"><br></div><div class="battle-history">The opposing Hippowdon used <strong>Slack Off</strong>!<br></div><div class="battle-history"><small>The opposing Hippowdon had its HP restored.</small><br></div><div class="spacer battle-history"><br></div><div class="battle-history"><small>(The sandstorm is raging.)</small><br></div><div class="battle-history"><small>The opposing Hippowdon restored a little HP using its Leftovers!</small><br></div><div class="battle-history"><small>The opposing Hippowdon was hurt by poison!</small><br></div><div class="spacer battle-history"><br></div><h2 class="battle-history">Turn 37</h2><div class="spacer battle-history"><br></div><div class="battle-history">Hippowdon used <strong>Earthquake</strong>!<br></div><div class="battle-history"><small>(The opposing Hippowdon lost 21% of its health!)</small><br></div><div class="spacer battle-history"><br></div><div class="battle-history">The opposing Hippowdon used <strong>Roar</strong>!<br></div><div class="spacer battle-history"><br></div><div class="battle-history"><strong>Moltres</strong> was dragged out!<br></div><div class="spacer battle-history"><br></div><div class="battle-history"><small>(The sandstorm is raging.)</small><br></div><div class="battle-history"><small>Moltres is buffeted by the sandstorm!</small><br></div><div class="battle-history"><small>The opposing Hippowdon restored a little HP using its Leftovers!</small><br></div><div class="battle-history"><small>The opposing Hippowdon was hurt by poison!</small><br></div><div class="spacer battle-history"><br></div><h2 class="battle-history">Turn 38</h2><div class="spacer battle-history"><br></div><div class="battle-history">Moltres used <strong>Mystical Fire</strong>!<br></div><div class="battle-history"><small>(The opposing Hippowdon lost 27% of its health!)</small><br></div><div class="spacer battle-history"><br></div><div class="battle-history">The opposing Hippowdon fainted!<br></div><div class="spacer battle-history"><br></div><div class="battle-history"><small>The sandstorm subsided.</small><br></div><div class="chat"><small> ASnomPlaysShowdown joined</small></div><div class="spacer battle-history"><br></div><div class="battle-history">Magmajudis sent out <strong>Toxapex</strong>!<br></div><div class="battle-history"><small>Pointed stones dug into the opposing Toxapex!</small><br></div><div class="spacer battle-history"><br></div><h2 class="battle-history">Turn 39</h2><div class="spacer battle-history"><br></div><div class="battle-history">Moltres used <strong>Defog</strong>!<br></div><div class="battle-history"><small>The opposing Toxapex's evasiveness fell!</small><br></div><div class="battle-history"><small>The pointed stones disappeared from around the opposing team!</small><br></div><div class="battle-history"><small>The pointed stones disappeared from around your team!</small><br></div><div class="spacer battle-history"><br></div><div class="battle-history">The opposing Toxapex used <strong>Scald</strong>!<br></div><div class="battle-history"><small>It's super effective!</small><br></div><div class="battle-history"><small>(Moltres lost <abbr title="−126/383">32.9%</abbr> of its health!)</small><br></div><div class="spacer battle-history"><br></div><div class="battle-history"><small>The opposing Toxapex restored a little HP using its Black Sludge!</small><br></div><div class="battle-history"><small>The opposing Toxapex was hurt by its burn!</small><br></div><div class="spacer battle-history"><br></div><h2 class="battle-history">Turn 40</h2><div class="spacer battle-history"><br></div><div class="battle-history">Moltres used <strong>Roost</strong>!<br></div><div class="battle-history"><small>Moltres had its HP restored.</small><br></div><div class="battle-history"><small>(Moltres loses Flying type this turn.)</small><br></div><div class="spacer battle-history"><br></div><div class="battle-history">The opposing Toxapex used <strong>Toxic</strong>!<br></div><div class="battle-history"><small>Moltres was badly poisoned!</small><br></div><div class="spacer battle-history"><br></div><div class="battle-history"><small>The opposing Toxapex restored a little HP using its Black Sludge!</small><br></div><div class="battle-history"><small>Moltres was hurt by poison!</small><br></div><div class="battle-history"><small>The opposing Toxapex was hurt by its burn!</small><br></div><div class="spacer battle-history"><br></div><h2 class="battle-history">Turn 41</h2><div class="spacer battle-history"><br></div><div class="battle-history">Moltres used <strong>Mystical Fire</strong>!<br></div><div class="battle-history"><small>It's not very effective...</small><br></div><div class="battle-history"><small>(The opposing Toxapex lost 9% of its health!)</small><br></div><div class="battle-history"><small>The opposing Toxapex's Sp. Atk fell!</small><br></div><div class="spacer battle-history"><br></div><div class="battle-history">The opposing Toxapex used <strong>Scald</strong>!<br></div><div class="battle-history"><small>It's super effective!</small><br></div><div class="battle-history"><small>(Moltres lost <abbr title="−92/383">24.0%</abbr> of its health!)</small><br></div><div class="spacer battle-history"><br></div><div class="battle-history"><small>The opposing Toxapex restored a little HP using its Black Sludge!</small><br></div><div class="battle-history"><small>Moltres was hurt by poison!</small><br></div><div class="battle-history"><small>The opposing Toxapex was hurt by its burn!</small><br></div><div class="spacer battle-history"><br></div><h2 class="battle-history">Turn 42</h2><div class="spacer battle-history"><br></div><div class="battle-history">Moltres used <strong>Mystical Fire</strong>!<br></div><div class="battle-history"><small>It's not very effective...</small><br></div><div class="battle-history"><small>(The opposing Toxapex lost 10% of its health!)</small><br></div><div class="battle-history"><small>The opposing Toxapex's Sp. Atk fell!</small><br></div><div class="spacer battle-history"><br></div><div class="battle-history">The opposing Toxapex used <strong>Scald</strong>!<br></div><div class="battle-history"><small>It's super effective!</small><br></div><div class="battle-history"><small>(Moltres lost <abbr title="−62/383">16.2%</abbr> of its health!)</small><br></div><div class="spacer battle-history"><br></div><div class="battle-history"><small>The opposing Toxapex restored a little HP using its Black Sludge!</small><br></div><div class="battle-history"><small>Moltres was hurt by poison!</small><br></div><div class="battle-history"><small>The opposing Toxapex was hurt by its burn!</small><br></div><div class="spacer battle-history"><br></div><h2 class="battle-history">Turn 43</h2><div class="spacer battle-history"><br></div><div class="battle-history">Moltres used <strong>Roost</strong>!<br></div><div class="battle-history"><small>Moltres had its HP restored.</small><br></div><div class="battle-history"><small>(Moltres loses Flying type this turn.)</small><br></div><div class="spacer battle-history"><br></div><div class="battle-history">The opposing Toxapex used <strong>Scald</strong>!<br></div><div class="battle-history"><small>It's super effective!</small><br></div><div class="battle-history"><small>(Moltres lost <abbr title="−62/383">16.2%</abbr> of its health!)</small><br></div><div class="spacer battle-history"><br></div><div class="battle-history"><small>The opposing Toxapex restored a little HP using its Black Sludge!</small><br></div><div class="battle-history"><small>Moltres was hurt by poison!</small><br></div><div class="battle-history"><small>The opposing Toxapex was hurt by its burn!</small><br></div><div class="spacer battle-history"><br></div><h2 class="battle-history">Turn 44</h2><div class="spacer battle-history"><br></div><div class="battle-history">Moltres used <strong>Roost</strong>!<br></div><div class="battle-history"><small>Moltres had its HP restored.</small><br></div><div class="battle-history"><small>(Moltres loses Flying type this turn.)</small><br></div><div class="spacer battle-history"><br></div><div class="battle-history">The opposing Toxapex used <strong>Scald</strong>!<br></div><div class="battle-history"><small>It's super effective!</small><br></div><div class="battle-history"><small>(Moltres lost <abbr title="−68/383">17.8%</abbr> of its health!)</small><br></div><div class="spacer battle-history"><br></div><div class="battle-history"><small>The opposing Toxapex restored a little HP using its Black Sludge!</small><br></div><div class="battle-history"><small>Moltres was hurt by poison!</small><br></div><div class="battle-history"><small>The opposing Toxapex was hurt by its burn!</small><br></div><div class="spacer battle-history"><br></div><h2 class="battle-history">Turn 45</h2><div class="spacer battle-history"><br></div><div class="battle-history">Moltres, come back!<br></div><div class="battle-history">Go! <strong>Clefable</strong>!<br></div><div class="spacer battle-history"><br></div><div class="battle-history">The opposing Toxapex used <strong>Haze</strong>!<br></div><div class="battle-history"><small>All stat changes were eliminated!</small><br></div><div class="spacer battle-history"><br></div><div class="battle-history"><small>The opposing Toxapex restored a little HP using its Black Sludge!</small><br></div><div class="battle-history"><small>The opposing Toxapex was hurt by its burn!</small><br></div><div class="spacer battle-history"><br></div><h2 class="battle-history">Turn 46</h2><div class="spacer battle-history"><br></div><div class="battle-history">Clefable used <strong>Stealth Rock</strong>!<br></div><div class="battle-history"><small>Pointed stones float in the air around the opposing team!</small><br></div><div class="spacer battle-history"><br></div><div class="battle-history">The opposing Toxapex used <strong>Scald</strong>!<br></div><div class="battle-history"><small>(Clefable lost <abbr title="−42/394">10.7%</abbr> of its health!)</small><br></div><div class="battle-history"><small>Clefable was burned!</small><br></div><div class="spacer battle-history"><br></div><div class="battle-history"><small>The opposing Toxapex restored a little HP using its Black Sludge!</small><br></div><div class="battle-history"><small>Clefable was hurt by its burn!</small><br></div><div class="battle-history"><small>The opposing Toxapex was hurt by its burn!</small><br></div><div class="spacer battle-history"><br></div><h2 class="battle-history">Turn 47</h2><div class="spacer battle-history"><br></div><div class="battle-history">Clefable used <strong>Moonblast</strong>!<br></div><div class="battle-history"><small>It's not very effective...</small><br></div><div class="battle-history"><small>A critical hit!</small><br></div><div class="battle-history"><small>(The opposing Toxapex lost 16% of its health!)</small><br></div><div class="spacer battle-history"><br></div><div class="battle-history">The opposing Toxapex used <strong>Recover</strong>!<br></div><div class="battle-history"><small>The opposing Toxapex had its HP restored.</small><br></div><div class="spacer battle-history"><br></div><div class="battle-history"><small>The opposing Toxapex restored a little HP using its Black Sludge!</small><br></div><div class="battle-history"><small>Clefable was hurt by its burn!</small><br></div><div class="battle-history"><small>The opposing Toxapex was hurt by its burn!</small><br></div><div class="spacer battle-history"><br></div><h2 class="battle-history">Turn 48</h2><div class="spacer battle-history"><br></div><div class="battle-history">Magmajudis withdrew Toxapex!<br></div><div class="battle-history">Magmajudis sent out <strong>Gengar</strong>!<br></div><div class="battle-history"><small>Pointed stones dug into the opposing Gengar!</small><br></div><div class="spacer battle-history"><br></div><div class="battle-history">Clefable used <strong>Moonblast</strong>!<br></div><div class="battle-history"><small>It's not very effective...</small><br></div><div class="battle-history"><small>(The opposing Gengar lost 27% of its health!)</small><br></div><div class="battle-history"><small>The opposing Gengar's Sp. Atk fell!</small><br></div><div class="spacer battle-history"><br></div><div class="battle-history"><small>Clefable was hurt by its burn!</small><br></div><div class="spacer battle-history"><br></div><h2 class="battle-history">Turn 49</h2><div class="spacer battle-history"><br></div><div class="battle-history">Clefable, come back!<br></div><div class="battle-history">Go! <strong>Moltres</strong>!<br></div><div class="spacer battle-history"><br></div><div class="battle-history">The opposing Gengar used <strong>Sludge Wave</strong>!<br></div><div class="battle-history"><small>(Moltres lost <abbr title="−112/383">29.2%</abbr> of its health!)</small><br></div><div class="spacer battle-history"><br></div><div class="battle-history">Moltres fainted!<br></div><div class="spacer battle-history"><br></div><div class="battle-history">Go! <strong>Hippowdon</strong>!<br></div><div class="battle-history">[Hippowdon's Sand Stream]<br><small>A sandstorm kicked up!</small><br></div><div class="spacer battle-history"><br></div><h2 class="battle-history">Turn 50</h2><div class="spacer battle-history"><br></div><div class="battle-history">Magmajudis withdrew Gengar!<br></div><div class="battle-history">Magmajudis sent out <strong>Toxapex</strong>!<br></div><div class="battle-history"><small>Pointed stones dug into the opposing Toxapex!</small><br></div><div class="spacer battle-history"><br></div><div class="battle-history">Hippowdon used <strong>Earthquake</strong>!<br></div><div class="battle-history"><small>It's super effective!</small><br></div><div class="battle-history"><small>(The opposing Toxapex lost 57% of its health!)</small><br></div><div class="spacer battle-history"><br></div><div class="battle-history"><small>(The sandstorm is raging.)</small><br></div><div class="battle-history"><small>The opposing Toxapex is buffeted by the sandstorm!</small><br></div><div class="battle-history"><small>The opposing Toxapex restored a little HP using its Black Sludge!</small><br></div><div class="battle-history"><small>The opposing Toxapex was hurt by its burn!</small><br></div><div class="spacer battle-history"><br></div><h2 class="battle-history">Turn 51</h2><div class="spacer battle-history"><br></div><div class="battle-history">Hippowdon used <strong>Earthquake</strong>!<br></div><div class="battle-history"><small>It's super effective!</small><br></div><div class="battle-history"><small>(The opposing Toxapex lost 25% of its health!)</small><br></div><div class="spacer battle-history"><br></div><div class="battle-history">The opposing Toxapex fainted!<br></div><div class="spacer battle-history"><br></div><div class="battle-history"><small>(The sandstorm is raging.)</small><br></div><div class="spacer battle-history"><br></div><div class="battle-history">Magmajudis sent out Infernape (<strong>Infernape-Mega</strong>)!<br></div><div class="battle-history"><small>Pointed stones dug into the opposing Infernape!</small><br></div><div class="spacer battle-history"><br></div><h2 class="battle-history">Turn 52</h2><div class="chat chatmessage-magmajudis"><strong style="color:#979b3e"><small>☆</small><span class="username" data-name="Magmajudis">Magmajudis</span>:</strong> <em>Gg</em></div><div class="spacer battle-history"><br></div><div class="battle-history">Magmajudis withdrew Infernape!<br></div><div class="battle-history">Magmajudis sent out <strong>Gengar</strong>!<br></div><div class="battle-history"><small>Pointed stones dug into the opposing Gengar!</small><br></div><div class="spacer battle-history"><br></div><div class="battle-history">Hippowdon used <strong>Earthquake</strong>!<br></div><div class="battle-history"><small>It's super effective!</small><br></div><div class="battle-history"><small>(The opposing Gengar lost 30% of its health!)</small><br></div><div class="spacer battle-history"><br></div><div class="battle-history">The opposing Gengar fainted!<br></div><div class="spacer battle-history"><br></div><div class="battle-history"><small>(The sandstorm is raging.)</small><br></div><div class="chat chatmessage-exploziff mine"><strong style="color:#70a52f"><small>☆</small><span class="username" data-name="exploziff">exploziff</span>:</strong> <em>gg</em></div><div class="spacer battle-history"><br></div><div class="battle-history">Magmajudis sent out Infernape (<strong>Infernape-Mega</strong>)!<br></div><div class="battle-history"><small>Pointed stones dug into the opposing Infernape!</small><br></div><div class="spacer battle-history"><br></div><h2 class="battle-history">Turn 53</h2><div class="spacer battle-history"><br></div><div class="battle-history">The opposing Infernape used <strong>Flare Blitz</strong>!<br></div><div class="battle-history"><small>(Hippowdon lost <abbr title="−129/420">30.7%</abbr> of its health!)</small><br></div><div class="battle-history"><small>The opposing Infernape was hurt by the Rocky Helmet!</small><br></div><div class="battle-history"><small>The opposing Infernape was damaged by the recoil!</small><br></div><div class="spacer battle-history"><br></div><div class="battle-history">Hippowdon used <strong>Earthquake</strong>!<br></div><div class="battle-history"><small>It's super effective!</small><br></div><div class="battle-history"><small>(The opposing Infernape lost 33% of its health!)</small><br></div><div class="spacer battle-history"><br></div><div class="battle-history">The opposing Infernape fainted!<br></div><div class="spacer battle-history"><br></div><div class="battle-history"><strong>exploziff</strong> won the battle!<br></div><div class="chat chatmessage-hematemesis"><strong style="color:#9412d5"><small> </small><span class="username" data-name="Hematemesis">Hematemesis</span>:</strong> <em>Vamos Explo</em></div><div class="chat chatmessage-gottagoprettyquick"><strong style="color:#0e9549"><small> </small><span class="username" data-name="GottaGoPrettyQuick">GottaGoPrettyQuick</span>:</strong> <em>Gg</em></div><div class="chat chatmessage-hematemesis"><strong style="color:#9412d5"><small> </small><span class="username" data-name="Hematemesis">Hematemesis</span>:</strong> <em>Mfw Hippo has the number 1 usage in singles in week 3 so far</em></div><div class="chat"><small> Hematemesis,  ASnomPlaysShowdown, and  GottaGoPrettyQuick left</small></div></div><div class="inner-preempt message-log"></div></div></div>
</div>
<script>
let daily = Math.floor(Date.now()/1000/60/60/24);document.write('<script src="https://dragonheaven.herokuapp.com/js/replay-embed.js?version'+daily+'"></'+'script>');
</script>
