<!DOCTYPE html>
<meta charset="utf-8" />
<!-- version 1 -->
<title>[Gen 8] M4A Suspect replay: wooperson's vs. E6R</title>
<style>
html,body {font-family:Verdana, sans-serif;font-size:10pt;margin:0;padding:0;}body{padding:12px 0;} .battle-log {font-family:Verdana, sans-serif;font-size:10pt;} .battle-log-inline {border:1px solid #AAAAAA;background:#EEF2F5;color:black;max-width:640px;margin:0 auto 80px;padding-bottom:5px;} .battle-log .inner {padding:4px 8px 0px 8px;} .battle-log .inner-preempt {padding:0 8px 4px 8px;} .battle-log .inner-after {margin-top:0.5em;} .battle-log h2 {margin:0.5em -8px;padding:4px 8px;border:1px solid #AAAAAA;background:#E0E7EA;border-left:0;border-right:0;font-family:Verdana, sans-serif;font-size:13pt;} .battle-log .chat {vertical-align:middle;padding:3px 0 3px 0;font-size:8pt;} .battle-log .chat strong {color:#40576A;} .battle-log .chat em {padding:1px 4px 1px 3px;color:#000000;font-style:normal;} .chat.mine {background:rgba(0,0,0,0.05);margin-left:-8px;margin-right:-8px;padding-left:8px;padding-right:8px;} .spoiler {color:#BBBBBB;background:#BBBBBB;padding:0px 3px;} .spoiler:hover, .spoiler:active, .spoiler-shown {color:#000000;background:#E2E2E2;padding:0px 3px;} .spoiler a {color:#BBBBBB;} .spoiler:hover a, .spoiler:active a, .spoiler-shown a {color:#2288CC;} .chat code, .chat .spoiler:hover code, .chat .spoiler:active code, .chat .spoiler-shown code {border:1px solid #C0C0C0;background:#EEEEEE;color:black;padding:0 2px;} .chat .spoiler code {border:1px solid #CCCCCC;background:#CCCCCC;color:#CCCCCC;} .battle-log .rated {padding:3px 4px;} .battle-log .rated strong {color:white;background:#89A;padding:1px 4px;border-radius:4px;} .spacer {margin-top:0.5em;} .message-announce {background:#6688AA;color:white;padding:1px 4px 2px;} .message-announce a, .broadcast-green a, .broadcast-blue a, .broadcast-red a {color:#DDEEFF;} .broadcast-green {background-color:#559955;color:white;padding:2px 4px;} .broadcast-blue {background-color:#6688AA;color:white;padding:2px 4px;} .infobox {border:1px solid #6688AA;padding:2px 4px;} .infobox-limited {max-height:200px;overflow:auto;overflow-x:hidden;} .broadcast-red {background-color:#AA5544;color:white;padding:2px 4px;} .message-learn-canlearn {font-weight:bold;color:#228822;text-decoration:underline;} .message-learn-cannotlearn {font-weight:bold;color:#CC2222;text-decoration:underline;} .message-effect-weak {font-weight:bold;color:#CC2222;} .message-effect-resist {font-weight:bold;color:#6688AA;} .message-effect-immune {font-weight:bold;color:#666666;} .message-learn-list {margin-top:0;margin-bottom:0;} .message-throttle-notice, .message-error {color:#992222;} .message-overflow, .chat small.message-overflow {font-size:0pt;} .message-overflow::before {font-size:9pt;content:'...';} .subtle {color:#3A4A66;}
</style>
<div class="wrapper replay-wrapper" style="max-width:1180px;margin:0 auto">
<input type="hidden" name="replayid" value="dragonheaven-gen8m4asuspect-407" />
<div class="battle"></div><div class="battle-log"></div><div class="replay-controls"></div><div class="replay-controls-2"></div>
<h1 style="font-weight:normal;text-align:center"><strong>[Gen 8] M4A Suspect</strong><br /><a href="http://pokemonshowdown.com/users/woopersons" class="subtle" target="_blank">wooperson's</a> vs. <a href="http://pokemonshowdown.com/users/e6r" class="subtle" target="_blank">E6R</a></h1>
<script type="text/plain" class="battle-log-data">|j|☆wooperson's
|j|☆E6R
|t:|1621626034
|player|p1|wooperson's|chili|
|player|p2|E6R|bruno|
|teamsize|p1|6
|teamsize|p2|6
|gametype|singles
|gen|8
|tier|[Gen 8] M4A Suspect
|rated|Tournament battle
|clearpoke
|poke|p1|Greninja, M|
|poke|p1|Noivern, M|
|poke|p1|Pelipper, F|
|poke|p1|Manaphy|
|poke|p1|Magnezone|
|poke|p1|Zamazenta-Crowned|
|poke|p2|Raichu, F|
|poke|p2|Landorus-Therian, M|
|poke|p2|Ferrothorn, M|
|poke|p2|Clefable, M|
|poke|p2|Zamazenta-Crowned|
|poke|p2|Gliscor, F|
|rule|HP Percentage Mod: HP is shown in percentages
|rule|Endless Battle Clause: Forcing endless battles is banned
|rule|OHKO Clause: OHKO moves are banned
|rule|Evasion Moves Clause: Evasion moves are banned
|rule|Species Clause: Limit one of each Pokémon
|rule|Dynamax Clause: You cannot dynamax
|rule|Sleep Clause Mod: Limit one foe put to sleep
|rule|Freeze Clause Mod: Limit one foe frozen
|raw|<img src="https:\/\/www.smogon.com\/forums\/attachments\/banner_2-png.302358\/" height="65" width="381">
|-message|Welcome to Megas for All!
|-message|This is a National Dex-based format where we aim to give a new Mega Evolution to every Pokémon.
|-message|Just like any official format, you can still only Mega Evolve one Pokémon per team!
|-message|You can find our thread and metagame resources here:
|-message|https:\/\/www.smogon.com\/forums\/threads\/3671140\/
|teampreview
|
|t:|1621626044
|start
|switch|p1a: Noivern|Noivern, M|100\/100
|switch|p2a: Ferrothorn|Ferrothorn, M|100\/100
|turn|1
|
|t:|1621626051
|detailschange|p1a: Noivern|Noivern-Mega, M
|-mega|p1a: Noivern|Noivern|Noivernite
|-start|p1a: Noivern|typechange|Psychic\/Dragon|[silent]
|raw|<ul class="utilichart"><li class="result"><span class="col pokemonnamecol" style="white-space: nowrap">Noivern-Mega<\/span> <span class="col typecol"><img src="https:\/\/play.pokemonshowdown.com\/sprites\/types\/Psychic.png" alt="Psychic" height="14" width="32"><img src="https:\/\/play.pokemonshowdown.com\/sprites\/types\/Dragon.png" alt="Dragon" height="14" width="32"><\/span> <span style="float: left ; min-height: 26px"><span class="col abilitycol">Trace<\/span><span class="col abilitycol"><\/span><\/span><span style="float: left ; min-height: 26px"><span class="col statcol"><em>HP<\/em><br>85<\/span> <span class="col statcol"><em>Atk<\/em><br>70<\/span> <span class="col statcol"><em>Def<\/em><br>95<\/span> <span class="col statcol"><em>SpA<\/em><br>120<\/span> <span class="col statcol"><em>SpD<\/em><br>95<\/span> <span class="col statcol"><em>Spe<\/em><br>170<\/span> <\/span><\/li><li style="clear: both"><\/li><\/ul>
|-ability|p1a: Noivern|Iron Barbs|[from] ability: Trace|[of] p2a: Ferrothorn
|move|p1a: Noivern|U-turn|p2a: Ferrothorn
|-damage|p2a: Ferrothorn|93\/100
|-damage|p1a: Noivern|88\/100|[from] ability: Iron Barbs|[of] p2a: Ferrothorn
|inactive|Battle timer is ON: inactive players will automatically lose when time's up. (requested by E6R)
|
|t:|1621626072
|switch|p1a: Magnezone|Magnezone|100\/100|[from]move: U-turn
|move|p2a: Ferrothorn|Stealth Rock|p1a: Magnezone
|-sidestart|p1: wooperson's|move: Stealth Rock
|
|-heal|p2a: Ferrothorn|99\/100|[from] item: Leftovers
|upkeep
|turn|2
|
|t:|1621626079
|move|p1a: Magnezone|Hidden Power|p2a: Ferrothorn
|-damage|p2a: Ferrothorn|78\/100
|move|p2a: Ferrothorn|Knock Off|p1a: Magnezone
|-damage|p1a: Magnezone|83\/100
|-enditem|p1a: Magnezone|Leftovers|[from] move: Knock Off|[of] p2a: Ferrothorn
|
|-heal|p2a: Ferrothorn|84\/100|[from] item: Leftovers
|upkeep
|turn|3
|
|t:|1621626090
|move|p1a: Magnezone|Hidden Power|p2a: Ferrothorn
|-damage|p2a: Ferrothorn|64\/100
|move|p2a: Ferrothorn|Leech Seed|p1a: Magnezone
|-start|p1a: Magnezone|move: Leech Seed
|
|-heal|p2a: Ferrothorn|71\/100|[from] item: Leftovers
|-damage|p1a: Magnezone|70\/100|[from] Leech Seed|[of] p2a: Ferrothorn
|-heal|p2a: Ferrothorn|83\/100|[silent]
|upkeep
|turn|4
|
|t:|1621626110
|switch|p1a: Pelipper|Pelipper, F|100\/100
|-damage|p1a: Pelipper|76\/100|[from] Stealth Rock
|-weather|RainDance|[from] ability: Drizzle|[of] p1a: Pelipper
|switch|p2a: Landorus|Landorus-Therian, M|100\/100
|-ability|p2a: Landorus|Intimidate|boost
|-unboost|p1a: Pelipper|atk|1
|
|-weather|RainDance|[upkeep]
|upkeep
|turn|5
|j|#inkbug1

|j| Regic Boat
|l| Regic Boat
|inactive|wooperson's has 120 seconds left.
|
|t:|1621626145
|move|p2a: Landorus|Stone Edge|p1a: Pelipper|[miss]
|-miss|p2a: Landorus|p1a: Pelipper
|move|p1a: Pelipper|Scald|p2a: Landorus
|-supereffective|p2a: Landorus
|-damage|p2a: Landorus|0 fnt
|faint|p2a: Landorus
|
|-weather|RainDance|[upkeep]
|upkeep
|
|t:|1621626150
|switch|p2a: Raichu|Raichu, F, shiny|100\/100
|turn|6
|inactive|wooperson's has 120 seconds left.
|
|t:|1621626157
|switch|p1a: Noivern|Noivern-Mega, M|88\/100
|-damage|p1a: Noivern|76\/100|[from] Stealth Rock
|-start|p1a: Noivern|typechange|Psychic\/Dragon|[silent]
|-ability|p1a: Noivern|Lightning Rod|[from] ability: Trace|[of] p2a: Raichu
|detailschange|p2a: Raichu|Raichu-Mega, F, shiny
|-mega|p2a: Raichu|Raichu|Raichunite
|-start|p2a: Raichu|typechange|Electric\/Fighting|[silent]
|raw|<ul class="utilichart"><li class="result"><span class="col pokemonnamecol" style="white-space: nowrap">Raichu-Mega<\/span> <span class="col typecol"><img src="https:\/\/play.pokemonshowdown.com\/sprites\/types\/Electric.png" alt="Electric" height="14" width="32"><img src="https:\/\/play.pokemonshowdown.com\/sprites\/types\/Fighting.png" alt="Fighting" height="14" width="32"><\/span> <span style="float: left ; min-height: 26px"><span class="col abilitycol">Reckless<\/span><span class="col abilitycol"><\/span><\/span><span style="float: left ; min-height: 26px"><span class="col statcol"><em>HP<\/em><br>60<\/span> <span class="col statcol"><em>Atk<\/em><br>125<\/span> <span class="col statcol"><em>Def<\/em><br>55<\/span> <span class="col statcol"><em>SpA<\/em><br>110<\/span> <span class="col statcol"><em>SpD<\/em><br>100<\/span> <span class="col statcol"><em>Spe<\/em><br>125<\/span> <\/span><\/li><li style="clear: both"><\/li><\/ul>
|move|p2a: Raichu|Volt Tackle|p1a: Noivern
|-ability|p1a: Noivern|Lightning Rod|boost
|-boost|p1a: Noivern|spa|1
|
|-weather|RainDance|[upkeep]
|upkeep
|turn|7
|inactive|wooperson's has 120 seconds left.
|
|t:|1621626168
|move|p1a: Noivern|Psyshock|p2a: Raichu
|-supereffective|p2a: Raichu
|-damage|p2a: Raichu|0 fnt
|faint|p2a: Raichu
|
|-weather|RainDance|[upkeep]
|upkeep
|
|t:|1621626172
|switch|p2a: Clefable|Clefable, M|100\/100
|turn|8
|
|t:|1621626176
|move|p1a: Noivern|Psyshock|p2a: Clefable
|-damage|p2a: Clefable|32\/100
|move|p2a: Clefable|Moonblast|p1a: Noivern
|-supereffective|p1a: Noivern
|-damage|p1a: Noivern|0 fnt
|faint|p1a: Noivern
|
|-weather|RainDance|[upkeep]
|upkeep
|inactive|wooperson's has 120 seconds left.
|
|t:|1621626219
|switch|p1a: Manaphy|Manaphy|100\/100
|-damage|p1a: Manaphy|88\/100|[from] Stealth Rock
|turn|9
|
|t:|1621626228
|move|p1a: Manaphy|Tail Glow|p1a: Manaphy
|-boost|p1a: Manaphy|spa|3
|move|p2a: Clefable|Soft-Boiled|p2a: Clefable
|-heal|p2a: Clefable|82\/100
|
|-weather|RainDance|[upkeep]
|upkeep
|turn|10
|
|t:|1621626235
|move|p1a: Manaphy|Tail Glow|p1a: Manaphy
|-boost|p1a: Manaphy|spa|3
|move|p2a: Clefable|Moonblast|p1a: Manaphy
|-damage|p1a: Manaphy|56\/100
|
|-weather|RainDance|[upkeep]
|upkeep
|turn|11
|inactive|wooperson's has 120 seconds left.
|
|t:|1621626243
|move|p1a: Manaphy|Surf|p2a: Clefable
|-damage|p2a: Clefable|0 fnt
|faint|p2a: Clefable
|
|-weather|none
|upkeep
|
|t:|1621626247
|switch|p2a: Ferrothorn|Ferrothorn, M|83\/100
|turn|12
|
|t:|1621626252
|-zpower|p1a: Manaphy
|move|p1a: Manaphy|Hydro Vortex|p2a: Ferrothorn|[zeffect]
|-resisted|p2a: Ferrothorn
|-damage|p2a: Ferrothorn|0 fnt
|faint|p2a: Ferrothorn
|
|upkeep
|
|t:|1621626258
|switch|p2a: Zamazenta|Zamazenta-Crowned|100\/100
|-ability|p2a: Zamazenta|Dauntless Shield|boost
|-boost|p2a: Zamazenta|def|1
|turn|13
|
|t:|1621626268
|move|p2a: Zamazenta|Wild Charge|p1a: Manaphy
|-supereffective|p1a: Manaphy
|-damage|p1a: Manaphy|0 fnt
|-damage|p2a: Zamazenta|83\/100|[from] Recoil
|faint|p1a: Manaphy
|
|upkeep
|
|t:|1621626278
|switch|p1a: gottapoko???|Greninja, M|100\/100
|-damage|p1a: gottapoko???|88\/100|[from] Stealth Rock
|turn|14
|
|t:|1621626283
|move|p1a: gottapoko???|Hydro Pump|p2a: Zamazenta|[miss]
|-miss|p1a: gottapoko???|p2a: Zamazenta
|move|p2a: Zamazenta|Wild Charge|p1a: gottapoko???
|-supereffective|p1a: gottapoko???
|-damage|p1a: gottapoko???|0 fnt
|-damage|p2a: Zamazenta|64\/100|[from] Recoil
|faint|p1a: gottapoko???
|
|upkeep
|c|☆wooperson's|.-.
|
|t:|1621626297
|switch|p1a: Zamazenta|Zamazenta-Crowned|100\/100
|-damage|p1a: Zamazenta|97\/100|[from] Stealth Rock
|-ability|p1a: Zamazenta|Dauntless Shield|boost
|-boost|p1a: Zamazenta|def|1
|turn|15
|
|t:|1621626308
|move|p2a: Zamazenta|Close Combat|p1a: Zamazenta
|-supereffective|p1a: Zamazenta
|-damage|p1a: Zamazenta|40\/100
|-unboost|p2a: Zamazenta|def|1
|-unboost|p2a: Zamazenta|spd|1
|move|p1a: Zamazenta|Wild Charge|p2a: Zamazenta
|-damage|p2a: Zamazenta|39\/100
|-damage|p1a: Zamazenta|35\/100|[from] Recoil
|
|upkeep
|turn|16
|
|t:|1621626333
|move|p2a: Zamazenta|Close Combat|p1a: Zamazenta
|-supereffective|p1a: Zamazenta
|-damage|p1a: Zamazenta|0 fnt
|-unboost|p2a: Zamazenta|def|1
|-unboost|p2a: Zamazenta|spd|1
|faint|p1a: Zamazenta
|
|upkeep
|
|t:|1621626340
|switch|p1a: Pelipper|Pelipper, F|76\/100
|-damage|p1a: Pelipper|51\/100|[from] Stealth Rock
|-weather|RainDance|[from] ability: Drizzle|[of] p1a: Pelipper
|turn|17
|
|t:|1621626344
|move|p2a: Zamazenta|Wild Charge|p1a: Pelipper
|-supereffective|p1a: Pelipper
|-crit|p1a: Pelipper
|-damage|p1a: Pelipper|0 fnt
|-damage|p2a: Zamazenta|26\/100|[from] Recoil
|faint|p1a: Pelipper
|
|-weather|RainDance|[upkeep]
|upkeep
|
|t:|1621626350
|switch|p1a: Magnezone|Magnezone|70\/100
|-damage|p1a: Magnezone|64\/100|[from] Stealth Rock
|turn|18
|
|t:|1621626362
|move|p2a: Zamazenta|Close Combat|p1a: Magnezone
|-supereffective|p1a: Magnezone
|-damage|p1a: Magnezone|0 fnt
|-unboost|p2a: Zamazenta|def|1
|-unboost|p2a: Zamazenta|spd|1
|faint|p1a: Magnezone
|
|win|E6R
|l|☆E6R</script>
</div>
<div class="battle-log battle-log-inline"><div class="inner"><div class="battle-options"><div style="padding-top: 3px; padding-right: 3px; text-align: right"><button class="icon button" name="openBattleOptions" title="Options">Battle Options</button></div></div><div class="inner message-log"><div class="chat"><small>☆wooperson's and ☆E6R joined</small></div><div class=""><small>Format:</small> <br><strong>[Gen 8] M4A Suspect</strong></div><div class="rated"><strong>Tournament battle</strong></div><div class=""><small><em>HP Percentage Mod:</em> HP is shown in percentages</small></div><div class=""><small><em>Endless Battle Clause:</em> Forcing endless battles is banned</small></div><div class=""><small><em>OHKO Clause:</em> OHKO moves are banned</small></div><div class=""><small><em>Evasion Moves Clause:</em> Evasion moves are banned</small></div><div class=""><small><em>Species Clause:</em> Limit one of each Pokémon</small></div><div class=""><small><em>Dynamax Clause:</em> You cannot dynamax</small></div><div class=""><small><em>Sleep Clause Mod:</em> Limit one foe put to sleep</small></div><div class=""><small><em>Freeze Clause Mod:</em> Limit one foe frozen</small></div><div class="chat"><img src="https://www.smogon.com/forums/attachments/banner_2-png.302358/" height="65" width="381"></div><div class="spacer battle-history"><br></div><div class="battle-history"><small>Welcome to Megas for All!</small><br></div><div class="battle-history"><small>This is a National Dex-based format where we aim to give a new Mega Evolution to every Pokémon.</small><br></div><div class="battle-history"><small>Just like any official format, you can still only Mega Evolve one Pokémon per team!</small><br></div><div class="battle-history"><small>You can find our thread and metagame resources here:</small><br></div><div class="battle-history"><small>https://www.smogon.com/forums/threads/3671140/</small><br></div><div class="chat battle-history"><strong>wooperson's's team:</strong> <em style="color:#445566;display:block;">Greninja / Noivern / Pelipper / Manaphy / Magnezone / Zamazenta-Crowned</em></div><div class="chat battle-history"><strong>E6R's team:</strong> <em style="color:#445566;display:block;">Raichu / Landorus-Therian / Ferrothorn / Clefable / Zamazenta-Crowned / Gliscor</em></div><div class="spacer battle-history"><br></div><div class="battle-history">Battle started between wooperson's and E6R!<br></div><div class="spacer battle-history"><br></div><div class="battle-history">Go! <strong>Noivern</strong>!<br></div><div class="spacer battle-history"><br></div><div class="battle-history">E6R sent out <strong>Ferrothorn</strong>!<br></div><div class="spacer battle-history"><br></div><h2 class="battle-history">Turn 1</h2><div class="spacer battle-history"><br></div><div class="battle-history"><small>Noivern's Noivernite is reacting to the Key Stone!</small><br>Noivern has Mega Evolved into Mega Noivern!<br></div><div class="chat"><ul class="utilichart"><li class="result"><span class="col pokemonnamecol" style="white-space: nowrap">Noivern-Mega</span> <span class="col typecol"><img src="https://play.pokemonshowdown.com/sprites/types/Psychic.png" alt="Psychic" height="14" width="32"><img src="https://play.pokemonshowdown.com/sprites/types/Dragon.png" alt="Dragon" height="14" width="32"></span> <span style="float: left ; min-height: 26px"><span class="col abilitycol">Trace</span><span class="col abilitycol"></span></span><span style="float: left ; min-height: 26px"><span class="col statcol"><em>HP</em><br>85</span> <span class="col statcol"><em>Atk</em><br>70</span> <span class="col statcol"><em>Def</em><br>95</span> <span class="col statcol"><em>SpA</em><br>120</span> <span class="col statcol"><em>SpD</em><br>95</span> <span class="col statcol"><em>Spe</em><br>170</span> </span></li><li style="clear: both"></li></ul></div><div class="battle-history">[Noivern's Trace]<br>[Noivern's Iron Barbs]<br><small>Noivern traced the opposing Ferrothorn's Iron Barbs!</small><br></div><div class="spacer battle-history"><br></div><div class="battle-history">Noivern used <strong>U-turn</strong>!<br></div><div class="battle-history"><small>(The opposing Ferrothorn lost 7% of its health!)</small><br></div><div class="battle-history">[The opposing Ferrothorn's Iron Barbs]<br><small>Noivern was hurt!</small><br></div><div class="chat message-error">Battle timer is ON: inactive players will automatically lose when time's up. (requested by E6R)</div><div class="spacer battle-history"><br></div><div class="battle-history">Noivern went back to wooperson's!<br></div><div class="battle-history">Go! <strong>Magnezone</strong>!<br></div><div class="spacer battle-history"><br></div><div class="battle-history">The opposing Ferrothorn used <strong>Stealth Rock</strong>!<br></div><div class="battle-history"><small>Pointed stones float in the air around your team!</small><br></div><div class="spacer battle-history"><br></div><div class="battle-history"><small>The opposing Ferrothorn restored a little HP using its Leftovers!</small><br></div><div class="spacer battle-history"><br></div><h2 class="battle-history">Turn 2</h2><div class="spacer battle-history"><br></div><div class="battle-history">Magnezone used <strong>Hidden Power</strong>!<br></div><div class="battle-history"><small>(The opposing Ferrothorn lost 21% of its health!)</small><br></div><div class="spacer battle-history"><br></div><div class="battle-history">The opposing Ferrothorn used <strong>Knock Off</strong>!<br></div><div class="battle-history"><small>(Magnezone lost 17% of its health!)</small><br></div><div class="battle-history"><small>The opposing Ferrothorn knocked off Magnezone's Leftovers!</small><br></div><div class="spacer battle-history"><br></div><div class="battle-history"><small>The opposing Ferrothorn restored a little HP using its Leftovers!</small><br></div><div class="spacer battle-history"><br></div><h2 class="battle-history">Turn 3</h2><div class="spacer battle-history"><br></div><div class="battle-history">Magnezone used <strong>Hidden Power</strong>!<br></div><div class="battle-history"><small>(The opposing Ferrothorn lost 20% of its health!)</small><br></div><div class="spacer battle-history"><br></div><div class="battle-history">The opposing Ferrothorn used <strong>Leech Seed</strong>!<br></div><div class="battle-history"><small>Magnezone was seeded!</small><br></div><div class="spacer battle-history"><br></div><div class="battle-history"><small>The opposing Ferrothorn restored a little HP using its Leftovers!</small><br></div><div class="battle-history"><small>Magnezone's health is sapped by Leech Seed!</small><br></div><div class="spacer battle-history"><br></div><h2 class="battle-history">Turn 4</h2><div class="spacer battle-history"><br></div><div class="battle-history">Magnezone, come back!<br></div><div class="battle-history">Go! <strong>Pelipper</strong>!<br></div><div class="battle-history"><small>Pointed stones dug into Pelipper!</small><br></div><div class="battle-history">[Pelipper's Drizzle]<br><small>It started to rain!</small><br></div><div class="spacer battle-history"><br></div><div class="battle-history">E6R withdrew Ferrothorn!<br></div><div class="battle-history">E6R sent out Landorus (<strong>Landorus-Therian</strong>)!<br></div><div class="battle-history">[The opposing Landorus's Intimidate]<br></div><div class="battle-history"><small>Pelipper's Attack fell!</small><br></div><div class="spacer battle-history"><br></div><div class="battle-history"><small>(Rain continues to fall.)</small><br></div><div class="spacer battle-history"><br></div><h2 class="battle-history">Turn 5</h2><div class="chat"><small>#inkbug1 and  Regic Boat joined</small></div><div class="chat"><small> Regic Boat left</small></div><div class="chat message-error">wooperson's has 120 seconds left.</div><div class="spacer battle-history"><br></div><div class="battle-history">The opposing Landorus used <strong>Stone Edge</strong>!<br></div><div class="battle-history"><small>Pelipper avoided the attack!</small><br></div><div class="spacer battle-history"><br></div><div class="battle-history">Pelipper used <strong>Scald</strong>!<br></div><div class="battle-history"><small>It's super effective!</small><br></div><div class="battle-history"><small>(The opposing Landorus lost 100% of its health!)</small><br></div><div class="spacer battle-history"><br></div><div class="battle-history">The opposing Landorus fainted!<br></div><div class="spacer battle-history"><br></div><div class="battle-history"><small>(Rain continues to fall.)</small><br></div><div class="spacer battle-history"><br></div><div class="battle-history">E6R sent out <strong>Raichu</strong>!<br></div><div class="spacer battle-history"><br></div><h2 class="battle-history">Turn 6</h2><div class="chat message-error">wooperson's has 120 seconds left.</div><div class="spacer battle-history"><br></div><div class="battle-history">Pelipper, come back!<br></div><div class="battle-history">Go! Noivern (<strong>Noivern-Mega</strong>)!<br></div><div class="battle-history"><small>Pointed stones dug into Noivern!</small><br></div><div class="battle-history">[Noivern's Trace]<br>[Noivern's Lightning Rod]<br><small>Noivern traced the opposing Raichu's Lightning Rod!</small><br></div><div class="spacer battle-history"><br></div><div class="battle-history"><small>The opposing Raichu's Raichunite is reacting to the Key Stone!</small><br>The opposing Raichu has Mega Evolved into Mega Raichu!<br></div><div class="chat"><ul class="utilichart"><li class="result"><span class="col pokemonnamecol" style="white-space: nowrap">Raichu-Mega</span> <span class="col typecol"><img src="https://play.pokemonshowdown.com/sprites/types/Electric.png" alt="Electric" height="14" width="32"><img src="https://play.pokemonshowdown.com/sprites/types/Fighting.png" alt="Fighting" height="14" width="32"></span> <span style="float: left ; min-height: 26px"><span class="col abilitycol">Reckless</span><span class="col abilitycol"></span></span><span style="float: left ; min-height: 26px"><span class="col statcol"><em>HP</em><br>60</span> <span class="col statcol"><em>Atk</em><br>125</span> <span class="col statcol"><em>Def</em><br>55</span> <span class="col statcol"><em>SpA</em><br>110</span> <span class="col statcol"><em>SpD</em><br>100</span> <span class="col statcol"><em>Spe</em><br>125</span> </span></li><li style="clear: both"></li></ul></div><div class="spacer battle-history"><br></div><div class="battle-history">The opposing Raichu used <strong>Volt Tackle</strong>!<br></div><div class="battle-history">[Noivern's Lightning Rod]<br></div><div class="battle-history"><small>Noivern's Sp. Atk rose!</small><br></div><div class="spacer battle-history"><br></div><div class="battle-history"><small>(Rain continues to fall.)</small><br></div><div class="spacer battle-history"><br></div><h2 class="battle-history">Turn 7</h2><div class="chat message-error">wooperson's has 120 seconds left.</div><div class="spacer battle-history"><br></div><div class="battle-history">Noivern used <strong>Psyshock</strong>!<br></div><div class="battle-history"><small>It's super effective!</small><br></div><div class="battle-history"><small>(The opposing Raichu lost 100% of its health!)</small><br></div><div class="spacer battle-history"><br></div><div class="battle-history">The opposing Raichu fainted!<br></div><div class="spacer battle-history"><br></div><div class="battle-history"><small>(Rain continues to fall.)</small><br></div><div class="spacer battle-history"><br></div><div class="battle-history">E6R sent out <strong>Clefable</strong>!<br></div><div class="spacer battle-history"><br></div><h2 class="battle-history">Turn 8</h2><div class="spacer battle-history"><br></div><div class="battle-history">Noivern used <strong>Psyshock</strong>!<br></div><div class="battle-history"><small>(The opposing Clefable lost 68% of its health!)</small><br></div><div class="spacer battle-history"><br></div><div class="battle-history">The opposing Clefable used <strong>Moonblast</strong>!<br></div><div class="battle-history"><small>It's super effective!</small><br></div><div class="battle-history"><small>(Noivern lost 76% of its health!)</small><br></div><div class="spacer battle-history"><br></div><div class="battle-history">Noivern fainted!<br></div><div class="spacer battle-history"><br></div><div class="battle-history"><small>(Rain continues to fall.)</small><br></div><div class="chat message-error">wooperson's has 120 seconds left.</div><div class="spacer battle-history"><br></div><div class="battle-history">Go! <strong>Manaphy</strong>!<br></div><div class="battle-history"><small>Pointed stones dug into Manaphy!</small><br></div><div class="spacer battle-history"><br></div><h2 class="battle-history">Turn 9</h2><div class="spacer battle-history"><br></div><div class="battle-history">Manaphy used <strong>Tail Glow</strong>!<br></div><div class="battle-history"><small>Manaphy's Sp. Atk rose drastically!</small><br></div><div class="spacer battle-history"><br></div><div class="battle-history">The opposing Clefable used <strong>Soft-Boiled</strong>!<br></div><div class="battle-history"><small>The opposing Clefable had its HP restored.</small><br></div><div class="spacer battle-history"><br></div><div class="battle-history"><small>(Rain continues to fall.)</small><br></div><div class="spacer battle-history"><br></div><h2 class="battle-history">Turn 10</h2><div class="spacer battle-history"><br></div><div class="battle-history">Manaphy used <strong>Tail Glow</strong>!<br></div><div class="battle-history"><small>Manaphy's Sp. Atk rose drastically!</small><br></div><div class="spacer battle-history"><br></div><div class="battle-history">The opposing Clefable used <strong>Moonblast</strong>!<br></div><div class="battle-history"><small>(Manaphy lost 32% of its health!)</small><br></div><div class="spacer battle-history"><br></div><div class="battle-history"><small>(Rain continues to fall.)</small><br></div><div class="spacer battle-history"><br></div><h2 class="battle-history">Turn 11</h2><div class="chat message-error">wooperson's has 120 seconds left.</div><div class="spacer battle-history"><br></div><div class="battle-history">Manaphy used <strong>Surf</strong>!<br></div><div class="battle-history"><small>(The opposing Clefable lost 82% of its health!)</small><br></div><div class="spacer battle-history"><br></div><div class="battle-history">The opposing Clefable fainted!<br></div><div class="spacer battle-history"><br></div><div class="battle-history"><small>The rain stopped.</small><br></div><div class="spacer battle-history"><br></div><div class="battle-history">E6R sent out <strong>Ferrothorn</strong>!<br></div><div class="spacer battle-history"><br></div><h2 class="battle-history">Turn 12</h2><div class="spacer battle-history"><br></div><div class="battle-history"><small>Manaphy surrounded itself with its Z-Power!</small><br></div><div class="spacer battle-history"><br></div><div class="battle-history"><small>Manaphy unleashes its full-force Z-Move!</small><br>Manaphy used <strong>Hydro Vortex</strong>!<br></div><div class="battle-history"><small>It's not very effective...</small><br></div><div class="battle-history"><small>(The opposing Ferrothorn lost 83% of its health!)</small><br></div><div class="spacer battle-history"><br></div><div class="battle-history">The opposing Ferrothorn fainted!<br></div><div class="spacer battle-history"><br></div><div class="battle-history">E6R sent out Zamazenta (<strong>Zamazenta-Crowned</strong>)!<br></div><div class="battle-history">[The opposing Zamazenta's Dauntless Shield]<br></div><div class="battle-history"><small>The opposing Zamazenta's Defense rose!</small><br></div><div class="spacer battle-history"><br></div><h2 class="battle-history">Turn 13</h2><div class="spacer battle-history"><br></div><div class="battle-history">The opposing Zamazenta used <strong>Wild Charge</strong>!<br></div><div class="battle-history"><small>It's super effective!</small><br></div><div class="battle-history"><small>(Manaphy lost 56% of its health!)</small><br></div><div class="battle-history"><small>The opposing Zamazenta was damaged by the recoil!</small><br></div><div class="spacer battle-history"><br></div><div class="battle-history">Manaphy fainted!<br></div><div class="spacer battle-history"><br></div><div class="battle-history">Go! gottapoko??? (<strong>Greninja</strong>)!<br></div><div class="battle-history"><small>Pointed stones dug into gottapoko???!</small><br></div><div class="spacer battle-history"><br></div><h2 class="battle-history">Turn 14</h2><div class="spacer battle-history"><br></div><div class="battle-history">gottapoko??? used <strong>Hydro Pump</strong>!<br></div><div class="battle-history"><small>The opposing Zamazenta avoided the attack!</small><br></div><div class="spacer battle-history"><br></div><div class="battle-history">The opposing Zamazenta used <strong>Wild Charge</strong>!<br></div><div class="battle-history"><small>It's super effective!</small><br></div><div class="battle-history"><small>(gottapoko??? lost 88% of its health!)</small><br></div><div class="battle-history"><small>The opposing Zamazenta was damaged by the recoil!</small><br></div><div class="spacer battle-history"><br></div><div class="battle-history">gottapoko??? fainted!<br></div><div class="chat chatmessage-woopersons"><strong style="color:#578235"><small>☆</small><span class="username" data-name="wooperson's">wooperson's</span>:</strong> <em>.-.</em></div><div class="spacer battle-history"><br></div><div class="battle-history">Go! Zamazenta (<strong>Zamazenta-Crowned</strong>)!<br></div><div class="battle-history"><small>Pointed stones dug into Zamazenta!</small><br></div><div class="battle-history">[Zamazenta's Dauntless Shield]<br></div><div class="battle-history"><small>Zamazenta's Defense rose!</small><br></div><div class="spacer battle-history"><br></div><h2 class="battle-history">Turn 15</h2><div class="spacer battle-history"><br></div><div class="battle-history">The opposing Zamazenta used <strong>Close Combat</strong>!<br></div><div class="battle-history"><small>It's super effective!</small><br></div><div class="battle-history"><small>(Zamazenta lost 57% of its health!)</small><br></div><div class="battle-history"><small>The opposing Zamazenta's Defense fell!</small><br></div><div class="battle-history"><small>The opposing Zamazenta's Sp. Def fell!</small><br></div><div class="spacer battle-history"><br></div><div class="battle-history">Zamazenta used <strong>Wild Charge</strong>!<br></div><div class="battle-history"><small>(The opposing Zamazenta lost 25% of its health!)</small><br></div><div class="battle-history"><small>Zamazenta was damaged by the recoil!</small><br></div><div class="spacer battle-history"><br></div><h2 class="battle-history">Turn 16</h2><div class="spacer battle-history"><br></div><div class="battle-history">The opposing Zamazenta used <strong>Close Combat</strong>!<br></div><div class="battle-history"><small>It's super effective!</small><br></div><div class="battle-history"><small>(Zamazenta lost 35% of its health!)</small><br></div><div class="battle-history"><small>The opposing Zamazenta's Defense fell!</small><br></div><div class="battle-history"><small>The opposing Zamazenta's Sp. Def fell!</small><br></div><div class="spacer battle-history"><br></div><div class="battle-history">Zamazenta fainted!<br></div><div class="spacer battle-history"><br></div><div class="battle-history">Go! <strong>Pelipper</strong>!<br></div><div class="battle-history"><small>Pointed stones dug into Pelipper!</small><br></div><div class="battle-history">[Pelipper's Drizzle]<br><small>It started to rain!</small><br></div><div class="spacer battle-history"><br></div><h2 class="battle-history">Turn 17</h2><div class="spacer battle-history"><br></div><div class="battle-history">The opposing Zamazenta used <strong>Wild Charge</strong>!<br></div><div class="battle-history"><small>It's super effective!</small><br></div><div class="battle-history"><small>A critical hit!</small><br></div><div class="battle-history"><small>(Pelipper lost 51% of its health!)</small><br></div><div class="battle-history"><small>The opposing Zamazenta was damaged by the recoil!</small><br></div><div class="spacer battle-history"><br></div><div class="battle-history">Pelipper fainted!<br></div><div class="spacer battle-history"><br></div><div class="battle-history"><small>(Rain continues to fall.)</small><br></div><div class="spacer battle-history"><br></div><div class="battle-history">Go! <strong>Magnezone</strong>!<br></div><div class="battle-history"><small>Pointed stones dug into Magnezone!</small><br></div><div class="spacer battle-history"><br></div><h2 class="battle-history">Turn 18</h2><div class="spacer battle-history"><br></div><div class="battle-history">The opposing Zamazenta used <strong>Close Combat</strong>!<br></div><div class="battle-history"><small>It's super effective!</small><br></div><div class="battle-history"><small>(Magnezone lost 64% of its health!)</small><br></div><div class="battle-history"><small>The opposing Zamazenta's Defense fell!</small><br></div><div class="battle-history"><small>The opposing Zamazenta's Sp. Def fell!</small><br></div><div class="spacer battle-history"><br></div><div class="battle-history">Magnezone fainted!<br></div><div class="spacer battle-history"><br></div><div class="battle-history"><strong>E6R</strong> won the battle!<br></div><div class="chat"><small>☆E6R left</small></div></div><div class="inner-preempt message-log"></div></div></div>
</div>
<script>
let daily = Math.floor(Date.now()/1000/60/60/24);document.write('<script src="https://dragonheaven.herokuapp.com/js/replay-embed.js?version'+daily+'"></'+'script>');
</script>
