<!DOCTYPE html>
<meta charset="utf-8" />
<!-- version 1 -->
<title>[Gen 8] Megas for All replay: monotype=novariety vs. Coppersmith</title>
<style>
html,body {font-family:Verdana, sans-serif;font-size:10pt;margin:0;padding:0;}body{padding:12px 0;} .battle-log {font-family:Verdana, sans-serif;font-size:10pt;} .battle-log-inline {border:1px solid #AAAAAA;background:#EEF2F5;color:black;max-width:640px;margin:0 auto 80px;padding-bottom:5px;} .battle-log .inner {padding:4px 8px 0px 8px;} .battle-log .inner-preempt {padding:0 8px 4px 8px;} .battle-log .inner-after {margin-top:0.5em;} .battle-log h2 {margin:0.5em -8px;padding:4px 8px;border:1px solid #AAAAAA;background:#E0E7EA;border-left:0;border-right:0;font-family:Verdana, sans-serif;font-size:13pt;} .battle-log .chat {vertical-align:middle;padding:3px 0 3px 0;font-size:8pt;} .battle-log .chat strong {color:#40576A;} .battle-log .chat em {padding:1px 4px 1px 3px;color:#000000;font-style:normal;} .chat.mine {background:rgba(0,0,0,0.05);margin-left:-8px;margin-right:-8px;padding-left:8px;padding-right:8px;} .spoiler {color:#BBBBBB;background:#BBBBBB;padding:0px 3px;} .spoiler:hover, .spoiler:active, .spoiler-shown {color:#000000;background:#E2E2E2;padding:0px 3px;} .spoiler a {color:#BBBBBB;} .spoiler:hover a, .spoiler:active a, .spoiler-shown a {color:#2288CC;} .chat code, .chat .spoiler:hover code, .chat .spoiler:active code, .chat .spoiler-shown code {border:1px solid #C0C0C0;background:#EEEEEE;color:black;padding:0 2px;} .chat .spoiler code {border:1px solid #CCCCCC;background:#CCCCCC;color:#CCCCCC;} .battle-log .rated {padding:3px 4px;} .battle-log .rated strong {color:white;background:#89A;padding:1px 4px;border-radius:4px;} .spacer {margin-top:0.5em;} .message-announce {background:#6688AA;color:white;padding:1px 4px 2px;} .message-announce a, .broadcast-green a, .broadcast-blue a, .broadcast-red a {color:#DDEEFF;} .broadcast-green {background-color:#559955;color:white;padding:2px 4px;} .broadcast-blue {background-color:#6688AA;color:white;padding:2px 4px;} .infobox {border:1px solid #6688AA;padding:2px 4px;} .infobox-limited {max-height:200px;overflow:auto;overflow-x:hidden;} .broadcast-red {background-color:#AA5544;color:white;padding:2px 4px;} .message-learn-canlearn {font-weight:bold;color:#228822;text-decoration:underline;} .message-learn-cannotlearn {font-weight:bold;color:#CC2222;text-decoration:underline;} .message-effect-weak {font-weight:bold;color:#CC2222;} .message-effect-resist {font-weight:bold;color:#6688AA;} .message-effect-immune {font-weight:bold;color:#666666;} .message-learn-list {margin-top:0;margin-bottom:0;} .message-throttle-notice, .message-error {color:#992222;} .message-overflow, .chat small.message-overflow {font-size:0pt;} .message-overflow::before {font-size:9pt;content:'...';} .subtle {color:#3A4A66;}
</style>
<div class="wrapper replay-wrapper" style="max-width:1180px;margin:0 auto">
<input type="hidden" name="replayid" value="dragonheaven-gen8megasforall-5187" />
<div class="battle"></div><div class="battle-log"></div><div class="replay-controls"></div><div class="replay-controls-2"></div>
<h1 style="font-weight:normal;text-align:center"><strong>[Gen 8] Megas for All</strong><br /><a href="http://pokemonshowdown.com/users/monotypenovariety" class="subtle" target="_blank">monotype=novariety</a> vs. <a href="http://pokemonshowdown.com/users/coppersmith" class="subtle" target="_blank">Coppersmith</a></h1>
<script type="text/plain" class="battle-log-data">|j|☆monotype=novariety


|j|☆Coppersmith


|player|p1|monotype=novariety|pokemaniac|


|player|p2|Coppersmith|169|
|teamsize|p1|6
|teamsize|p2|6
|gametype|singles
|gen|8
|tier|[Gen 8] Megas for All
|clearpoke
|poke|p1|Krookodile, M|
|poke|p1|Mimikyu, M|
|poke|p1|Volcarona, M|
|poke|p1|Dragapult, F|
|poke|p1|Crawdaunt, M|
|poke|p1|Grimmsnarl, M|
|poke|p2|Ditto|
|poke|p2|Toxapex, M|
|poke|p2|Clefable, F|
|poke|p2|Sableye, M|
|poke|p2|Corviknight, M|
|poke|p2|Gliscor, F|
|rule|HP Percentage Mod: HP is shown in percentages
|rule|Endless Battle Clause: Forcing endless battles is banned
|rule|OHKO Clause: OHKO moves are banned
|rule|Evasion Moves Clause: Evasion moves are banned
|rule|Species Clause: Limit one of each Pokémon
|rule|Dynamax Clause: You cannot dynamax
|rule|Sleep Clause Mod: Limit one foe put to sleep
|teampreview


|inactive|Battle timer is ON: inactive players will automatically lose when time's up. (requested by Coppersmith)

|inactive|Time left: 300 sec this turn | 300 sec total | 60 sec grace

|c|☆monotype=novariety|.


|c|☆monotype=novariety|hf


|j| IsoCon


|inactive|monotype=novariety has 270 seconds left.


|
|start
|switch|p1a: Grimmsnarl|Grimmsnarl, M|354\/354
|switch|p2a: Corviknight|Corviknight, M|100\/100
|-ability|p2a: Corviknight|Pressure
|turn|1

|inactive|Time left: 300 sec this turn | 300 sec total

|
|switch|p1a: Volcarona|Volcarona, M|311\/311
|move|p2a: Corviknight|Defog|p1a: Volcarona
|-unboost|p1a: Volcarona|evasion|1
|
|upkeep
|turn|2

|inactive|Time left: 300 sec this turn | 300 sec total

|
|switch|p2a: Sableye|Sableye, M|100\/100
|move|p1a: Volcarona|Psychic|p2a: Sableye
|-immune|p2a: Sableye
|
|upkeep
|turn|3

|inactive|Time left: 300 sec this turn | 300 sec total

|
|switch|p1a: Grimmsnarl|Grimmsnarl, M|354\/354
|move|p2a: Sableye|Encore|p1a: Grimmsnarl
|-hint|Since gen 7, Dark is immune to Prankster moves.
|-immune|p1a: Grimmsnarl
|
|upkeep
|turn|4

|inactive|Time left: 300 sec this turn | 300 sec total

|
|switch|p2a: Corviknight|Corviknight, M|100\/100
|-ability|p2a: Corviknight|Pressure
|move|p1a: Grimmsnarl|Spirit Break|p2a: Corviknight
|-resisted|p2a: Corviknight
|-damage|p2a: Corviknight|89\/100
|-unboost|p2a: Corviknight|spa|1
|
|-heal|p2a: Corviknight|95\/100|[from] item: Leftovers
|upkeep
|turn|5

|inactive|Time left: 300 sec this turn | 300 sec total

|
|switch|p1a: Crawdaunt|Crawdaunt, M|267\/267
|move|p2a: Corviknight|Defog|p1a: Crawdaunt
|-unboost|p1a: Crawdaunt|evasion|1
|
|-heal|p2a: Corviknight|100\/100|[from] item: Leftovers
|upkeep
|turn|6

|inactive|Time left: 300 sec this turn | 300 sec total

|
|switch|p2a: Toxapex|Toxapex, M|100\/100
|move|p1a: Crawdaunt|Crabhammer|p2a: Toxapex
|-resisted|p2a: Toxapex
|-damage|p2a: Toxapex|74\/100
|-damage|p1a: Crawdaunt|241\/267|[from] item: Life Orb
|
|-heal|p2a: Toxapex|80\/100|[from] item: Black Sludge
|upkeep
|turn|7

|inactive|Time left: 300 sec this turn | 300 sec total

|
|switch|p1a: Krookodile|Krookodile, M|331\/331
|-ability|p1a: Krookodile|Intimidate|boost
|-unboost|p2a: Toxapex|atk|1
|move|p2a: Toxapex|Scald|p1a: Krookodile
|-supereffective|p1a: Krookodile
|-damage|p1a: Krookodile|179\/331
|
|-heal|p2a: Toxapex|86\/100|[from] item: Black Sludge
|upkeep
|turn|8

|inactive|Time left: 300 sec this turn | 300 sec total

|
|switch|p2a: Gliscor|Gliscor, F|100\/100
|move|p1a: Krookodile|Knock Off|p2a: Gliscor
|-damage|p2a: Gliscor|64\/100
|-enditem|p2a: Gliscor|Toxic Orb|[from] move: Knock Off|[of] p1a: Krookodile
|
|upkeep
|turn|9

|inactive|Time left: 300 sec this turn | 300 sec total

|
|move|p1a: Krookodile|Taunt|p2a: Gliscor
|-start|p2a: Gliscor|move: Taunt
|cant|p2a: Gliscor|move: Taunt|Stealth Rock
|
|upkeep
|turn|10

|inactive|Time left: 300 sec this turn | 300 sec total

|
|switch|p2a: Clefable|Clefable, F|100\/100
|move|p1a: Krookodile|Stealth Rock|p2a: Clefable
|-sidestart|p2: Coppersmith|move: Stealth Rock
|
|upkeep
|turn|11

|inactive|Time left: 300 sec this turn | 300 sec total

|
|switch|p1a: Volcarona|Volcarona, M|311\/311
|move|p2a: Clefable|Moonblast|p1a: Volcarona
|-resisted|p1a: Volcarona
|-damage|p1a: Volcarona|255\/311
|
|upkeep
|turn|12

|inactive|Time left: 300 sec this turn | 300 sec total

|
|move|p1a: Volcarona|Fire Blast|p2a: Clefable|[miss]
|-miss|p1a: Volcarona|p2a: Clefable
|move|p2a: Clefable|Teleport|p2a: Clefable

|inactive|Time left: 300 sec this turn | 300 sec total

|
|switch|p2a: Sableye|Sableye, M|100\/100|[from]move: Teleport
|-damage|p2a: Sableye|88\/100|[from] Stealth Rock
|
|upkeep
|turn|13

|inactive|Time left: 300 sec this turn | 300 sec total

|
|switch|p1a: Grimmsnarl|Grimmsnarl, M|354\/354
|detailschange|p2a: Sableye|Sableye-Mega, M
|-mega|p2a: Sableye|Sableye|Sablenite
|move|p2a: Sableye|Toxic|p1a: Grimmsnarl
|-status|p1a: Grimmsnarl|tox
|
|-damage|p1a: Grimmsnarl|332\/354 tox|[from] psn
|upkeep
|turn|14

|inactive|Time left: 300 sec this turn | 300 sec total

|
|switch|p1a: Krookodile|Krookodile, M|179\/331
|-ability|p1a: Krookodile|Intimidate|boost
|-unboost|p2a: Sableye|atk|1
|switch|p2a: Corviknight|Corviknight, M|100\/100
|-damage|p2a: Corviknight|88\/100|[from] Stealth Rock
|-ability|p2a: Corviknight|Pressure
|
|-heal|p2a: Corviknight|94\/100|[from] item: Leftovers
|upkeep
|turn|15

|inactive|Time left: 300 sec this turn | 300 sec total

|
|move|p1a: Krookodile|Taunt|p2a: Corviknight
|-start|p2a: Corviknight|move: Taunt
|move|p2a: Corviknight|Body Press|p1a: Krookodile
|-supereffective|p1a: Krookodile
|-damage|p1a: Krookodile|0 fnt
|faint|p1a: Krookodile
|
|-heal|p2a: Corviknight|100\/100|[from] item: Leftovers
|upkeep

|inactive|Time left: 300 sec this turn | 300 sec total

|
|switch|p1a: Volcarona|Volcarona, M|255\/311
|turn|16

|inactive|Time left: 300 sec this turn | 300 sec total

|
|switch|p2a: Clefable|Clefable, F|100\/100
|-damage|p2a: Clefable|88\/100|[from] Stealth Rock
|move|p1a: Volcarona|Fire Blast|p2a: Clefable
|-damage|p2a: Clefable|36\/100
|
|-heal|p2a: Clefable|42\/100|[from] item: Leftovers
|upkeep
|turn|17

|inactive|Time left: 300 sec this turn | 300 sec total

|
|move|p1a: Volcarona|Quiver Dance|p1a: Volcarona
|-boost|p1a: Volcarona|spa|1
|-boost|p1a: Volcarona|spd|1
|-boost|p1a: Volcarona|spe|1
|move|p2a: Clefable|Wish|p2a: Clefable
|
|-heal|p2a: Clefable|48\/100|[from] item: Leftovers
|upkeep
|turn|18

|inactive|Time left: 300 sec this turn | 300 sec total

|
|move|p1a: Volcarona|Fire Blast|p2a: Clefable|[miss]
|-miss|p1a: Volcarona|p2a: Clefable
|move|p2a: Clefable|Moonblast|p1a: Volcarona
|-resisted|p1a: Volcarona
|-damage|p1a: Volcarona|204\/311
|
|-heal|p2a: Clefable|98\/100|[from] move: Wish|[wisher] Clefable
|-heal|p2a: Clefable|100\/100|[from] item: Leftovers
|upkeep
|turn|19

|inactive|Time left: 300 sec this turn | 300 sec total

|c|☆monotype=novariety|._.


|
|move|p1a: Volcarona|Fire Blast|p2a: Clefable
|-damage|p2a: Clefable|44\/100
|move|p2a: Clefable|Moonblast|p1a: Volcarona
|-resisted|p1a: Volcarona
|-crit|p1a: Volcarona
|-damage|p1a: Volcarona|120\/311
|
|-heal|p2a: Clefable|50\/100|[from] item: Leftovers
|upkeep
|turn|20

|inactive|Time left: 300 sec this turn | 300 sec total

|
|move|p2a: Clefable|Protect|p2a: Clefable
|-singleturn|p2a: Clefable|Protect
|move|p1a: Volcarona|Fire Blast|p2a: Clefable
|-activate|p2a: Clefable|move: Protect
|
|-heal|p2a: Clefable|56\/100|[from] item: Leftovers
|upkeep
|turn|21

|inactive|Time left: 300 sec this turn | 300 sec total

|
|move|p1a: Volcarona|Fire Blast|p2a: Clefable
|-damage|p2a: Clefable|3\/100
|move|p2a: Clefable|Moonblast|p1a: Volcarona
|-resisted|p1a: Volcarona
|-damage|p1a: Volcarona|66\/311
|-unboost|p1a: Volcarona|spa|1
|
|-heal|p2a: Clefable|9\/100|[from] item: Leftovers
|upkeep
|turn|22

|inactive|Time left: 300 sec this turn | 300 sec total

|
|move|p1a: Volcarona|Psychic|p2a: Clefable
|-damage|p2a: Clefable|0 fnt
|faint|p2a: Clefable
|
|upkeep

|inactive|Time left: 300 sec this turn | 300 sec total

|
|switch|p2a: Ditto|Ditto|100\/100
|-damage|p2a: Ditto|88\/100|[from] Stealth Rock
|-transform|p2a: Ditto|p1a: Volcarona|[from] ability: Imposter
|turn|23

|inactive|Time left: 300 sec this turn | 300 sec total

|
|move|p2a: Ditto|Bug Buzz|p1a: Volcarona
|-resisted|p1a: Volcarona
|-damage|p1a: Volcarona|10\/311
|move|p1a: Volcarona|Fire Blast|p2a: Ditto
|-damage|p2a: Ditto|47\/100
|
|upkeep
|turn|24

|inactive|Time left: 300 sec this turn | 300 sec total

|
|move|p2a: Ditto|Bug Buzz|p1a: Volcarona
|-resisted|p1a: Volcarona
|-damage|p1a: Volcarona|0 fnt
|faint|p1a: Volcarona
|
|upkeep

|inactive|Time left: 300 sec this turn | 300 sec total

|
|switch|p1a: Crawdaunt|Crawdaunt, M|241\/267
|turn|25

|inactive|Time left: 300 sec this turn | 300 sec total

|
|move|p1a: Crawdaunt|Aqua Jet|p2a: Ditto
|-supereffective|p2a: Ditto
|-damage|p2a: Ditto|0 fnt
|-damage|p1a: Crawdaunt|215\/267|[from] item: Life Orb
|faint|p2a: Ditto
|
|upkeep

|inactive|Time left: 300 sec this turn | 300 sec total

|
|switch|p2a: Toxapex|Toxapex, M|100\/100
|-damage|p2a: Toxapex|88\/100|[from] Stealth Rock
|turn|26

|inactive|Time left: 300 sec this turn | 300 sec total

|
|move|p1a: Crawdaunt|Knock Off|p2a: Toxapex
|-damage|p2a: Toxapex|31\/100
|-enditem|p2a: Toxapex|Black Sludge|[from] move: Knock Off|[of] p1a: Crawdaunt
|-damage|p1a: Crawdaunt|189\/267|[from] item: Life Orb
|move|p2a: Toxapex|Toxic|p1a: Crawdaunt
|-status|p1a: Crawdaunt|tox
|
|-damage|p1a: Crawdaunt|173\/267 tox|[from] psn
|upkeep
|turn|27

|inactive|Time left: 300 sec this turn | 300 sec total

|
|switch|p1a: Dragapult|Dragapult, F|317\/317
|move|p2a: Toxapex|Recover|p2a: Toxapex
|-heal|p2a: Toxapex|81\/100
|
|upkeep
|turn|28

|inactive|Time left: 300 sec this turn | 300 sec total

|
|move|p1a: Dragapult|Substitute|p1a: Dragapult
|-start|p1a: Dragapult|Substitute
|-damage|p1a: Dragapult|238\/317
|move|p2a: Toxapex|Knock Off|p1a: Dragapult
|-supereffective|p1a: Dragapult
|-end|p1a: Dragapult|Substitute
|
|upkeep
|turn|29

|inactive|Time left: 300 sec this turn | 300 sec total

|
|move|p1a: Dragapult|Dragon Dance|p1a: Dragapult
|-boost|p1a: Dragapult|atk|1
|-boost|p1a: Dragapult|spe|1
|move|p2a: Toxapex|Knock Off|p1a: Dragapult
|-supereffective|p1a: Dragapult
|-damage|p1a: Dragapult|150\/317
|
|upkeep
|turn|30

|inactive|Time left: 300 sec this turn | 300 sec total

|
|-zpower|p1a: Dragapult
|move|p1a: Dragapult|Never-Ending Nightmare|p2a: Toxapex|[zeffect]
|-damage|p2a: Toxapex|0 fnt
|faint|p2a: Toxapex
|
|upkeep

|inactive|Time left: 300 sec this turn | 300 sec total

|
|switch|p2a: Sableye|Sableye-Mega, M|88\/100
|-damage|p2a: Sableye|76\/100|[from] Stealth Rock
|turn|31

|inactive|Time left: 300 sec this turn | 300 sec total

|
|move|p1a: Dragapult|Dragon Darts|p2a: Sableye
|-damage|p2a: Sableye|43\/100
|-anim|p1a: Dragapult|Dragon Darts|p2a: Sableye
|-damage|p2a: Sableye|11\/100
|move|p2a: Sableye|Knock Off|p1a: Dragapult
|-supereffective|p1a: Dragapult
|-damage|p1a: Dragapult|0 fnt
|faint|p1a: Dragapult
|
|upkeep

|inactive|Time left: 300 sec this turn | 300 sec total

|
|switch|p1a: Mimikyu|Mimikyu, M|251\/251
|turn|32

|inactive|Time left: 300 sec this turn | 300 sec total

|
|move|p1a: Mimikyu|Shadow Claw|p2a: Sableye
|-damage|p2a: Sableye|0 fnt
|-damage|p1a: Mimikyu|226\/251|[from] item: Life Orb
|faint|p2a: Sableye
|
|upkeep

|inactive|Time left: 295 sec this turn | 295 sec total

|j| TheUltraFinder


|
|switch|p2a: Corviknight|Corviknight, M|100\/100
|-damage|p2a: Corviknight|88\/100|[from] Stealth Rock
|-ability|p2a: Corviknight|Pressure
|turn|33

|inactive|Time left: 300 sec this turn | 300 sec total

|inactive|monotype=novariety has 270 seconds left.


|
|move|p1a: Mimikyu|Swords Dance|p1a: Mimikyu
|-boost|p1a: Mimikyu|atk|2
|move|p2a: Corviknight|U-turn|p1a: Mimikyu
|-activate|p1a: Mimikyu|ability: Disguise
|-damage|p1a: Mimikyu|226\/251
|detailschange|p1a: Mimikyu|Mimikyu-Busted, M
|-damage|p1a: Mimikyu|195\/251|[from] pokemon: Mimikyu-Busted

|inactive|Time left: 255 sec this turn | 255 sec total

|
|switch|p2a: Gliscor|Gliscor, F|64\/100|[from]move: U-turn
|-damage|p2a: Gliscor|52\/100|[from] Stealth Rock
|
|upkeep
|turn|34

|inactive|Time left: 265 sec this turn | 265 sec total

|
|move|p1a: Mimikyu|Shadow Claw|p2a: Gliscor
|-damage|p2a: Gliscor|0 fnt
|-damage|p1a: Mimikyu|170\/251|[from] item: Life Orb
|faint|p2a: Gliscor
|
|upkeep

|inactive|Time left: 265 sec this turn | 265 sec total

|c|☆monotype=novariety|gg


|c|☆Coppersmith|gg


|
|switch|p2a: Corviknight|Corviknight, M|88\/100
|-damage|p2a: Corviknight|75\/100|[from] Stealth Rock
|-ability|p2a: Corviknight|Pressure
|turn|35

|inactive|Time left: 275 sec this turn | 275 sec total

|
|move|p1a: Mimikyu|Shadow Claw|p2a: Corviknight
|-damage|p2a: Corviknight|29\/100
|-damage|p1a: Mimikyu|145\/251|[from] item: Life Orb
|move|p2a: Corviknight|U-turn|p1a: Mimikyu
|-resisted|p1a: Mimikyu
|-damage|p1a: Mimikyu|131\/251
|
|-heal|p2a: Corviknight|35\/100|[from] item: Leftovers
|upkeep
|turn|36

|inactive|Time left: 285 sec this turn | 285 sec total

|
|move|p1a: Mimikyu|Shadow Claw|p2a: Corviknight
|-damage|p2a: Corviknight|0 fnt
|-damage|p1a: Mimikyu|106\/251|[from] item: Life Orb
|faint|p2a: Corviknight
|
|win|monotype=novariety

|inactive|Time left: 285 sec this turn | 285 sec total

|c| IsoCon|god mimikyu sucks ass


|c| IsoCon|46% after an sd


|c|☆Coppersmith|lol


|l|☆Coppersmith


|c|☆monotype=novariety|yeah mimikyu struggles against most walls


|c|☆monotype=novariety|ghost\/fairy still nice tho
</script>
</div>
<div class="battle-log battle-log-inline"><div class="inner"><div class="battle-options"><div style="padding-top: 3px; padding-right: 3px; text-align: right"><button class="icon button" name="openBattleOptions" title="Options">Battle Options</button></div></div><div class="inner message-log"><div class="chat"><small>☆monotype=novariety and ☆Coppersmith joined</small></div><div class=""><small>Format:</small> <br><strong>[Gen 8] Megas for All</strong></div><div class=""><small><em>HP Percentage Mod:</em> HP is shown in percentages</small></div><div class=""><small><em>Endless Battle Clause:</em> Forcing endless battles is banned</small></div><div class=""><small><em>OHKO Clause:</em> OHKO moves are banned</small></div><div class=""><small><em>Evasion Moves Clause:</em> Evasion moves are banned</small></div><div class=""><small><em>Species Clause:</em> Limit one of each Pokémon</small></div><div class=""><small><em>Dynamax Clause:</em> You cannot dynamax</small></div><div class=""><small><em>Sleep Clause Mod:</em> Limit one foe put to sleep</small></div><div class="chat battle-history"><strong>monotype=novariety's team:</strong> <em style="color:#445566;display:block;">Krookodile / Mimikyu / Volcarona / Dragapult / Crawdaunt / Grimmsnarl</em></div><div class="chat battle-history"><strong>Coppersmith's team:</strong> <em style="color:#445566;display:block;">Ditto / Toxapex / Clefable / Sableye / Corviknight / Gliscor</em></div><div class="chat message-error">Battle timer is ON: inactive players will automatically lose when time's up. (requested by Coppersmith)</div><div class="chat chatmessage-monotypenovariety mine"><strong style="color:#ba4973"><small>☆</small><span class="username" data-name="monotype=novariety">monotype=novariety</span>:</strong> <em>.</em></div><div class="chat chatmessage-monotypenovariety mine"><strong style="color:#ba4973"><small>☆</small><span class="username" data-name="monotype=novariety">monotype=novariety</span>:</strong> <em>hf</em></div><div class="chat"><small> IsoCon joined</small></div><div class="chat message-error">monotype=novariety has 270 seconds left.</div><div class="spacer battle-history"><br></div><div class="battle-history">Battle started between monotype=novariety and Coppersmith!<br></div><div class="spacer battle-history"><br></div><div class="battle-history">Go! <strong>Grimmsnarl</strong>!<br></div><div class="spacer battle-history"><br></div><div class="battle-history">Coppersmith sent out <strong>Corviknight</strong>!<br></div><div class="battle-history">[The opposing Corviknight's Pressure]<br><small>The opposing Corviknight is exerting its pressure!</small><br></div><div class="spacer battle-history"><br></div><h2 class="battle-history">Turn 1</h2><div class="spacer battle-history"><br></div><div class="battle-history">Grimmsnarl, come back!<br></div><div class="battle-history">Go! <strong>Volcarona</strong>!<br></div><div class="spacer battle-history"><br></div><div class="battle-history">The opposing Corviknight used <strong>Defog</strong>!<br></div><div class="battle-history"><small>Volcarona's evasiveness fell!</small><br></div><div class="spacer battle-history"><br></div><h2 class="battle-history">Turn 2</h2><div class="spacer battle-history"><br></div><div class="battle-history">Coppersmith withdrew Corviknight!<br></div><div class="battle-history">Coppersmith sent out <strong>Sableye</strong>!<br></div><div class="spacer battle-history"><br></div><div class="battle-history">Volcarona used <strong>Psychic</strong>!<br></div><div class="battle-history"><small>It doesn't affect the opposing Sableye...</small><br></div><div class="spacer battle-history"><br></div><h2 class="battle-history">Turn 3</h2><div class="spacer battle-history"><br></div><div class="battle-history">Volcarona, come back!<br></div><div class="battle-history">Go! <strong>Grimmsnarl</strong>!<br></div><div class="spacer battle-history"><br></div><div class="battle-history">The opposing Sableye used <strong>Encore</strong>!<br></div><div class="battle-history"><small>(Since gen 7, Dark is immune to Prankster moves.)</small><br></div><div class="battle-history"><small>It doesn't affect Grimmsnarl...</small><br></div><div class="spacer battle-history"><br></div><h2 class="battle-history">Turn 4</h2><div class="spacer battle-history"><br></div><div class="battle-history">Coppersmith withdrew Sableye!<br></div><div class="battle-history">Coppersmith sent out <strong>Corviknight</strong>!<br></div><div class="battle-history">[The opposing Corviknight's Pressure]<br><small>The opposing Corviknight is exerting its pressure!</small><br></div><div class="spacer battle-history"><br></div><div class="battle-history">Grimmsnarl used <strong>Spirit Break</strong>!<br></div><div class="battle-history"><small>It's not very effective...</small><br></div><div class="battle-history"><small>(The opposing Corviknight lost 11% of its health!)</small><br></div><div class="battle-history"><small>The opposing Corviknight's Sp. Atk fell!</small><br></div><div class="spacer battle-history"><br></div><div class="battle-history"><small>The opposing Corviknight restored a little HP using its Leftovers!</small><br></div><div class="spacer battle-history"><br></div><h2 class="battle-history">Turn 5</h2><div class="spacer battle-history"><br></div><div class="battle-history">Grimmsnarl, come back!<br></div><div class="battle-history">Go! <strong>Crawdaunt</strong>!<br></div><div class="spacer battle-history"><br></div><div class="battle-history">The opposing Corviknight used <strong>Defog</strong>!<br></div><div class="battle-history"><small>Crawdaunt's evasiveness fell!</small><br></div><div class="spacer battle-history"><br></div><div class="battle-history"><small>The opposing Corviknight restored a little HP using its Leftovers!</small><br></div><div class="spacer battle-history"><br></div><h2 class="battle-history">Turn 6</h2><div class="spacer battle-history"><br></div><div class="battle-history">Coppersmith withdrew Corviknight!<br></div><div class="battle-history">Coppersmith sent out <strong>Toxapex</strong>!<br></div><div class="spacer battle-history"><br></div><div class="battle-history">Crawdaunt used <strong>Crabhammer</strong>!<br></div><div class="battle-history"><small>It's not very effective...</small><br></div><div class="battle-history"><small>(The opposing Toxapex lost 26% of its health!)</small><br></div><div class="battle-history"><small>Crawdaunt lost some of its HP!</small><br></div><div class="spacer battle-history"><br></div><div class="battle-history"><small>The opposing Toxapex restored a little HP using its Black Sludge!</small><br></div><div class="spacer battle-history"><br></div><h2 class="battle-history">Turn 7</h2><div class="spacer battle-history"><br></div><div class="battle-history">Crawdaunt, come back!<br></div><div class="battle-history">Go! <strong>Krookodile</strong>!<br></div><div class="battle-history">[Krookodile's Intimidate]<br></div><div class="battle-history"><small>The opposing Toxapex's Attack fell!</small><br></div><div class="spacer battle-history"><br></div><div class="battle-history">The opposing Toxapex used <strong>Scald</strong>!<br></div><div class="battle-history"><small>It's super effective!</small><br></div><div class="battle-history"><small>(Krookodile lost <abbr title="−152/331">45.9%</abbr> of its health!)</small><br></div><div class="spacer battle-history"><br></div><div class="battle-history"><small>The opposing Toxapex restored a little HP using its Black Sludge!</small><br></div><div class="spacer battle-history"><br></div><h2 class="battle-history">Turn 8</h2><div class="spacer battle-history"><br></div><div class="battle-history">Coppersmith withdrew Toxapex!<br></div><div class="battle-history">Coppersmith sent out <strong>Gliscor</strong>!<br></div><div class="spacer battle-history"><br></div><div class="battle-history">Krookodile used <strong>Knock Off</strong>!<br></div><div class="battle-history"><small>(The opposing Gliscor lost 36% of its health!)</small><br></div><div class="battle-history"><small>Krookodile knocked off the opposing Gliscor's Toxic Orb!</small><br></div><div class="spacer battle-history"><br></div><h2 class="battle-history">Turn 9</h2><div class="spacer battle-history"><br></div><div class="battle-history">Krookodile used <strong>Taunt</strong>!<br></div><div class="battle-history"><small>The opposing Gliscor fell for the taunt!</small><br></div><div class="spacer battle-history"><br></div><div class="battle-history">The opposing Gliscor can't use Stealth Rock after the taunt!<br></div><div class="spacer battle-history"><br></div><h2 class="battle-history">Turn 10</h2><div class="spacer battle-history"><br></div><div class="battle-history">Coppersmith withdrew Gliscor!<br></div><div class="battle-history">Coppersmith sent out <strong>Clefable</strong>!<br></div><div class="spacer battle-history"><br></div><div class="battle-history">Krookodile used <strong>Stealth Rock</strong>!<br></div><div class="battle-history"><small>Pointed stones float in the air around the opposing team!</small><br></div><div class="spacer battle-history"><br></div><h2 class="battle-history">Turn 11</h2><div class="spacer battle-history"><br></div><div class="battle-history">Krookodile, come back!<br></div><div class="battle-history">Go! <strong>Volcarona</strong>!<br></div><div class="spacer battle-history"><br></div><div class="battle-history">The opposing Clefable used <strong>Moonblast</strong>!<br></div><div class="battle-history"><small>It's not very effective...</small><br></div><div class="battle-history"><small>(Volcarona lost <abbr title="−56/311">18.0%</abbr> of its health!)</small><br></div><div class="spacer battle-history"><br></div><h2 class="battle-history">Turn 12</h2><div class="spacer battle-history"><br></div><div class="battle-history">Volcarona used <strong>Fire Blast</strong>!<br></div><div class="battle-history"><small>The opposing Clefable avoided the attack!</small><br></div><div class="spacer battle-history"><br></div><div class="battle-history">The opposing Clefable used <strong>Teleport</strong>!<br></div><div class="spacer battle-history"><br></div><div class="battle-history">Coppersmith withdrew Clefable!<br></div><div class="battle-history">Coppersmith sent out <strong>Sableye</strong>!<br></div><div class="battle-history"><small>Pointed stones dug into the opposing Sableye!</small><br></div><div class="spacer battle-history"><br></div><h2 class="battle-history">Turn 13</h2><div class="spacer battle-history"><br></div><div class="battle-history">Volcarona, come back!<br></div><div class="battle-history">Go! <strong>Grimmsnarl</strong>!<br></div><div class="spacer battle-history"><br></div><div class="battle-history"><small>The opposing Sableye's Sablenite is reacting to the Key Stone!</small><br>The opposing Sableye has Mega Evolved into Mega Sableye!<br></div><div class="spacer battle-history"><br></div><div class="battle-history">The opposing Sableye used <strong>Toxic</strong>!<br></div><div class="battle-history"><small>Grimmsnarl was badly poisoned!</small><br></div><div class="spacer battle-history"><br></div><div class="battle-history"><small>Grimmsnarl was hurt by poison!</small><br></div><div class="spacer battle-history"><br></div><h2 class="battle-history">Turn 14</h2><div class="spacer battle-history"><br></div><div class="battle-history">Grimmsnarl, come back!<br></div><div class="battle-history">Go! <strong>Krookodile</strong>!<br></div><div class="battle-history">[Krookodile's Intimidate]<br></div><div class="battle-history"><small>The opposing Sableye's Attack fell!</small><br></div><div class="spacer battle-history"><br></div><div class="battle-history">Coppersmith withdrew Sableye!<br></div><div class="battle-history">Coppersmith sent out <strong>Corviknight</strong>!<br></div><div class="battle-history"><small>Pointed stones dug into the opposing Corviknight!</small><br></div><div class="battle-history">[The opposing Corviknight's Pressure]<br><small>The opposing Corviknight is exerting its pressure!</small><br></div><div class="spacer battle-history"><br></div><div class="battle-history"><small>The opposing Corviknight restored a little HP using its Leftovers!</small><br></div><div class="spacer battle-history"><br></div><h2 class="battle-history">Turn 15</h2><div class="spacer battle-history"><br></div><div class="battle-history">Krookodile used <strong>Taunt</strong>!<br></div><div class="battle-history"><small>The opposing Corviknight fell for the taunt!</small><br></div><div class="spacer battle-history"><br></div><div class="battle-history">The opposing Corviknight used <strong>Body Press</strong>!<br></div><div class="battle-history"><small>It's super effective!</small><br></div><div class="battle-history"><small>(Krookodile lost <abbr title="−179/331">54.1%</abbr> of its health!)</small><br></div><div class="spacer battle-history"><br></div><div class="battle-history">Krookodile fainted!<br></div><div class="spacer battle-history"><br></div><div class="battle-history"><small>The opposing Corviknight restored a little HP using its Leftovers!</small><br></div><div class="spacer battle-history"><br></div><div class="battle-history">Go! <strong>Volcarona</strong>!<br></div><div class="spacer battle-history"><br></div><h2 class="battle-history">Turn 16</h2><div class="spacer battle-history"><br></div><div class="battle-history">Coppersmith withdrew Corviknight!<br></div><div class="battle-history">Coppersmith sent out <strong>Clefable</strong>!<br></div><div class="battle-history"><small>Pointed stones dug into the opposing Clefable!</small><br></div><div class="spacer battle-history"><br></div><div class="battle-history">Volcarona used <strong>Fire Blast</strong>!<br></div><div class="battle-history"><small>(The opposing Clefable lost 52% of its health!)</small><br></div><div class="spacer battle-history"><br></div><div class="battle-history"><small>The opposing Clefable restored a little HP using its Leftovers!</small><br></div><div class="spacer battle-history"><br></div><h2 class="battle-history">Turn 17</h2><div class="spacer battle-history"><br></div><div class="battle-history">Volcarona used <strong>Quiver Dance</strong>!<br></div><div class="battle-history"><small>Volcarona's Sp. Atk rose!</small><br></div><div class="battle-history"><small>Volcarona's Sp. Def rose!</small><br></div><div class="battle-history"><small>Volcarona's Speed rose!</small><br></div><div class="spacer battle-history"><br></div><div class="battle-history">The opposing Clefable used <strong>Wish</strong>!<br></div><div class="spacer battle-history"><br></div><div class="battle-history"><small>The opposing Clefable restored a little HP using its Leftovers!</small><br></div><div class="spacer battle-history"><br></div><h2 class="battle-history">Turn 18</h2><div class="spacer battle-history"><br></div><div class="battle-history">Volcarona used <strong>Fire Blast</strong>!<br></div><div class="battle-history"><small>The opposing Clefable avoided the attack!</small><br></div><div class="spacer battle-history"><br></div><div class="battle-history">The opposing Clefable used <strong>Moonblast</strong>!<br></div><div class="battle-history"><small>It's not very effective...</small><br></div><div class="battle-history"><small>(Volcarona lost <abbr title="−51/311">16.4%</abbr> of its health!)</small><br></div><div class="spacer battle-history"><br></div><div class="battle-history"><small>Clefable's wish came true!</small><br></div><div class="battle-history"><small>The opposing Clefable restored a little HP using its Leftovers!</small><br></div><div class="spacer battle-history"><br></div><h2 class="battle-history">Turn 19</h2><div class="chat chatmessage-monotypenovariety mine"><strong style="color:#ba4973"><small>☆</small><span class="username" data-name="monotype=novariety">monotype=novariety</span>:</strong> <em>._.</em></div><div class="spacer battle-history"><br></div><div class="battle-history">Volcarona used <strong>Fire Blast</strong>!<br></div><div class="battle-history"><small>(The opposing Clefable lost 56% of its health!)</small><br></div><div class="spacer battle-history"><br></div><div class="battle-history">The opposing Clefable used <strong>Moonblast</strong>!<br></div><div class="battle-history"><small>It's not very effective...</small><br></div><div class="battle-history"><small>A critical hit!</small><br></div><div class="battle-history"><small>(Volcarona lost <abbr title="−84/311">27.0%</abbr> of its health!)</small><br></div><div class="spacer battle-history"><br></div><div class="battle-history"><small>The opposing Clefable restored a little HP using its Leftovers!</small><br></div><div class="spacer battle-history"><br></div><h2 class="battle-history">Turn 20</h2><div class="spacer battle-history"><br></div><div class="battle-history">The opposing Clefable used <strong>Protect</strong>!<br></div><div class="battle-history"><small>The opposing Clefable protected itself!</small><br></div><div class="spacer battle-history"><br></div><div class="battle-history">Volcarona used <strong>Fire Blast</strong>!<br></div><div class="battle-history"><small>The opposing Clefable protected itself!</small><br></div><div class="spacer battle-history"><br></div><div class="battle-history"><small>The opposing Clefable restored a little HP using its Leftovers!</small><br></div><div class="spacer battle-history"><br></div><h2 class="battle-history">Turn 21</h2><div class="spacer battle-history"><br></div><div class="battle-history">Volcarona used <strong>Fire Blast</strong>!<br></div><div class="battle-history"><small>(The opposing Clefable lost 53% of its health!)</small><br></div><div class="spacer battle-history"><br></div><div class="battle-history">The opposing Clefable used <strong>Moonblast</strong>!<br></div><div class="battle-history"><small>It's not very effective...</small><br></div><div class="battle-history"><small>(Volcarona lost <abbr title="−54/311">17.4%</abbr> of its health!)</small><br></div><div class="battle-history"><small>Volcarona's Sp. Atk fell!</small><br></div><div class="spacer battle-history"><br></div><div class="battle-history"><small>The opposing Clefable restored a little HP using its Leftovers!</small><br></div><div class="spacer battle-history"><br></div><h2 class="battle-history">Turn 22</h2><div class="spacer battle-history"><br></div><div class="battle-history">Volcarona used <strong>Psychic</strong>!<br></div><div class="battle-history"><small>(The opposing Clefable lost 9% of its health!)</small><br></div><div class="spacer battle-history"><br></div><div class="battle-history">The opposing Clefable fainted!<br></div><div class="spacer battle-history"><br></div><div class="battle-history">Coppersmith sent out <strong>Ditto</strong>!<br></div><div class="battle-history"><small>Pointed stones dug into the opposing Ditto!</small><br></div><div class="battle-history">[The opposing Ditto's Imposter]<br>The opposing Ditto transformed into Volcarona!<br></div><div class="spacer battle-history"><br></div><h2 class="battle-history">Turn 23</h2><div class="spacer battle-history"><br></div><div class="battle-history">The opposing Ditto used <strong>Bug Buzz</strong>!<br></div><div class="battle-history"><small>It's not very effective...</small><br></div><div class="battle-history"><small>(Volcarona lost <abbr title="−56/311">18.0%</abbr> of its health!)</small><br></div><div class="spacer battle-history"><br></div><div class="battle-history">Volcarona used <strong>Fire Blast</strong>!<br></div><div class="battle-history"><small>(The opposing Ditto lost 41% of its health!)</small><br></div><div class="spacer battle-history"><br></div><h2 class="battle-history">Turn 24</h2><div class="spacer battle-history"><br></div><div class="battle-history">The opposing Ditto used <strong>Bug Buzz</strong>!<br></div><div class="battle-history"><small>It's not very effective...</small><br></div><div class="battle-history"><small>(Volcarona lost <abbr title="−10/311">3.2%</abbr> of its health!)</small><br></div><div class="spacer battle-history"><br></div><div class="battle-history">Volcarona fainted!<br></div><div class="spacer battle-history"><br></div><div class="battle-history">Go! <strong>Crawdaunt</strong>!<br></div><div class="spacer battle-history"><br></div><h2 class="battle-history">Turn 25</h2><div class="spacer battle-history"><br></div><div class="battle-history">Crawdaunt used <strong>Aqua Jet</strong>!<br></div><div class="battle-history"><small>It's super effective!</small><br></div><div class="battle-history"><small>(The opposing Ditto lost 47% of its health!)</small><br></div><div class="battle-history"><small>Crawdaunt lost some of its HP!</small><br></div><div class="spacer battle-history"><br></div><div class="battle-history">The opposing Ditto fainted!<br></div><div class="spacer battle-history"><br></div><div class="battle-history">Coppersmith sent out <strong>Toxapex</strong>!<br></div><div class="battle-history"><small>Pointed stones dug into the opposing Toxapex!</small><br></div><div class="spacer battle-history"><br></div><h2 class="battle-history">Turn 26</h2><div class="spacer battle-history"><br></div><div class="battle-history">Crawdaunt used <strong>Knock Off</strong>!<br></div><div class="battle-history"><small>(The opposing Toxapex lost 57% of its health!)</small><br></div><div class="battle-history"><small>Crawdaunt knocked off the opposing Toxapex's Black Sludge!</small><br></div><div class="battle-history"><small>Crawdaunt lost some of its HP!</small><br></div><div class="spacer battle-history"><br></div><div class="battle-history">The opposing Toxapex used <strong>Toxic</strong>!<br></div><div class="battle-history"><small>Crawdaunt was badly poisoned!</small><br></div><div class="spacer battle-history"><br></div><div class="battle-history"><small>Crawdaunt was hurt by poison!</small><br></div><div class="spacer battle-history"><br></div><h2 class="battle-history">Turn 27</h2><div class="spacer battle-history"><br></div><div class="battle-history">Crawdaunt, come back!<br></div><div class="battle-history">Go! <strong>Dragapult</strong>!<br></div><div class="spacer battle-history"><br></div><div class="battle-history">The opposing Toxapex used <strong>Recover</strong>!<br></div><div class="battle-history"><small>The opposing Toxapex had its HP restored.</small><br></div><div class="spacer battle-history"><br></div><h2 class="battle-history">Turn 28</h2><div class="spacer battle-history"><br></div><div class="battle-history">Dragapult used <strong>Substitute</strong>!<br></div><div class="battle-history"><small>Dragapult put in a substitute!</small><br></div><div class="battle-history"><small>(Dragapult lost <abbr title="−79/317">24.9%</abbr> of its health!)</small><br></div><div class="spacer battle-history"><br></div><div class="battle-history">The opposing Toxapex used <strong>Knock Off</strong>!<br></div><div class="battle-history"><small>It's super effective!</small><br></div><div class="battle-history"><small>Dragapult's substitute faded!</small><br></div><div class="spacer battle-history"><br></div><h2 class="battle-history">Turn 29</h2><div class="spacer battle-history"><br></div><div class="battle-history">Dragapult used <strong>Dragon Dance</strong>!<br></div><div class="battle-history"><small>Dragapult's Attack rose!</small><br></div><div class="battle-history"><small>Dragapult's Speed rose!</small><br></div><div class="spacer battle-history"><br></div><div class="battle-history">The opposing Toxapex used <strong>Knock Off</strong>!<br></div><div class="battle-history"><small>It's super effective!</small><br></div><div class="battle-history"><small>(Dragapult lost <abbr title="−88/317">27.8%</abbr> of its health!)</small><br></div><div class="spacer battle-history"><br></div><h2 class="battle-history">Turn 30</h2><div class="spacer battle-history"><br></div><div class="battle-history"><small>Dragapult surrounded itself with its Z-Power!</small><br></div><div class="spacer battle-history"><br></div><div class="battle-history"><small>Dragapult unleashes its full-force Z-Move!</small><br>Dragapult used <strong>Never-Ending Nightmare</strong>!<br></div><div class="battle-history"><small>(The opposing Toxapex lost 81% of its health!)</small><br></div><div class="spacer battle-history"><br></div><div class="battle-history">The opposing Toxapex fainted!<br></div><div class="spacer battle-history"><br></div><div class="battle-history">Coppersmith sent out Sableye (<strong>Sableye-Mega</strong>)!<br></div><div class="battle-history"><small>Pointed stones dug into the opposing Sableye!</small><br></div><div class="spacer battle-history"><br></div><h2 class="battle-history">Turn 31</h2><div class="spacer battle-history"><br></div><div class="battle-history">Dragapult used <strong>Dragon Darts</strong>!<br></div><div class="battle-history"><small>(The opposing Sableye lost 33% of its health!)</small><br></div><div class="battle-history"><small>(The opposing Sableye lost 32% of its health!)</small><br></div><div class="spacer battle-history"><br></div><div class="battle-history">The opposing Sableye used <strong>Knock Off</strong>!<br></div><div class="battle-history"><small>It's super effective!</small><br></div><div class="battle-history"><small>(Dragapult lost <abbr title="−150/317">47.3%</abbr> of its health!)</small><br></div><div class="spacer battle-history"><br></div><div class="battle-history">Dragapult fainted!<br></div><div class="spacer battle-history"><br></div><div class="battle-history">Go! <strong>Mimikyu</strong>!<br></div><div class="spacer battle-history"><br></div><h2 class="battle-history">Turn 32</h2><div class="spacer battle-history"><br></div><div class="battle-history">Mimikyu used <strong>Shadow Claw</strong>!<br></div><div class="battle-history"><small>(The opposing Sableye lost 11% of its health!)</small><br></div><div class="battle-history"><small>Mimikyu lost some of its HP!</small><br></div><div class="spacer battle-history"><br></div><div class="battle-history">The opposing Sableye fainted!<br></div><div class="chat"><small> TheUltraFinder joined</small></div><div class="spacer battle-history"><br></div><div class="battle-history">Coppersmith sent out <strong>Corviknight</strong>!<br></div><div class="battle-history"><small>Pointed stones dug into the opposing Corviknight!</small><br></div><div class="battle-history">[The opposing Corviknight's Pressure]<br><small>The opposing Corviknight is exerting its pressure!</small><br></div><div class="spacer battle-history"><br></div><h2 class="battle-history">Turn 33</h2><div class="chat message-error">monotype=novariety has 270 seconds left.</div><div class="spacer battle-history"><br></div><div class="battle-history">Mimikyu used <strong>Swords Dance</strong>!<br></div><div class="battle-history"><small>Mimikyu's Attack rose sharply!</small><br></div><div class="spacer battle-history"><br></div><div class="battle-history">The opposing Corviknight used <strong>U-turn</strong>!<br></div><div class="battle-history">[Mimikyu's Disguise]<br><small>Its disguise served it as a decoy!</small><br></div><div class="battle-history"><small>(Mimikyu lost <abbr title="0/251">0%</abbr> of its health!)</small><br></div><div class="battle-history">Mimikyu's disguise was busted!<br></div><div class="battle-history"><small>(Mimikyu was hurt!)</small><br></div><div class="spacer battle-history"><br></div><div class="battle-history">The opposing Corviknight went back to Coppersmith!<br></div><div class="battle-history">Coppersmith sent out <strong>Gliscor</strong>!<br></div><div class="battle-history"><small>Pointed stones dug into the opposing Gliscor!</small><br></div><div class="spacer battle-history"><br></div><h2 class="battle-history">Turn 34</h2><div class="spacer battle-history"><br></div><div class="battle-history">Mimikyu used <strong>Shadow Claw</strong>!<br></div><div class="battle-history"><small>(The opposing Gliscor lost 52% of its health!)</small><br></div><div class="battle-history"><small>Mimikyu lost some of its HP!</small><br></div><div class="spacer battle-history"><br></div><div class="battle-history">The opposing Gliscor fainted!<br></div><div class="chat chatmessage-monotypenovariety mine"><strong style="color:#ba4973"><small>☆</small><span class="username" data-name="monotype=novariety">monotype=novariety</span>:</strong> <em>gg</em></div><div class="chat chatmessage-coppersmith"><strong style="color:#0aa445"><small>☆</small><span class="username" data-name="Coppersmith">Coppersmith</span>:</strong> <em>gg</em></div><div class="spacer battle-history"><br></div><div class="battle-history">Coppersmith sent out <strong>Corviknight</strong>!<br></div><div class="battle-history"><small>Pointed stones dug into the opposing Corviknight!</small><br></div><div class="battle-history">[The opposing Corviknight's Pressure]<br><small>The opposing Corviknight is exerting its pressure!</small><br></div><div class="spacer battle-history"><br></div><h2 class="battle-history">Turn 35</h2><div class="spacer battle-history"><br></div><div class="battle-history">Mimikyu used <strong>Shadow Claw</strong>!<br></div><div class="battle-history"><small>(The opposing Corviknight lost 46% of its health!)</small><br></div><div class="battle-history"><small>Mimikyu lost some of its HP!</small><br></div><div class="spacer battle-history"><br></div><div class="battle-history">The opposing Corviknight used <strong>U-turn</strong>!<br></div><div class="battle-history"><small>It's not very effective...</small><br></div><div class="battle-history"><small>(Mimikyu lost <abbr title="−14/251">5.6%</abbr> of its health!)</small><br></div><div class="spacer battle-history"><br></div><div class="battle-history"><small>The opposing Corviknight restored a little HP using its Leftovers!</small><br></div><div class="spacer battle-history"><br></div><h2 class="battle-history">Turn 36</h2><div class="spacer battle-history"><br></div><div class="battle-history">Mimikyu used <strong>Shadow Claw</strong>!<br></div><div class="battle-history"><small>(The opposing Corviknight lost 35% of its health!)</small><br></div><div class="battle-history"><small>Mimikyu lost some of its HP!</small><br></div><div class="spacer battle-history"><br></div><div class="battle-history">The opposing Corviknight fainted!<br></div><div class="spacer battle-history"><br></div><div class="battle-history"><strong>monotype=novariety</strong> won the battle!<br></div><div class="chat chatmessage-isocon"><strong style="color:#616adf"><small> </small><span class="username" data-name="IsoCon">IsoCon</span>:</strong> <em>god mimikyu sucks ass</em></div><div class="chat chatmessage-isocon"><strong style="color:#616adf"><small> </small><span class="username" data-name="IsoCon">IsoCon</span>:</strong> <em>46% after an sd</em></div><div class="chat chatmessage-coppersmith"><strong style="color:#0aa445"><small>☆</small><span class="username" data-name="Coppersmith">Coppersmith</span>:</strong> <em>lol</em></div><div class="chat"><small>☆Coppersmith left</small></div><div class="chat chatmessage-monotypenovariety mine"><strong style="color:#ba4973"><small>☆</small><span class="username" data-name="monotype=novariety">monotype=novariety</span>:</strong> <em>yeah mimikyu struggles against most walls</em></div><div class="chat chatmessage-monotypenovariety mine"><strong style="color:#ba4973"><small>☆</small><span class="username" data-name="monotype=novariety">monotype=novariety</span>:</strong> <em>ghost/fairy still nice tho</em></div></div><div class="inner-preempt message-log"></div></div></div>
</div>
<script>
let daily = Math.floor(Date.now()/1000/60/60/24);document.write('<script src="https://play.pokemonshowdown.com/js/replay-embed.js?version'+daily+'"></'+'script>');
</script>
