<!DOCTYPE html>
<meta charset="utf-8" />
<!-- version 1 -->
<title>[Gen 8] M4A Suspect replay: JosJet vs. BlazingHero657</title>
<style>
html,body {font-family:Verdana, sans-serif;font-size:10pt;margin:0;padding:0;}body{padding:12px 0;} .battle-log {font-family:Verdana, sans-serif;font-size:10pt;} .battle-log-inline {border:1px solid #AAAAAA;background:#EEF2F5;color:black;max-width:640px;margin:0 auto 80px;padding-bottom:5px;} .battle-log .inner {padding:4px 8px 0px 8px;} .battle-log .inner-preempt {padding:0 8px 4px 8px;} .battle-log .inner-after {margin-top:0.5em;} .battle-log h2 {margin:0.5em -8px;padding:4px 8px;border:1px solid #AAAAAA;background:#E0E7EA;border-left:0;border-right:0;font-family:Verdana, sans-serif;font-size:13pt;} .battle-log .chat {vertical-align:middle;padding:3px 0 3px 0;font-size:8pt;} .battle-log .chat strong {color:#40576A;} .battle-log .chat em {padding:1px 4px 1px 3px;color:#000000;font-style:normal;} .chat.mine {background:rgba(0,0,0,0.05);margin-left:-8px;margin-right:-8px;padding-left:8px;padding-right:8px;} .spoiler {color:#BBBBBB;background:#BBBBBB;padding:0px 3px;} .spoiler:hover, .spoiler:active, .spoiler-shown {color:#000000;background:#E2E2E2;padding:0px 3px;} .spoiler a {color:#BBBBBB;} .spoiler:hover a, .spoiler:active a, .spoiler-shown a {color:#2288CC;} .chat code, .chat .spoiler:hover code, .chat .spoiler:active code, .chat .spoiler-shown code {border:1px solid #C0C0C0;background:#EEEEEE;color:black;padding:0 2px;} .chat .spoiler code {border:1px solid #CCCCCC;background:#CCCCCC;color:#CCCCCC;} .battle-log .rated {padding:3px 4px;} .battle-log .rated strong {color:white;background:#89A;padding:1px 4px;border-radius:4px;} .spacer {margin-top:0.5em;} .message-announce {background:#6688AA;color:white;padding:1px 4px 2px;} .message-announce a, .broadcast-green a, .broadcast-blue a, .broadcast-red a {color:#DDEEFF;} .broadcast-green {background-color:#559955;color:white;padding:2px 4px;} .broadcast-blue {background-color:#6688AA;color:white;padding:2px 4px;} .infobox {border:1px solid #6688AA;padding:2px 4px;} .infobox-limited {max-height:200px;overflow:auto;overflow-x:hidden;} .broadcast-red {background-color:#AA5544;color:white;padding:2px 4px;} .message-learn-canlearn {font-weight:bold;color:#228822;text-decoration:underline;} .message-learn-cannotlearn {font-weight:bold;color:#CC2222;text-decoration:underline;} .message-effect-weak {font-weight:bold;color:#CC2222;} .message-effect-resist {font-weight:bold;color:#6688AA;} .message-effect-immune {font-weight:bold;color:#666666;} .message-learn-list {margin-top:0;margin-bottom:0;} .message-throttle-notice, .message-error {color:#992222;} .message-overflow, .chat small.message-overflow {font-size:0pt;} .message-overflow::before {font-size:9pt;content:'...';} .subtle {color:#3A4A66;}
</style>
<div class="wrapper replay-wrapper" style="max-width:1180px;margin:0 auto">
<input type="hidden" name="replayid" value="dragonheaven-gen8m4asuspect-260-wkcv0abhmgegowm53ge8l4uyfztvs8mpw" />
<div class="battle"></div><div class="battle-log"></div><div class="replay-controls"></div><div class="replay-controls-2"></div>
<h1 style="font-weight:normal;text-align:center"><strong>[Gen 8] M4A Suspect</strong><br /><a href="http://pokemonshowdown.com/users/josjet" class="subtle" target="_blank">JosJet</a> vs. <a href="http://pokemonshowdown.com/users/blazinghero657" class="subtle" target="_blank">BlazingHero657</a></h1>
<script type="text/plain" class="battle-log-data">|raw|<div class="broadcast-red"><strong>This battle is invite-only!<\/strong><br \/>Users must be invited with <code>\/invite<\/code> (or be staff) to join<\/div>
|j|☆JosJet
|j|☆BlazingHero657
|t:|1621715482
|player|p1|JosJet|erika-gen2|
|player|p2|BlazingHero657|birdkeeper-gen4dp|
|teamsize|p1|6
|teamsize|p2|6
|gametype|singles
|gen|8
|tier|[Gen 8] M4A Suspect
|clearpoke
|poke|p1|Zebstrika, M|
|poke|p1|Zamazenta-Crowned|
|poke|p1|Tapu Fini|
|poke|p1|Landorus-Therian, M|
|poke|p1|Corviknight, F|
|poke|p1|Latios, M|
|poke|p2|Clefable, F|
|poke|p2|Heatran, M|
|poke|p2|Landorus-Therian, M|
|poke|p2|Slowking-Galar, F|
|poke|p2|Garchomp, M|
|poke|p2|Corviknight, F|
|rule|HP Percentage Mod: HP is shown in percentages
|rule|Endless Battle Clause: Forcing endless battles is banned
|rule|OHKO Clause: OHKO moves are banned
|rule|Evasion Moves Clause: Evasion moves are banned
|rule|Species Clause: Limit one of each Pokémon
|rule|Dynamax Clause: You cannot dynamax
|rule|Sleep Clause Mod: Limit one foe put to sleep
|rule|Freeze Clause Mod: Limit one foe frozen
|raw|<img src="https:\/\/www.smogon.com\/forums\/attachments\/banner_2-png.302358\/" height="65" width="381">
|-message|Welcome to Megas for All!
|-message|This is a National Dex-based format where we aim to give a new Mega Evolution to every Pokémon.
|-message|Just like any official format, you can still only Mega Evolve one Pokémon per team!
|-message|You can find our thread and metagame resources here:
|-message|https:\/\/www.smogon.com\/forums\/threads\/3671140\/
|teampreview
|c|☆BlazingHero657|390 max speed
|c|☆BlazingHero657|oh boy
|c|☆JosJet|xD
|c|☆JosJet|\/log inkbug1 was invited (and promoted to Room Voice) by JosJet.
|j|+inkbug1

|c|+inkbug1|ty
|c|☆JosJet|yea np!
|c|☆JosJet|\/log Ninjacid was invited (and promoted to Room Voice) by JosJet.
|j|+Ninjacid
|c|+Ninjacid|Thanks!!
|
|t:|1621715564
|start
|switch|p1a: Laties|Latios, M, shiny|100\/100
|switch|p2a: Landorus|Landorus-Therian, M|100\/100
|-ability|p2a: Landorus|Intimidate|boost
|-unboost|p1a: Laties|atk|1
|turn|1
|c|+Ninjacid|good luck both of you
|c|☆JosJet|ty!
|
|t:|1621715575
|switch|p2a: Forge|Heatran, M|100\/100
|move|p1a: Laties|Ice Beam|p2a: Forge
|-resisted|p2a: Forge
|-damage|p2a: Forge|95\/100
|
|-heal|p2a: Forge|100\/100|[from] item: Leftovers
|upkeep
|turn|2
|
|t:|1621715580
|switch|p1a: Juvia|Tapu Fini|100\/100
|-fieldstart|move: Misty Terrain|[from] ability: Misty Surge|[of] p1a: Juvia
|move|p2a: Forge|Magma Storm|p1a: Juvia
|-resisted|p1a: Juvia
|-damage|p1a: Juvia|85\/100
|-activate|p1a: Juvia|move: Magma Storm|[of] p2a: Forge
|
|-heal|p1a: Juvia|91\/100|[from] item: Leftovers
|-damage|p1a: Juvia|79\/100|[from] move: Magma Storm|[partiallytrapped]
|upkeep
|turn|3
|
|t:|1621715597
|move|p2a: Forge|Stealth Rock|p1a: Juvia
|-sidestart|p1: JosJet|move: Stealth Rock
|move|p1a: Juvia|Calm Mind|p1a: Juvia
|-boost|p1a: Juvia|spa|1
|-boost|p1a: Juvia|spd|1
|
|-heal|p1a: Juvia|85\/100|[from] item: Leftovers
|-damage|p1a: Juvia|73\/100|[from] move: Magma Storm|[partiallytrapped]
|upkeep
|turn|4
|
|t:|1621715602
|move|p2a: Forge|Taunt|p1a: Juvia
|-start|p1a: Juvia|move: Taunt
|move|p1a: Juvia|Scald|p2a: Forge
|-supereffective|p2a: Forge
|-damage|p2a: Forge|48\/100
|
|-heal|p2a: Forge|54\/100|[from] item: Leftovers
|-heal|p1a: Juvia|79\/100|[from] item: Leftovers
|-damage|p1a: Juvia|66\/100|[from] move: Magma Storm|[partiallytrapped]
|upkeep
|turn|5
|
|t:|1621715613
|switch|p2a: Slowqueen|Slowking-Galar, F|100\/100
|move|p1a: Juvia|Scald|p2a: Slowqueen
|-damage|p2a: Slowqueen|80\/100
|
|-heal|p1a: Juvia|72\/100|[from] item: Leftovers
|-end|p1a: Juvia|Magma Storm|[partiallytrapped]|[silent]
|upkeep
|turn|6
|
|t:|1621715627
|switch|p1a: Crow|Corviknight, F|100\/100
|-damage|p1a: Crow|88\/100|[from] Stealth Rock
|-ability|p1a: Crow|Pressure
|move|p2a: Slowqueen|Future Sight|p1a: Crow
|-start|p2a: Slowqueen|move: Future Sight
|
|-fieldend|Misty Terrain
|upkeep
|turn|7
|
|t:|1621715635
|move|p1a: Crow|U-turn|p2a: Slowqueen
|-damage|p2a: Slowqueen|65\/100
|
|t:|1621715643
|switch|p1a: Juvia|Tapu Fini|72\/100|[from]move: U-turn
|-damage|p1a: Juvia|60\/100|[from] Stealth Rock
|-fieldstart|move: Misty Terrain|[from] ability: Misty Surge|[of] p1a: Juvia
|move|p2a: Slowqueen|Flamethrower|p1a: Juvia
|-resisted|p1a: Juvia
|-damage|p1a: Juvia|48\/100
|
|-heal|p1a: Juvia|55\/100|[from] item: Leftovers
|upkeep
|turn|8
|
|t:|1621715651
|switch|p1a: Crow|Corviknight, F|88\/100
|-damage|p1a: Crow|75\/100|[from] Stealth Rock
|-ability|p1a: Crow|Pressure
|move|p2a: Slowqueen|Sludge Bomb|p1a: Crow
|-immune|p1a: Crow
|
|-end|p1a: Crow|move: Future Sight
|-resisted|p1a: Crow
|-damage|p1a: Crow|48\/100
|upkeep
|turn|9
|c|☆BlazingHero657|hm
|
|t:|1621715702
|switch|p1a: Shukaku|Landorus-Therian, M|100\/100
|-damage|p1a: Shukaku|88\/100|[from] Stealth Rock
|-ability|p1a: Shukaku|Intimidate|boost
|-unboost|p2a: Slowqueen|atk|1
|move|p2a: Slowqueen|Future Sight|p1a: Shukaku
|-start|p2a: Slowqueen|move: Future Sight
|
|upkeep
|turn|10
|
|t:|1621715717
|switch|p2a: Landorus|Landorus-Therian, M|100\/100
|-ability|p2a: Landorus|Intimidate|boost
|-unboost|p1a: Shukaku|atk|1
|move|p1a: Shukaku|Stealth Rock|p2a: Landorus
|-sidestart|p2: BlazingHero657|move: Stealth Rock
|
|upkeep
|turn|11
|
|t:|1621715724
|switch|p1a: Crow|Corviknight, F|48\/100
|-damage|p1a: Crow|36\/100|[from] Stealth Rock
|-ability|p1a: Crow|Pressure
|move|p2a: Landorus|Toxic|p1a: Crow
|-immune|p1a: Crow
|
|-end|p1a: Crow|move: Future Sight
|-resisted|p1a: Crow
|-damage|p1a: Crow|10\/100
|-fieldend|Misty Terrain
|upkeep
|turn|12
|
|t:|1621715729
|move|p2a: Landorus|U-turn|p1a: Crow
|-resisted|p1a: Crow
|-damage|p1a: Crow|7\/100
|-damage|p2a: Landorus|84\/100|[from] item: Rocky Helmet|[of] p1a: Crow
|
|t:|1621715733
|switch|p2a: Corviknight|Corviknight, F|100\/100|[from]move: U-turn
|-damage|p2a: Corviknight|88\/100|[from] Stealth Rock
|-ability|p2a: Corviknight|Pressure
|move|p1a: Crow|Roost|p1a: Crow
|-heal|p1a: Crow|57\/100
|-singleturn|p1a: Crow|move: Roost
|
|-heal|p2a: Corviknight|94\/100|[from] item: Leftovers
|upkeep
|turn|13
|
|t:|1621715736
|move|p2a: Corviknight|Defog|p1a: Crow
|-unboost|p1a: Crow|evasion|1
|-sideend|p1: JosJet|Stealth Rock|[from] move: Defog|[of] p2a: Corviknight
|-sideend|p2: BlazingHero657|Stealth Rock|[from] move: Defog|[of] p2a: Corviknight
|move|p1a: Crow|U-turn|p2a: Corviknight
|-resisted|p2a: Corviknight
|-damage|p2a: Corviknight|92\/100
|
|t:|1621715738
|switch|p1a: MyChild|Zebstrika, M|100\/100|[from]move: U-turn
|
|-heal|p2a: Corviknight|98\/100|[from] item: Leftovers
|upkeep
|turn|14
|l|☆BlazingHero657
|player|p2|
|c|+inkbug1|did you decide bo1 or 3 btw
|c|☆JosJet|oh yea bo1
|c|+inkbug1|k
|j|☆BlazingHero657
|player|p2|BlazingHero657|birdkeeper-gen4dp
|c|☆BlazingHero657|sorry
|c|☆BlazingHero657|hate when my wifi does that
|c|☆JosJet|ahh no worries!! 
|
|t:|1621715816
|detailschange|p1a: MyChild|Zebstrika-Mega, M
|-mega|p1a: MyChild|Zebstrika|Zebstrikanite
|-start|p1a: MyChild|typechange|Electric|[silent]
|raw|<ul class="utilichart"><li class="result"><span class="col pokemonnamecol" style="white-space: nowrap">Zebstrika-Mega<\/span> <span class="col typecol"><img src="https:\/\/play.pokemonshowdown.com\/sprites\/types\/Electric.png" alt="Electric" height="14" width="32"><\/span> <span style="float: left ; min-height: 26px"><span class="col abilitycol">Vajra<\/span><span class="col abilitycol"><\/span><\/span><span style="float: left ; min-height: 26px"><span class="col statcol"><em>HP<\/em><br>75<\/span> <span class="col statcol"><em>Atk<\/em><br>120<\/span> <span class="col statcol"><em>Def<\/em><br>78<\/span> <span class="col statcol"><em>SpA<\/em><br>80<\/span> <span class="col statcol"><em>SpD<\/em><br>108<\/span> <span class="col statcol"><em>Spe<\/em><br>136<\/span> <\/span><\/li><li style="clear: both"><\/li><\/ul>
|move|p1a: MyChild|Pursuit|p2a: Corviknight
|-supereffective|p2a: Corviknight
|-damage|p2a: Corviknight|67\/100
|move|p2a: Corviknight|U-turn|p1a: MyChild
|-damage|p1a: MyChild|79\/100
|c|☆JosJet|same
|
|t:|1621715823
|switch|p2a: Landorus|Landorus-Therian, M|84\/100|[from]move: U-turn
|-ability|p2a: Landorus|Intimidate|boost
|-unboost|p1a: MyChild|atk|1
|
|-heal|p2a: Landorus|90\/100|[from] item: Leftovers
|upkeep
|turn|15
|
|t:|1621715827
|switch|p1a: Crow|Corviknight, F|57\/100
|-ability|p1a: Crow|Pressure
|move|p2a: Landorus|Stealth Rock|p1a: Crow
|-sidestart|p1: JosJet|move: Stealth Rock
|
|-heal|p2a: Landorus|96\/100|[from] item: Leftovers
|upkeep
|turn|16
|
|t:|1621715833
|move|p2a: Landorus|U-turn|p1a: Crow
|-resisted|p1a: Crow
|-damage|p1a: Crow|53\/100
|-damage|p2a: Landorus|80\/100|[from] item: Rocky Helmet|[of] p1a: Crow
|
|t:|1621715836
|switch|p2a: Forge|Heatran, M|54\/100|[from]move: U-turn
|move|p1a: Crow|Defog|p2a: Forge
|-unboost|p2a: Forge|evasion|1
|-sideend|p1: JosJet|Stealth Rock|[from] move: Defog|[of] p1a: Crow
|
|-heal|p2a: Forge|60\/100|[from] item: Leftovers
|upkeep
|turn|17
|
|t:|1621715851
|switch|p1a: Juvia|Tapu Fini|55\/100
|-fieldstart|move: Misty Terrain|[from] ability: Misty Surge|[of] p1a: Juvia
|move|p2a: Forge|Stealth Rock|p1a: Juvia
|-sidestart|p1: JosJet|move: Stealth Rock
|
|-heal|p2a: Forge|66\/100|[from] item: Leftovers
|-heal|p1a: Juvia|61\/100|[from] item: Leftovers
|upkeep
|turn|18
|
|t:|1621715872
|switch|p2a: Slowqueen|Slowking-Galar, F|98\/100
|move|p1a: Juvia|Scald|p2a: Slowqueen
|-damage|p2a: Slowqueen|86\/100
|
|-heal|p1a: Juvia|67\/100|[from] item: Leftovers
|upkeep
|turn|19
|
|t:|1621715888
|switch|p1a: Shukaku|Landorus-Therian, M|88\/100
|-damage|p1a: Shukaku|76\/100|[from] Stealth Rock
|-ability|p1a: Shukaku|Intimidate|boost
|-unboost|p2a: Slowqueen|atk|1
|move|p2a: Slowqueen|Future Sight|p1a: Shukaku
|-start|p2a: Slowqueen|move: Future Sight
|
|upkeep
|turn|20
|
|t:|1621715898
|switch|p2a: Corviknight|Corviknight, F|67\/100
|-ability|p2a: Corviknight|Pressure
|move|p1a: Shukaku|Stealth Rock|p2a: Corviknight
|-sidestart|p2: BlazingHero657|move: Stealth Rock
|
|-heal|p2a: Corviknight|73\/100|[from] item: Leftovers
|upkeep
|turn|21
|
|t:|1621715903
|switch|p1a: Crow|Corviknight, F|53\/100
|-damage|p1a: Crow|41\/100|[from] Stealth Rock
|-ability|p1a: Crow|Pressure
|move|p2a: Corviknight|Roost|p2a: Corviknight
|-heal|p2a: Corviknight|100\/100
|-singleturn|p2a: Corviknight|move: Roost
|
|-end|p1a: Crow|move: Future Sight
|-resisted|p1a: Crow
|-damage|p1a: Crow|15\/100
|-fieldend|Misty Terrain
|upkeep
|turn|22
|
|t:|1621715907
|move|p2a: Corviknight|Brave Bird|p1a: Crow
|-resisted|p1a: Crow
|-damage|p1a: Crow|3\/100
|-damage|p2a: Corviknight|84\/100|[from] item: Rocky Helmet|[of] p1a: Crow
|-damage|p2a: Corviknight|80\/100|[from] Recoil
|move|p1a: Crow|Roost|p1a: Crow
|-heal|p1a: Crow|53\/100
|-singleturn|p1a: Crow|move: Roost
|
|-heal|p2a: Corviknight|86\/100|[from] item: Leftovers
|upkeep
|turn|23
|
|t:|1621715914
|move|p2a: Corviknight|U-turn|p1a: Crow
|-resisted|p1a: Crow
|-damage|p1a: Crow|51\/100
|-damage|p2a: Corviknight|70\/100|[from] item: Rocky Helmet|[of] p1a: Crow
|
|t:|1621715920
|switch|p2a: Landorus|Landorus-Therian, M|80\/100|[from]move: U-turn
|-damage|p2a: Landorus|67\/100|[from] Stealth Rock
|-ability|p2a: Landorus|Intimidate|boost
|-unboost|p1a: Crow|atk|1
|move|p1a: Crow|Roost|p1a: Crow
|-heal|p1a: Crow|100\/100
|-singleturn|p1a: Crow|move: Roost
|
|-heal|p2a: Landorus|73\/100|[from] item: Leftovers
|upkeep
|turn|24
|
|t:|1621715935
|switch|p2a: Clefable|Clefable, F|100\/100
|move|p1a: Crow|U-turn|p2a: Clefable
|-resisted|p2a: Clefable
|-damage|p2a: Clefable|95\/100
|
|t:|1621715957
|switch|p1a: Juvia|Tapu Fini|67\/100|[from]move: U-turn
|-damage|p1a: Juvia|54\/100|[from] Stealth Rock
|-fieldstart|move: Misty Terrain|[from] ability: Misty Surge|[of] p1a: Juvia
|
|-heal|p1a: Juvia|60\/100|[from] item: Leftovers
|upkeep
|turn|25
|
|t:|1621715980
|switch|p1a: Crow|Corviknight, F|100\/100
|-damage|p1a: Crow|88\/100|[from] Stealth Rock
|-ability|p1a: Crow|Pressure
|move|p2a: Clefable|Moonblast|p1a: Crow
|-resisted|p1a: Crow
|-damage|p1a: Crow|71\/100
|
|upkeep
|turn|26
|
|t:|1621715987
|switch|p2a: Corviknight|Corviknight, F|70\/100
|-damage|p2a: Corviknight|57\/100|[from] Stealth Rock
|-ability|p2a: Corviknight|Pressure
|move|p1a: Crow|Roost|p1a: Crow
|-heal|p1a: Crow|100\/100
|-singleturn|p1a: Crow|move: Roost
|
|-heal|p2a: Corviknight|63\/100|[from] item: Leftovers
|upkeep
|turn|27
|l|+Ninjacid
|
|t:|1621715992
|move|p2a: Corviknight|Roost|p2a: Corviknight
|-heal|p2a: Corviknight|100\/100
|-singleturn|p2a: Corviknight|move: Roost
|move|p1a: Crow|U-turn|p2a: Corviknight
|-resisted|p2a: Corviknight
|-damage|p2a: Corviknight|96\/100
|
|t:|1621715994
|switch|p1a: MyChild|Zebstrika-Mega, M|79\/100|[from]move: U-turn
|-start|p1a: MyChild|typechange|Electric|[silent]
|-damage|p1a: MyChild|66\/100|[from] Stealth Rock
|
|-heal|p2a: Corviknight|100\/100|[from] item: Leftovers
|upkeep
|turn|28
|
|t:|1621716002
|switch|p2a: Landorus|Landorus-Therian, M|73\/100
|-damage|p2a: Landorus|61\/100|[from] Stealth Rock
|-ability|p2a: Landorus|Intimidate|boost
|-unboost|p1a: MyChild|atk|1
|move|p1a: MyChild|Jaw Lock|p2a: Landorus
|-immune|p2a: Landorus
|
|-heal|p2a: Landorus|67\/100|[from] item: Leftovers
|-fieldend|Misty Terrain
|upkeep
|turn|29
|
|t:|1621716016
|switch|p1a: Crow|Corviknight, F|100\/100
|-damage|p1a: Crow|88\/100|[from] Stealth Rock
|-ability|p1a: Crow|Pressure
|move|p2a: Landorus|Toxic|p1a: Crow
|-immune|p1a: Crow
|
|-heal|p2a: Landorus|73\/100|[from] item: Leftovers
|upkeep
|turn|30
|
|t:|1621716028
|switch|p2a: Corviknight|Corviknight, F|100\/100
|-damage|p2a: Corviknight|88\/100|[from] Stealth Rock
|-ability|p2a: Corviknight|Pressure
|move|p1a: Crow|U-turn|p2a: Corviknight
|-resisted|p2a: Corviknight
|-damage|p2a: Corviknight|86\/100
|
|t:|1621716031
|switch|p1a: MyChild|Zebstrika-Mega, M|66\/100|[from]move: U-turn
|-start|p1a: MyChild|typechange|Electric|[silent]
|-damage|p1a: MyChild|54\/100|[from] Stealth Rock
|
|-heal|p2a: Corviknight|92\/100|[from] item: Leftovers
|upkeep
|turn|31
|
|t:|1621716036
|move|p1a: MyChild|Jaw Lock|p2a: Corviknight
|-supereffective|p2a: Corviknight
|-damage|p2a: Corviknight|35\/100
|-activate|p1a: MyChild|trapped
|-activate|p2a: Corviknight|trapped
|move|p2a: Corviknight|U-turn|p1a: MyChild
|-damage|p1a: MyChild|33\/100
|c|☆BlazingHero657|wait, does that mean you can't switch out now?
|
|t:|1621716059
|switch|p2a: Garchomp|Garchomp, M|100\/100|[from]move: U-turn
|-damage|p2a: Garchomp|94\/100|[from] Stealth Rock
|
|upkeep
|turn|32
|c|☆JosJet|no
|c|☆JosJet|its like most trapping thingies lol
|
|t:|1621716078
|switch|p1a: Crow|Corviknight, F|88\/100
|-damage|p1a: Crow|75\/100|[from] Stealth Rock
|-ability|p1a: Crow|Pressure
|move|p2a: Garchomp|Earthquake|p1a: Crow
|-immune|p1a: Crow
|
|upkeep
|turn|33
|
|t:|1621716093
|switch|p2a: Landorus|Landorus-Therian, M|73\/100
|-damage|p2a: Landorus|61\/100|[from] Stealth Rock
|-ability|p2a: Landorus|Intimidate|boost
|-unboost|p1a: Crow|atk|1
|move|p1a: Crow|U-turn|p2a: Landorus
|-resisted|p2a: Landorus
|-damage|p2a: Landorus|57\/100
|
|t:|1621716102
|switch|p1a: Laties|Latios, M, shiny|100\/100|[from]move: U-turn
|-damage|p1a: Laties|88\/100|[from] Stealth Rock
|
|-heal|p2a: Landorus|63\/100|[from] item: Leftovers
|upkeep
|turn|34
|
|t:|1621716109
|switch|p2a: Slowqueen|Slowking-Galar, F|100\/100
|-damage|p2a: Slowqueen|88\/100|[from] Stealth Rock
|move|p1a: Laties|Ice Beam|p2a: Slowqueen
|-crit|p2a: Slowqueen
|-damage|p2a: Slowqueen|62\/100
|
|upkeep
|turn|35
|
|t:|1621716123
|switch|p1a: Juvia|Tapu Fini|60\/100
|-damage|p1a: Juvia|48\/100|[from] Stealth Rock
|-fieldstart|move: Misty Terrain|[from] ability: Misty Surge|[of] p1a: Juvia
|move|p2a: Slowqueen|Future Sight|p1a: Juvia
|-start|p2a: Slowqueen|move: Future Sight
|
|-heal|p1a: Juvia|54\/100|[from] item: Leftovers
|upkeep
|turn|36
|
|t:|1621716129
|switch|p1a: Crow|Corviknight, F|75\/100
|-damage|p1a: Crow|63\/100|[from] Stealth Rock
|-ability|p1a: Crow|Pressure
|move|p2a: Slowqueen|Sludge Bomb|p1a: Crow
|-immune|p1a: Crow
|
|upkeep
|turn|37
|
|t:|1621716135
|move|p1a: Crow|Roost|p1a: Crow
|-heal|p1a: Crow|100\/100
|-singleturn|p1a: Crow|move: Roost
|move|p2a: Slowqueen|Scald|p1a: Crow
|-damage|p1a: Crow|75\/100
|
|-end|p1a: Crow|move: Future Sight
|-resisted|p1a: Crow
|-damage|p1a: Crow|49\/100
|upkeep
|turn|38
|
|t:|1621716141
|move|p1a: Crow|Roost|p1a: Crow
|-heal|p1a: Crow|99\/100
|-singleturn|p1a: Crow|move: Roost
|move|p2a: Slowqueen|Flamethrower|p1a: Crow
|-supereffective|p1a: Crow
|-damage|p1a: Crow|45\/100
|
|upkeep
|turn|39
|
|t:|1621716154
|move|p1a: Crow|Roost|p1a: Crow
|-heal|p1a: Crow|95\/100
|-singleturn|p1a: Crow|move: Roost
|move|p2a: Slowqueen|Future Sight|p1a: Crow
|-start|p2a: Slowqueen|move: Future Sight
|
|-fieldend|Misty Terrain
|upkeep
|turn|40
|
|t:|1621716163
|switch|p2a: Corviknight|Corviknight, F|35\/100
|-damage|p2a: Corviknight|22\/100|[from] Stealth Rock
|-ability|p2a: Corviknight|Pressure
|move|p1a: Crow|Defog|p2a: Corviknight
|-unboost|p2a: Corviknight|evasion|1
|-sideend|p2: BlazingHero657|Stealth Rock|[from] move: Defog|[of] p1a: Crow
|-sideend|p1: JosJet|Stealth Rock|[from] move: Defog|[of] p1a: Crow
|
|-heal|p2a: Corviknight|29\/100|[from] item: Leftovers
|upkeep
|turn|41
|
|t:|1621716169
|move|p2a: Corviknight|Roost|p2a: Corviknight
|-heal|p2a: Corviknight|78\/100
|-singleturn|p2a: Corviknight|move: Roost
|move|p1a: Crow|U-turn|p2a: Corviknight
|-resisted|p2a: Corviknight
|-damage|p2a: Corviknight|74\/100
|
|t:|1621716171
|switch|p1a: MyChild|Zebstrika-Mega, M|33\/100|[from]move: U-turn
|-start|p1a: MyChild|typechange|Electric|[silent]
|
|-end|p1a: MyChild|move: Future Sight
|-damage|p1a: MyChild|0 fnt
|-heal|p2a: Corviknight|80\/100|[from] item: Leftovers
|faint|p1a: MyChild
|upkeep
|c|☆JosJet|oof
|c|☆BlazingHero657|someone had to do it eventually
|c|☆BlazingHero657|oh
|c|☆JosJet|xD
|
|t:|1621716192
|switch|p1a: Shukaku|Landorus-Therian, M|76\/100
|-ability|p1a: Shukaku|Intimidate|boost
|-unboost|p2a: Corviknight|atk|1
|turn|42
|
|t:|1621716198
|move|p1a: Shukaku|Swords Dance|p1a: Shukaku
|-boost|p1a: Shukaku|atk|2
|move|p2a: Corviknight|U-turn|p1a: Shukaku
|-resisted|p1a: Shukaku
|-damage|p1a: Shukaku|70\/100
|
|t:|1621716208
|switch|p2a: Clefable|Clefable, F|95\/100|[from]move: U-turn
|
|upkeep
|turn|43
|
|t:|1621716235
|switch|p1a: Juvia|Tapu Fini|54\/100
|-fieldstart|move: Misty Terrain|[from] ability: Misty Surge|[of] p1a: Juvia
|detailschange|p2a: Clefable|Clefable-Mega, F
|-mega|p2a: Clefable|Clefable|Clefabite
|-start|p2a: Clefable|typechange|Fairy\/Ghost|[silent]
|raw|<ul class="utilichart"><li class="result"><span class="col pokemonnamecol" style="white-space: nowrap">Clefable-Mega<\/span> <span class="col typecol"><img src="https:\/\/play.pokemonshowdown.com\/sprites\/types\/Fairy.png" alt="Fairy" height="14" width="32"><img src="https:\/\/play.pokemonshowdown.com\/sprites\/types\/Ghost.png" alt="Ghost" height="14" width="32"><\/span> <span style="float: left ; min-height: 26px"><span class="col abilitycol">Prankster<\/span><span class="col abilitycol"><\/span><\/span><span style="float: left ; min-height: 26px"><span class="col statcol"><em>HP<\/em><br>95<\/span> <span class="col statcol"><em>Atk<\/em><br>80<\/span> <span class="col statcol"><em>Def<\/em><br>83<\/span> <span class="col statcol"><em>SpA<\/em><br>125<\/span> <span class="col statcol"><em>SpD<\/em><br>90<\/span> <span class="col statcol"><em>Spe<\/em><br>110<\/span> <\/span><\/li><li style="clear: both"><\/li><\/ul>
|move|p2a: Clefable|Moonblast|p1a: Juvia
|-damage|p1a: Juvia|19\/100
|-unboost|p1a: Juvia|spa|1
|
|-heal|p1a: Juvia|25\/100|[from] item: Leftovers
|upkeep
|turn|44
|c|☆JosJet|oooo
|
|t:|1621716246
|switch|p1a: Crow|Corviknight, F|95\/100
|-ability|p1a: Crow|Pressure
|move|p2a: Clefable|Shadow Ball|p1a: Crow
|-damage|p1a: Crow|58\/100
|
|upkeep
|turn|45
|
|t:|1621716252
|switch|p2a: Corviknight|Corviknight, F|80\/100
|-ability|p2a: Corviknight|Pressure
|move|p1a: Crow|U-turn|p2a: Corviknight
|-resisted|p2a: Corviknight
|-crit|p2a: Corviknight
|-damage|p2a: Corviknight|77\/100
|
|t:|1621716261
|switch|p1a: Laties|Latios, M, shiny|88\/100|[from]move: U-turn
|
|-heal|p2a: Corviknight|83\/100|[from] item: Leftovers
|upkeep
|turn|46
|
|t:|1621716269
|move|p1a: Laties|Mystical Fire|p2a: Corviknight
|-supereffective|p2a: Corviknight
|-damage|p2a: Corviknight|29\/100
|-unboost|p2a: Corviknight|spa|1
|move|p2a: Corviknight|U-turn|p1a: Laties
|-supereffective|p1a: Laties
|-damage|p1a: Laties|52\/100
|
|t:|1621716275
|switch|p2a: Slowqueen|Slowking-Galar, F|95\/100|[from]move: U-turn
|
|upkeep
|turn|47
|
|t:|1621716278
|switch|p1a: Crow|Corviknight, F|58\/100
|-ability|p1a: Crow|Pressure
|move|p2a: Slowqueen|Future Sight|p1a: Crow
|-start|p2a: Slowqueen|move: Future Sight
|
|-fieldend|Misty Terrain
|upkeep
|turn|48
|
|t:|1621716283
|move|p1a: Crow|Roost|p1a: Crow
|-heal|p1a: Crow|100\/100
|-singleturn|p1a: Crow|move: Roost
|move|p2a: Slowqueen|Flamethrower|p1a: Crow
|-supereffective|p1a: Crow
|-damage|p1a: Crow|46\/100
|
|upkeep
|turn|49
|
|t:|1621716287
|move|p1a: Crow|Roost|p1a: Crow
|-heal|p1a: Crow|96\/100
|-singleturn|p1a: Crow|move: Roost
|move|p2a: Slowqueen|Flamethrower|p1a: Crow
|-supereffective|p1a: Crow
|-damage|p1a: Crow|40\/100
|
|-end|p1a: Crow|move: Future Sight
|-resisted|p1a: Crow
|-damage|p1a: Crow|15\/100
|upkeep
|turn|50
|
|t:|1621716294
|move|p1a: Crow|Roost|p1a: Crow
|-heal|p1a: Crow|64\/100
|-singleturn|p1a: Crow|move: Roost
|move|p2a: Slowqueen|Future Sight|p1a: Crow
|-start|p2a: Slowqueen|move: Future Sight
|
|upkeep
|turn|51
|
|t:|1621716297
|move|p1a: Crow|Roost|p1a: Crow
|-heal|p1a: Crow|100\/100
|-singleturn|p1a: Crow|move: Roost
|move|p2a: Slowqueen|Flamethrower|p1a: Crow
|-supereffective|p1a: Crow
|-damage|p1a: Crow|43\/100
|
|upkeep
|turn|52
|
|t:|1621716305
|switch|p2a: Forge|Heatran, M|66\/100
|move|p1a: Crow|U-turn|p2a: Forge
|-resisted|p2a: Forge
|-damage|p2a: Forge|63\/100
|c|☆BlazingHero657|zama hasn't come in all match
|c|☆JosJet|yea true lol
|c|☆BlazingHero657|have you made a move, or is my wifi dead again
|c|☆JosJet|no its me xD
|
|t:|1621716441
|switch|p1a: Juvia|Tapu Fini|25\/100|[from]move: U-turn
|-fieldstart|move: Misty Terrain|[from] ability: Misty Surge|[of] p1a: Juvia
|
|-end|p1a: Juvia|move: Future Sight
|-damage|p1a: Juvia|0 fnt
|-heal|p2a: Forge|70\/100|[from] item: Leftovers
|faint|p1a: Juvia
|upkeep
|
|t:|1621716468
|switch|p1a: Shukaku|Landorus-Therian, M|70\/100
|-ability|p1a: Shukaku|Intimidate|boost
|-unboost|p2a: Forge|atk|1
|turn|53
|
|t:|1621716475
|switch|p2a: Corviknight|Corviknight, F|29\/100
|-ability|p2a: Corviknight|Pressure
|move|p1a: Shukaku|Stone Edge|p2a: Corviknight|[miss]
|-miss|p1a: Shukaku|p2a: Corviknight
|
|-heal|p2a: Corviknight|35\/100|[from] item: Leftovers
|upkeep
|turn|54
|c|☆BlazingHero657|mm, i don't like that
|c|☆JosJet|ah xD no worries
|
|t:|1621716536
|switch|p2a: Landorus|Landorus-Therian, M|63\/100
|-ability|p2a: Landorus|Intimidate|boost
|-unboost|p1a: Shukaku|atk|1
|-zpower|p1a: Shukaku
|move|p1a: Shukaku|Continental Crush|p2a: Landorus|[zeffect]
|-damage|p2a: Landorus|31\/100
|
|-heal|p2a: Landorus|37\/100|[from] item: Leftovers
|upkeep
|turn|55
|c|☆BlazingHero657|ok
|c|☆BlazingHero657|glad i did that
|c|☆JosJet|xD
|c|☆BlazingHero657|speaking of, i have no z move
|
|t:|1621716572
|switch|p1a: Crow|Corviknight, F|43\/100
|-ability|p1a: Crow|Pressure
|move|p2a: Landorus|U-turn|p1a: Crow
|-resisted|p1a: Crow
|-damage|p1a: Crow|39\/100
|-damage|p2a: Landorus|20\/100|[from] item: Rocky Helmet|[of] p1a: Crow
|c|☆JosJet|lolll
|
|t:|1621716580
|switch|p2a: Garchomp|Garchomp, M|94\/100|[from]move: U-turn
|
|upkeep
|turn|56
|
|t:|1621716586
|move|p2a: Garchomp|Scale Shot|p1a: Crow
|-resisted|p1a: Crow
|-damage|p1a: Crow|33\/100
|-resisted|p1a: Crow
|-damage|p1a: Crow|28\/100
|-hitcount|p1a: Crow|2
|-unboost|p2a: Garchomp|def|1
|-boost|p2a: Garchomp|spe|1
|-damage|p2a: Garchomp|85\/100|[from] item: Life Orb
|move|p1a: Crow|Roost|p1a: Crow
|-heal|p1a: Crow|78\/100
|-singleturn|p1a: Crow|move: Roost
|
|-fieldend|Misty Terrain
|upkeep
|turn|57
|
|t:|1621716594
|move|p2a: Garchomp|Swords Dance|p2a: Garchomp
|-boost|p2a: Garchomp|atk|2
|move|p1a: Crow|Roost|p1a: Crow
|-heal|p1a: Crow|100\/100
|-singleturn|p1a: Crow|move: Roost
|
|upkeep
|turn|58
|
|t:|1621716599
|move|p2a: Garchomp|Fire Fang|p1a: Crow
|-supereffective|p1a: Crow
|-damage|p1a: Crow|18\/100
|-damage|p2a: Garchomp|68\/100|[from] item: Rocky Helmet|[of] p1a: Crow
|-damage|p2a: Garchomp|58\/100|[from] item: Life Orb
|move|p1a: Crow|U-turn|p2a: Garchomp
|-crit|p2a: Garchomp
|-damage|p2a: Garchomp|25\/100
|-damage|p1a: Crow|6\/100|[from] ability: Rough Skin|[of] p2a: Garchomp
|c|☆JosJet|oof mb
|c|☆BlazingHero657|this is fine.
|
|t:|1621716615
|switch|p1a: Laties|Latios, M, shiny|52\/100|[from]move: U-turn
|
|upkeep
|turn|59
|
|t:|1621716622
|move|p1a: Laties|Psychic|p2a: Garchomp
|-damage|p2a: Garchomp|0 fnt
|faint|p2a: Garchomp
|
|upkeep
|c|☆BlazingHero657|this was not fine.
|
|t:|1621716631
|switch|p2a: Forge|Heatran, M|70\/100
|turn|60
|c|☆JosJet|xD
|
|t:|1621716636
|switch|p1a: Crow|Corviknight, F|6\/100
|-ability|p1a: Crow|Pressure
|move|p2a: Forge|Magma Storm|p1a: Crow
|-supereffective|p1a: Crow
|-crit|p1a: Crow
|-damage|p1a: Crow|0 fnt
|faint|p1a: Crow
|
|-heal|p2a: Forge|76\/100|[from] item: Leftovers
|upkeep
|
|t:|1621716645
|switch|p1a: Shukaku|Landorus-Therian, M|70\/100
|-ability|p1a: Shukaku|Intimidate|boost
|-unboost|p2a: Forge|atk|1
|turn|61
|
|t:|1621716663
|switch|p2a: Corviknight|Corviknight, F|35\/100
|-ability|p2a: Corviknight|Pressure
|move|p1a: Shukaku|Earthquake|p2a: Corviknight
|-immune|p2a: Corviknight
|
|-heal|p2a: Corviknight|41\/100|[from] item: Leftovers
|upkeep
|turn|62
|
|t:|1621716666
|move|p1a: Shukaku|Swords Dance|p1a: Shukaku
|-boost|p1a: Shukaku|atk|2
|move|p2a: Corviknight|Roost|p2a: Corviknight
|-heal|p2a: Corviknight|91\/100
|-singleturn|p2a: Corviknight|move: Roost
|
|-heal|p2a: Corviknight|98\/100|[from] item: Leftovers
|upkeep
|turn|63
|
|t:|1621716688
|move|p1a: Shukaku|Swords Dance|p1a: Shukaku
|-boost|p1a: Shukaku|atk|2
|move|p2a: Corviknight|U-turn|p1a: Shukaku
|-resisted|p1a: Shukaku
|-damage|p1a: Shukaku|62\/100
|
|t:|1621716693
|switch|p2a: Clefable|Clefable-Mega, F|95\/100|[from]move: U-turn
|-start|p2a: Clefable|typechange|Fairy\/Ghost|[silent]
|
|upkeep
|turn|64
|c|☆BlazingHero657|if this doesn't kill
|c|☆BlazingHero657|i am so dead
|c|☆JosJet|xD
|c|☆BlazingHero657|i'm glad you find this amusing
|c|☆JosJet|lmaoooo
|c|☆JosJet|this has been a very fun game so far
|c|☆JosJet|I think it does kill
|
|t:|1621716771
|move|p2a: Clefable|Moonblast|p1a: Shukaku
|-damage|p1a: Shukaku|0 fnt
|faint|p1a: Shukaku
|
|upkeep
|c|☆JosJet|yea
|c|☆BlazingHero657|thank goodness
|
|t:|1621716779
|switch|p1a: Dirty Dan|Zamazenta-Crowned|100\/100
|-ability|p1a: Dirty Dan|Dauntless Shield|boost
|-boost|p1a: Dirty Dan|def|1
|turn|65
|c|☆BlazingHero657|and here it is
|c|☆JosJet|lol
|c|☆JosJet|dirty dan
|c|☆BlazingHero657|hm...
|c|☆JosJet|just the nickname 
|c|☆BlazingHero657|130 base attack, 128 base speed
|c|☆JosJet|ahh but I lose
|c|☆JosJet|regardless of that
|
|t:|1621716895
|switch|p2a: Forge|Heatran, M|76\/100
|move|p1a: Dirty Dan|Work Up|p1a: Dirty Dan
|-boost|p1a: Dirty Dan|atk|1
|-boost|p1a: Dirty Dan|spa|1
|
|-heal|p2a: Forge|82\/100|[from] item: Leftovers
|upkeep
|turn|66
|
|t:|1621716903
|move|p1a: Dirty Dan|Focus Blast|p2a: Forge
|-supereffective|p2a: Forge
|-damage|p2a: Forge|0 fnt
|faint|p2a: Forge
|
|upkeep
|c|☆BlazingHero657|oh it's special?
|
|t:|1621716911
|switch|p2a: Landorus|Landorus-Therian, M|20\/100
|-ability|p2a: Landorus|Intimidate|boost
|-unboost|p1a: Dirty Dan|atk|1
|turn|67
|c|☆JosJet|yea
|c|☆JosJet|maybe
|
|t:|1621716920
|switch|p2a: Corviknight|Corviknight, F|98\/100
|-ability|p2a: Corviknight|Pressure
|move|p1a: Dirty Dan|Flash Cannon|p2a: Corviknight
|-resisted|p2a: Corviknight
|-damage|p2a: Corviknight|76\/100
|
|-heal|p2a: Corviknight|82\/100|[from] item: Leftovers
|upkeep
|turn|68
|
|t:|1621716926
|move|p1a: Dirty Dan|Work Up|p1a: Dirty Dan
|-boost|p1a: Dirty Dan|atk|1
|-boost|p1a: Dirty Dan|spa|1
|move|p2a: Corviknight|U-turn|p1a: Dirty Dan
|-resisted|p1a: Dirty Dan
|-damage|p1a: Dirty Dan|99\/100
|
|t:|1621716931
|switch|p2a: Slowqueen|Slowking-Galar, F|100\/100|[from]move: U-turn
|
|upkeep
|turn|69
|c|☆BlazingHero657|dang, intimidate doesn't do anything to sp atk
|c|☆BlazingHero657|not sure how to counter this
|c|☆JosJet|slowking g is a Great Wall tbh
|c|☆JosJet|for it
|c|☆JosJet|for the special version
|c|☆JosJet|xD
|c|☆JosJet|can we get a spdef drop?
|
|t:|1621717055
|move|p1a: Dirty Dan|Flash Cannon|p2a: Slowqueen
|-damage|p2a: Slowqueen|66\/100
|move|p2a: Slowqueen|Flamethrower|p1a: Dirty Dan
|-supereffective|p1a: Dirty Dan
|-damage|p1a: Dirty Dan|56\/100
|
|upkeep
|turn|70
|c|☆BlazingHero657|at +2?
|c|☆BlazingHero657|oh wow
|c|☆JosJet|its bulky xD
|
|t:|1621717083
|move|p1a: Dirty Dan|Flash Cannon|p2a: Slowqueen
|-damage|p2a: Slowqueen|32\/100
|move|p2a: Slowqueen|Future Sight|p1a: Dirty Dan
|-start|p2a: Slowqueen|move: Future Sight
|
|upkeep
|turn|71
|
|t:|1621717088
|switch|p2a: Landorus|Landorus-Therian, M|20\/100
|-ability|p2a: Landorus|Intimidate|boost
|-unboost|p1a: Dirty Dan|atk|1
|move|p1a: Dirty Dan|Flash Cannon|p2a: Landorus
|-damage|p2a: Landorus|0 fnt
|faint|p2a: Landorus
|
|upkeep
|
|t:|1621717093
|switch|p2a: Slowqueen|Slowking-Galar, F|66\/100
|turn|72
|c|☆JosJet|gg!
|
|t:|1621717108
|move|p1a: Dirty Dan|Flash Cannon|p2a: Slowqueen
|-damage|p2a: Slowqueen|33\/100
|move|p2a: Slowqueen|Flamethrower|p1a: Dirty Dan
|-supereffective|p1a: Dirty Dan
|-damage|p1a: Dirty Dan|8\/100
|
|-end|p1a: Dirty Dan|move: Future Sight
|-damage|p1a: Dirty Dan|0 fnt
|upkeep
|faint|p1a: Dirty Dan
|
|t:|1621717113
|switch|p1a: Laties|Latios, M, shiny|52\/100
|turn|73
|c|☆BlazingHero657|still a little susp-
|c|☆BlazingHero657|oh
|c|☆BlazingHero657|ok
|
|t:|1621717120
|switch|p2a: Corviknight|Corviknight, F|82\/100
|-ability|p2a: Corviknight|Pressure
|move|p1a: Laties|Mystical Fire|p2a: Corviknight
|-supereffective|p2a: Corviknight
|-damage|p2a: Corviknight|27\/100
|-unboost|p2a: Corviknight|spa|1
|
|-heal|p2a: Corviknight|33\/100|[from] item: Leftovers
|upkeep
|turn|74
|
|t:|1621717124
|move|p1a: Laties|Mystical Fire|p2a: Corviknight
|-supereffective|p2a: Corviknight
|-damage|p2a: Corviknight|0 fnt
|faint|p2a: Corviknight
|
|upkeep
|
|t:|1621717126
|switch|p2a: Clefable|Clefable-Mega, F|95\/100
|-start|p2a: Clefable|typechange|Fairy\/Ghost|[silent]
|turn|75
|
|t:|1621717129
|move|p1a: Laties|Mystical Fire|p2a: Clefable
|-damage|p2a: Clefable|65\/100
|-unboost|p2a: Clefable|spa|1
|move|p2a: Clefable|Moonblast|p1a: Laties
|-supereffective|p1a: Laties
|-damage|p1a: Laties|0 fnt
|faint|p1a: Laties
|
|win|BlazingHero657
|c|☆BlazingHero657|gg
|c|☆JosJet|great game!!
|c|☆BlazingHero657|thanks.</script>
</div>
<div class="battle-log battle-log-inline"><div class="inner"><div class="battle-options"><div style="padding-top: 3px; padding-right: 3px; text-align: right"><button class="icon button" name="openBattleOptions" title="Options">Battle Options</button></div></div><div class="inner message-log"><div class="chat"><div class="broadcast-red"><strong>This battle is invite-only!</strong><br>Users must be invited with <code>/invite</code> (or be staff) to join</div></div><div class="chat"><small>☆JosJet and ☆BlazingHero657 joined</small></div><div class=""><small>Format:</small> <br><strong>[Gen 8] M4A Suspect</strong></div><div class=""><small><em>HP Percentage Mod:</em> HP is shown in percentages</small></div><div class=""><small><em>Endless Battle Clause:</em> Forcing endless battles is banned</small></div><div class=""><small><em>OHKO Clause:</em> OHKO moves are banned</small></div><div class=""><small><em>Evasion Moves Clause:</em> Evasion moves are banned</small></div><div class=""><small><em>Species Clause:</em> Limit one of each Pokémon</small></div><div class=""><small><em>Dynamax Clause:</em> You cannot dynamax</small></div><div class=""><small><em>Sleep Clause Mod:</em> Limit one foe put to sleep</small></div><div class=""><small><em>Freeze Clause Mod:</em> Limit one foe frozen</small></div><div class="chat"><img src="https://www.smogon.com/forums/attachments/banner_2-png.302358/" height="65" width="381"></div><div class="spacer battle-history"><br></div><div class="battle-history"><small>Welcome to Megas for All!</small><br></div><div class="battle-history"><small>This is a National Dex-based format where we aim to give a new Mega Evolution to every Pokémon.</small><br></div><div class="battle-history"><small>Just like any official format, you can still only Mega Evolve one Pokémon per team!</small><br></div><div class="battle-history"><small>You can find our thread and metagame resources here:</small><br></div><div class="battle-history"><small>https://www.smogon.com/forums/threads/3671140/</small><br></div><div class="chat battle-history"><strong>JosJet's team:</strong> <em style="color:#445566;display:block;">Zebstrika / Zamazenta-Crowned / Tapu Fini / Landorus-Therian / Corviknight / Latios</em></div><div class="chat battle-history"><strong>BlazingHero657's team:</strong> <em style="color:#445566;display:block;">Clefable / Heatran / Landorus-Therian / Slowking-Galar / Garchomp / Corviknight</em></div><div class="chat chatmessage-blazinghero657"><strong style="color:#2e9e35"><small>☆</small><span class="username" data-name="BlazingHero657">BlazingHero657</span>:</strong> <em>390 max speed</em></div><div class="chat chatmessage-blazinghero657"><strong style="color:#2e9e35"><small>☆</small><span class="username" data-name="BlazingHero657">BlazingHero657</span>:</strong> <em>oh boy</em></div><div class="chat chatmessage-josjet"><strong style="color:#41b2b6"><small>☆</small><span class="username" data-name="JosJet">JosJet</span>:</strong> <em>xD</em></div><div class="chat chatmessage-josjet highlighted"><span class="message-log">inkbug1 was invited (and promoted to Room Voice) by JosJet.</span></div><div class="chat"><small>+inkbug1 joined</small></div><div class="chat chatmessage-inkbug1 mine"><strong style="color:#e46e0f"><small>+</small><span class="username" data-name="inkbug1">inkbug1</span>:</strong> <em>ty</em></div><div class="chat chatmessage-josjet"><strong style="color:#41b2b6"><small>☆</small><span class="username" data-name="JosJet">JosJet</span>:</strong> <em>yea np!</em></div><div class="chat chatmessage-josjet"><span class="message-log">Ninjacid was invited (and promoted to Room Voice) by JosJet.</span></div><div class="chat"><small>+Ninjacid joined</small></div><div class="chat chatmessage-ninjacid"><strong style="color:#c62447"><small>+</small><span class="username" data-name="Ninjacid">Ninjacid</span>:</strong> <em>Thanks!!</em></div><div class="spacer battle-history"><br></div><div class="battle-history">Battle started between JosJet and BlazingHero657!<br></div><div class="spacer battle-history"><br></div><div class="battle-history">Go! Laties (<strong>Latios</strong>)!<br></div><div class="spacer battle-history"><br></div><div class="battle-history">BlazingHero657 sent out Landorus (<strong>Landorus-Therian</strong>)!<br></div><div class="battle-history">[The opposing Landorus's Intimidate]<br></div><div class="battle-history"><small>Laties's Attack fell!</small><br></div><div class="spacer battle-history"><br></div><h2 class="battle-history">Turn 1</h2><div class="chat chatmessage-ninjacid"><strong style="color:#c62447"><small>+</small><span class="username" data-name="Ninjacid">Ninjacid</span>:</strong> <em>good luck both of you</em></div><div class="chat chatmessage-josjet"><strong style="color:#41b2b6"><small>☆</small><span class="username" data-name="JosJet">JosJet</span>:</strong> <em>ty!</em></div><div class="spacer battle-history"><br></div><div class="battle-history">BlazingHero657 withdrew Landorus!<br></div><div class="battle-history">BlazingHero657 sent out Forge (<strong>Heatran</strong>)!<br></div><div class="spacer battle-history"><br></div><div class="battle-history">Laties used <strong>Ice Beam</strong>!<br></div><div class="battle-history"><small>It's not very effective...</small><br></div><div class="battle-history"><small>(The opposing Forge lost 5% of its health!)</small><br></div><div class="spacer battle-history"><br></div><div class="battle-history"><small>The opposing Forge restored a little HP using its Leftovers!</small><br></div><div class="spacer battle-history"><br></div><h2 class="battle-history">Turn 2</h2><div class="spacer battle-history"><br></div><div class="battle-history">Laties, come back!<br></div><div class="battle-history">Go! Juvia (<strong>Tapu Fini</strong>)!<br></div><div class="battle-history">[Juvia's Misty Surge]<br><small>Mist swirled around the battlefield!</small><br></div><div class="spacer battle-history"><br></div><div class="battle-history">The opposing Forge used <strong>Magma Storm</strong>!<br></div><div class="battle-history"><small>It's not very effective...</small><br></div><div class="battle-history"><small>(Juvia lost 15% of its health!)</small><br></div><div class="battle-history"><small>Juvia became trapped by swirling magma!</small><br></div><div class="spacer battle-history"><br></div><div class="battle-history"><small>Juvia restored a little HP using its Leftovers!</small><br></div><div class="battle-history"><small>Juvia is hurt by Magma Storm!</small><br></div><div class="spacer battle-history"><br></div><h2 class="battle-history">Turn 3</h2><div class="spacer battle-history"><br></div><div class="battle-history">The opposing Forge used <strong>Stealth Rock</strong>!<br></div><div class="battle-history"><small>Pointed stones float in the air around your team!</small><br></div><div class="spacer battle-history"><br></div><div class="battle-history">Juvia used <strong>Calm Mind</strong>!<br></div><div class="battle-history"><small>Juvia's Sp. Atk rose!</small><br></div><div class="battle-history"><small>Juvia's Sp. Def rose!</small><br></div><div class="spacer battle-history"><br></div><div class="battle-history"><small>Juvia restored a little HP using its Leftovers!</small><br></div><div class="battle-history"><small>Juvia is hurt by Magma Storm!</small><br></div><div class="spacer battle-history"><br></div><h2 class="battle-history">Turn 4</h2><div class="spacer battle-history"><br></div><div class="battle-history">The opposing Forge used <strong>Taunt</strong>!<br></div><div class="battle-history"><small>Juvia fell for the taunt!</small><br></div><div class="spacer battle-history"><br></div><div class="battle-history">Juvia used <strong>Scald</strong>!<br></div><div class="battle-history"><small>It's super effective!</small><br></div><div class="battle-history"><small>(The opposing Forge lost 52% of its health!)</small><br></div><div class="spacer battle-history"><br></div><div class="battle-history"><small>The opposing Forge restored a little HP using its Leftovers!</small><br></div><div class="battle-history"><small>Juvia restored a little HP using its Leftovers!</small><br></div><div class="battle-history"><small>Juvia is hurt by Magma Storm!</small><br></div><div class="spacer battle-history"><br></div><h2 class="battle-history">Turn 5</h2><div class="spacer battle-history"><br></div><div class="battle-history">BlazingHero657 withdrew Forge!<br></div><div class="battle-history">BlazingHero657 sent out Slowqueen (<strong>Slowking-Galar</strong>)!<br></div><div class="spacer battle-history"><br></div><div class="battle-history">Juvia used <strong>Scald</strong>!<br></div><div class="battle-history"><small>(The opposing Slowqueen lost 20% of its health!)</small><br></div><div class="spacer battle-history"><br></div><div class="battle-history"><small>Juvia restored a little HP using its Leftovers!</small><br></div><div class="spacer battle-history"><br></div><h2 class="battle-history">Turn 6</h2><div class="spacer battle-history"><br></div><div class="battle-history">Juvia, come back!<br></div><div class="battle-history">Go! Crow (<strong>Corviknight</strong>)!<br></div><div class="battle-history"><small>Pointed stones dug into Crow!</small><br></div><div class="battle-history">[Crow's Pressure]<br><small>Crow is exerting its pressure!</small><br></div><div class="spacer battle-history"><br></div><div class="battle-history">The opposing Slowqueen used <strong>Future Sight</strong>!<br></div><div class="battle-history"><small>The opposing Slowqueen foresaw an attack!</small><br></div><div class="spacer battle-history"><br></div><div class="battle-history"><small>The mist disappeared from the battlefield.</small><br></div><div class="spacer battle-history"><br></div><h2 class="battle-history">Turn 7</h2><div class="spacer battle-history"><br></div><div class="battle-history">Crow used <strong>U-turn</strong>!<br></div><div class="battle-history"><small>(The opposing Slowqueen lost 15% of its health!)</small><br></div><div class="spacer battle-history"><br></div><div class="battle-history">Crow went back to JosJet!<br></div><div class="battle-history">Go! Juvia (<strong>Tapu Fini</strong>)!<br></div><div class="battle-history"><small>Pointed stones dug into Juvia!</small><br></div><div class="battle-history">[Juvia's Misty Surge]<br><small>Mist swirled around the battlefield!</small><br></div><div class="spacer battle-history"><br></div><div class="battle-history">The opposing Slowqueen used <strong>Flamethrower</strong>!<br></div><div class="battle-history"><small>It's not very effective...</small><br></div><div class="battle-history"><small>(Juvia lost 12% of its health!)</small><br></div><div class="spacer battle-history"><br></div><div class="battle-history"><small>Juvia restored a little HP using its Leftovers!</small><br></div><div class="spacer battle-history"><br></div><h2 class="battle-history">Turn 8</h2><div class="spacer battle-history"><br></div><div class="battle-history">Juvia, come back!<br></div><div class="battle-history">Go! Crow (<strong>Corviknight</strong>)!<br></div><div class="battle-history"><small>Pointed stones dug into Crow!</small><br></div><div class="battle-history">[Crow's Pressure]<br><small>Crow is exerting its pressure!</small><br></div><div class="spacer battle-history"><br></div><div class="battle-history">The opposing Slowqueen used <strong>Sludge Bomb</strong>!<br></div><div class="battle-history"><small>It doesn't affect Crow...</small><br></div><div class="spacer battle-history"><br></div><div class="battle-history"><small>Crow took the Future Sight attack!</small><br></div><div class="battle-history"><small>It's not very effective...</small><br></div><div class="battle-history"><small>(Crow lost 27% of its health!)</small><br></div><div class="spacer battle-history"><br></div><h2 class="battle-history">Turn 9</h2><div class="chat chatmessage-blazinghero657"><strong style="color:#2e9e35"><small>☆</small><span class="username" data-name="BlazingHero657">BlazingHero657</span>:</strong> <em>hm</em></div><div class="spacer battle-history"><br></div><div class="battle-history">Crow, come back!<br></div><div class="battle-history">Go! Shukaku (<strong>Landorus-Therian</strong>)!<br></div><div class="battle-history"><small>Pointed stones dug into Shukaku!</small><br></div><div class="battle-history">[Shukaku's Intimidate]<br></div><div class="battle-history"><small>The opposing Slowqueen's Attack fell!</small><br></div><div class="spacer battle-history"><br></div><div class="battle-history">The opposing Slowqueen used <strong>Future Sight</strong>!<br></div><div class="battle-history"><small>The opposing Slowqueen foresaw an attack!</small><br></div><div class="spacer battle-history"><br></div><h2 class="battle-history">Turn 10</h2><div class="spacer battle-history"><br></div><div class="battle-history">BlazingHero657 withdrew Slowqueen!<br></div><div class="battle-history">BlazingHero657 sent out Landorus (<strong>Landorus-Therian</strong>)!<br></div><div class="battle-history">[The opposing Landorus's Intimidate]<br></div><div class="battle-history"><small>Shukaku's Attack fell!</small><br></div><div class="spacer battle-history"><br></div><div class="battle-history">Shukaku used <strong>Stealth Rock</strong>!<br></div><div class="battle-history"><small>Pointed stones float in the air around the opposing team!</small><br></div><div class="spacer battle-history"><br></div><h2 class="battle-history">Turn 11</h2><div class="spacer battle-history"><br></div><div class="battle-history">Shukaku, come back!<br></div><div class="battle-history">Go! Crow (<strong>Corviknight</strong>)!<br></div><div class="battle-history"><small>Pointed stones dug into Crow!</small><br></div><div class="battle-history">[Crow's Pressure]<br><small>Crow is exerting its pressure!</small><br></div><div class="spacer battle-history"><br></div><div class="battle-history">The opposing Landorus used <strong>Toxic</strong>!<br></div><div class="battle-history"><small>It doesn't affect Crow...</small><br></div><div class="spacer battle-history"><br></div><div class="battle-history"><small>Crow took the Future Sight attack!</small><br></div><div class="battle-history"><small>It's not very effective...</small><br></div><div class="battle-history"><small>(Crow lost 26% of its health!)</small><br></div><div class="battle-history"><small>The mist disappeared from the battlefield.</small><br></div><div class="spacer battle-history"><br></div><h2 class="battle-history">Turn 12</h2><div class="spacer battle-history"><br></div><div class="battle-history">The opposing Landorus used <strong>U-turn</strong>!<br></div><div class="battle-history"><small>It's not very effective...</small><br></div><div class="battle-history"><small>(Crow lost 3% of its health!)</small><br></div><div class="battle-history"><small>The opposing Landorus was hurt by the Rocky Helmet!</small><br></div><div class="spacer battle-history"><br></div><div class="battle-history">The opposing Landorus went back to BlazingHero657!<br></div><div class="battle-history">BlazingHero657 sent out <strong>Corviknight</strong>!<br></div><div class="battle-history"><small>Pointed stones dug into the opposing Corviknight!</small><br></div><div class="battle-history">[The opposing Corviknight's Pressure]<br><small>The opposing Corviknight is exerting its pressure!</small><br></div><div class="spacer battle-history"><br></div><div class="battle-history">Crow used <strong>Roost</strong>!<br></div><div class="battle-history"><small>Crow had its HP restored.</small><br></div><div class="battle-history"><small>(Crow loses Flying type this turn.)</small><br></div><div class="spacer battle-history"><br></div><div class="battle-history"><small>The opposing Corviknight restored a little HP using its Leftovers!</small><br></div><div class="spacer battle-history"><br></div><h2 class="battle-history">Turn 13</h2><div class="spacer battle-history"><br></div><div class="battle-history">The opposing Corviknight used <strong>Defog</strong>!<br></div><div class="battle-history"><small>Crow's evasiveness fell!</small><br></div><div class="battle-history"><small>The pointed stones disappeared from around your team!</small><br></div><div class="battle-history"><small>The pointed stones disappeared from around the opposing team!</small><br></div><div class="spacer battle-history"><br></div><div class="battle-history">Crow used <strong>U-turn</strong>!<br></div><div class="battle-history"><small>It's not very effective...</small><br></div><div class="battle-history"><small>(The opposing Corviknight lost 2% of its health!)</small><br></div><div class="spacer battle-history"><br></div><div class="battle-history">Crow went back to JosJet!<br></div><div class="battle-history">Go! MyChild (<strong>Zebstrika</strong>)!<br></div><div class="spacer battle-history"><br></div><div class="battle-history"><small>The opposing Corviknight restored a little HP using its Leftovers!</small><br></div><div class="spacer battle-history"><br></div><h2 class="battle-history">Turn 14</h2><div class="chat"><small>☆BlazingHero657 left</small></div><div class="chat chatmessage-inkbug1 mine"><strong style="color:#e46e0f"><small>+</small><span class="username" data-name="inkbug1">inkbug1</span>:</strong> <em>did you decide bo1 or 3 btw</em></div><div class="chat chatmessage-josjet"><strong style="color:#41b2b6"><small>☆</small><span class="username" data-name="JosJet">JosJet</span>:</strong> <em>oh yea bo1</em></div><div class="chat chatmessage-inkbug1 mine"><strong style="color:#e46e0f"><small>+</small><span class="username" data-name="inkbug1">inkbug1</span>:</strong> <em>k</em></div><div class="chat"><small>☆BlazingHero657 joined</small></div><div class="chat chatmessage-blazinghero657"><strong style="color:#2e9e35"><small>☆</small><span class="username" data-name="BlazingHero657">BlazingHero657</span>:</strong> <em>sorry</em></div><div class="chat chatmessage-blazinghero657"><strong style="color:#2e9e35"><small>☆</small><span class="username" data-name="BlazingHero657">BlazingHero657</span>:</strong> <em>hate when my wifi does that</em></div><div class="chat chatmessage-josjet"><strong style="color:#41b2b6"><small>☆</small><span class="username" data-name="JosJet">JosJet</span>:</strong> <em>ahh no worries!! </em></div><div class="spacer battle-history"><br></div><div class="battle-history"><small>MyChild's Zebstrikanite is reacting to the Key Stone!</small><br>MyChild has Mega Evolved into Mega Zebstrika!<br></div><div class="chat"><ul class="utilichart"><li class="result"><span class="col pokemonnamecol" style="white-space: nowrap">Zebstrika-Mega</span> <span class="col typecol"><img src="https://play.pokemonshowdown.com/sprites/types/Electric.png" alt="Electric" height="14" width="32"></span> <span style="float: left ; min-height: 26px"><span class="col abilitycol">Vajra</span><span class="col abilitycol"></span></span><span style="float: left ; min-height: 26px"><span class="col statcol"><em>HP</em><br>75</span> <span class="col statcol"><em>Atk</em><br>120</span> <span class="col statcol"><em>Def</em><br>78</span> <span class="col statcol"><em>SpA</em><br>80</span> <span class="col statcol"><em>SpD</em><br>108</span> <span class="col statcol"><em>Spe</em><br>136</span> </span></li><li style="clear: both"></li></ul></div><div class="spacer battle-history"><br></div><div class="battle-history">MyChild used <strong>Pursuit</strong>!<br></div><div class="battle-history"><small>It's super effective!</small><br></div><div class="battle-history"><small>(The opposing Corviknight lost 31% of its health!)</small><br></div><div class="spacer battle-history"><br></div><div class="battle-history">The opposing Corviknight used <strong>U-turn</strong>!<br></div><div class="battle-history"><small>(MyChild lost 21% of its health!)</small><br></div><div class="chat chatmessage-josjet"><strong style="color:#41b2b6"><small>☆</small><span class="username" data-name="JosJet">JosJet</span>:</strong> <em>same</em></div><div class="spacer battle-history"><br></div><div class="battle-history">The opposing Corviknight went back to BlazingHero657!<br></div><div class="battle-history">BlazingHero657 sent out Landorus (<strong>Landorus-Therian</strong>)!<br></div><div class="battle-history">[The opposing Landorus's Intimidate]<br></div><div class="battle-history"><small>MyChild's Attack fell!</small><br></div><div class="spacer battle-history"><br></div><div class="battle-history"><small>The opposing Landorus restored a little HP using its Leftovers!</small><br></div><div class="spacer battle-history"><br></div><h2 class="battle-history">Turn 15</h2><div class="spacer battle-history"><br></div><div class="battle-history">MyChild, come back!<br></div><div class="battle-history">Go! Crow (<strong>Corviknight</strong>)!<br></div><div class="battle-history">[Crow's Pressure]<br><small>Crow is exerting its pressure!</small><br></div><div class="spacer battle-history"><br></div><div class="battle-history">The opposing Landorus used <strong>Stealth Rock</strong>!<br></div><div class="battle-history"><small>Pointed stones float in the air around your team!</small><br></div><div class="spacer battle-history"><br></div><div class="battle-history"><small>The opposing Landorus restored a little HP using its Leftovers!</small><br></div><div class="spacer battle-history"><br></div><h2 class="battle-history">Turn 16</h2><div class="spacer battle-history"><br></div><div class="battle-history">The opposing Landorus used <strong>U-turn</strong>!<br></div><div class="battle-history"><small>It's not very effective...</small><br></div><div class="battle-history"><small>(Crow lost 4% of its health!)</small><br></div><div class="battle-history"><small>The opposing Landorus was hurt by the Rocky Helmet!</small><br></div><div class="spacer battle-history"><br></div><div class="battle-history">The opposing Landorus went back to BlazingHero657!<br></div><div class="battle-history">BlazingHero657 sent out Forge (<strong>Heatran</strong>)!<br></div><div class="spacer battle-history"><br></div><div class="battle-history">Crow used <strong>Defog</strong>!<br></div><div class="battle-history"><small>The opposing Forge's evasiveness fell!</small><br></div><div class="battle-history"><small>The pointed stones disappeared from around your team!</small><br></div><div class="spacer battle-history"><br></div><div class="battle-history"><small>The opposing Forge restored a little HP using its Leftovers!</small><br></div><div class="spacer battle-history"><br></div><h2 class="battle-history">Turn 17</h2><div class="spacer battle-history"><br></div><div class="battle-history">Crow, come back!<br></div><div class="battle-history">Go! Juvia (<strong>Tapu Fini</strong>)!<br></div><div class="battle-history">[Juvia's Misty Surge]<br><small>Mist swirled around the battlefield!</small><br></div><div class="spacer battle-history"><br></div><div class="battle-history">The opposing Forge used <strong>Stealth Rock</strong>!<br></div><div class="battle-history"><small>Pointed stones float in the air around your team!</small><br></div><div class="spacer battle-history"><br></div><div class="battle-history"><small>The opposing Forge restored a little HP using its Leftovers!</small><br></div><div class="battle-history"><small>Juvia restored a little HP using its Leftovers!</small><br></div><div class="spacer battle-history"><br></div><h2 class="battle-history">Turn 18</h2><div class="spacer battle-history"><br></div><div class="battle-history">BlazingHero657 withdrew Forge!<br></div><div class="battle-history">BlazingHero657 sent out Slowqueen (<strong>Slowking-Galar</strong>)!<br></div><div class="spacer battle-history"><br></div><div class="battle-history">Juvia used <strong>Scald</strong>!<br></div><div class="battle-history"><small>(The opposing Slowqueen lost 12% of its health!)</small><br></div><div class="spacer battle-history"><br></div><div class="battle-history"><small>Juvia restored a little HP using its Leftovers!</small><br></div><div class="spacer battle-history"><br></div><h2 class="battle-history">Turn 19</h2><div class="spacer battle-history"><br></div><div class="battle-history">Juvia, come back!<br></div><div class="battle-history">Go! Shukaku (<strong>Landorus-Therian</strong>)!<br></div><div class="battle-history"><small>Pointed stones dug into Shukaku!</small><br></div><div class="battle-history">[Shukaku's Intimidate]<br></div><div class="battle-history"><small>The opposing Slowqueen's Attack fell!</small><br></div><div class="spacer battle-history"><br></div><div class="battle-history">The opposing Slowqueen used <strong>Future Sight</strong>!<br></div><div class="battle-history"><small>The opposing Slowqueen foresaw an attack!</small><br></div><div class="spacer battle-history"><br></div><h2 class="battle-history">Turn 20</h2><div class="spacer battle-history"><br></div><div class="battle-history">BlazingHero657 withdrew Slowqueen!<br></div><div class="battle-history">BlazingHero657 sent out <strong>Corviknight</strong>!<br></div><div class="battle-history">[The opposing Corviknight's Pressure]<br><small>The opposing Corviknight is exerting its pressure!</small><br></div><div class="spacer battle-history"><br></div><div class="battle-history">Shukaku used <strong>Stealth Rock</strong>!<br></div><div class="battle-history"><small>Pointed stones float in the air around the opposing team!</small><br></div><div class="spacer battle-history"><br></div><div class="battle-history"><small>The opposing Corviknight restored a little HP using its Leftovers!</small><br></div><div class="spacer battle-history"><br></div><h2 class="battle-history">Turn 21</h2><div class="spacer battle-history"><br></div><div class="battle-history">Shukaku, come back!<br></div><div class="battle-history">Go! Crow (<strong>Corviknight</strong>)!<br></div><div class="battle-history"><small>Pointed stones dug into Crow!</small><br></div><div class="battle-history">[Crow's Pressure]<br><small>Crow is exerting its pressure!</small><br></div><div class="spacer battle-history"><br></div><div class="battle-history">The opposing Corviknight used <strong>Roost</strong>!<br></div><div class="battle-history"><small>The opposing Corviknight had its HP restored.</small><br></div><div class="battle-history"><small>(The opposing Corviknight loses Flying type this turn.)</small><br></div><div class="spacer battle-history"><br></div><div class="battle-history"><small>Crow took the Future Sight attack!</small><br></div><div class="battle-history"><small>It's not very effective...</small><br></div><div class="battle-history"><small>(Crow lost 26% of its health!)</small><br></div><div class="battle-history"><small>The mist disappeared from the battlefield.</small><br></div><div class="spacer battle-history"><br></div><h2 class="battle-history">Turn 22</h2><div class="spacer battle-history"><br></div><div class="battle-history">The opposing Corviknight used <strong>Brave Bird</strong>!<br></div><div class="battle-history"><small>It's not very effective...</small><br></div><div class="battle-history"><small>(Crow lost 12% of its health!)</small><br></div><div class="battle-history"><small>The opposing Corviknight was hurt by the Rocky Helmet!</small><br></div><div class="battle-history"><small>The opposing Corviknight was damaged by the recoil!</small><br></div><div class="spacer battle-history"><br></div><div class="battle-history">Crow used <strong>Roost</strong>!<br></div><div class="battle-history"><small>Crow had its HP restored.</small><br></div><div class="battle-history"><small>(Crow loses Flying type this turn.)</small><br></div><div class="spacer battle-history"><br></div><div class="battle-history"><small>The opposing Corviknight restored a little HP using its Leftovers!</small><br></div><div class="spacer battle-history"><br></div><h2 class="battle-history">Turn 23</h2><div class="spacer battle-history"><br></div><div class="battle-history">The opposing Corviknight used <strong>U-turn</strong>!<br></div><div class="battle-history"><small>It's not very effective...</small><br></div><div class="battle-history"><small>(Crow lost 2% of its health!)</small><br></div><div class="battle-history"><small>The opposing Corviknight was hurt by the Rocky Helmet!</small><br></div><div class="spacer battle-history"><br></div><div class="battle-history">The opposing Corviknight went back to BlazingHero657!<br></div><div class="battle-history">BlazingHero657 sent out Landorus (<strong>Landorus-Therian</strong>)!<br></div><div class="battle-history"><small>Pointed stones dug into the opposing Landorus!</small><br></div><div class="battle-history">[The opposing Landorus's Intimidate]<br></div><div class="battle-history"><small>Crow's Attack fell!</small><br></div><div class="spacer battle-history"><br></div><div class="battle-history">Crow used <strong>Roost</strong>!<br></div><div class="battle-history"><small>Crow had its HP restored.</small><br></div><div class="battle-history"><small>(Crow loses Flying type this turn.)</small><br></div><div class="spacer battle-history"><br></div><div class="battle-history"><small>The opposing Landorus restored a little HP using its Leftovers!</small><br></div><div class="spacer battle-history"><br></div><h2 class="battle-history">Turn 24</h2><div class="spacer battle-history"><br></div><div class="battle-history">BlazingHero657 withdrew Landorus!<br></div><div class="battle-history">BlazingHero657 sent out <strong>Clefable</strong>!<br></div><div class="spacer battle-history"><br></div><div class="battle-history">Crow used <strong>U-turn</strong>!<br></div><div class="battle-history"><small>It's not very effective...</small><br></div><div class="battle-history"><small>(The opposing Clefable lost 5% of its health!)</small><br></div><div class="spacer battle-history"><br></div><div class="battle-history">Crow went back to JosJet!<br></div><div class="battle-history">Go! Juvia (<strong>Tapu Fini</strong>)!<br></div><div class="battle-history"><small>Pointed stones dug into Juvia!</small><br></div><div class="battle-history">[Juvia's Misty Surge]<br><small>Mist swirled around the battlefield!</small><br></div><div class="spacer battle-history"><br></div><div class="battle-history"><small>Juvia restored a little HP using its Leftovers!</small><br></div><div class="spacer battle-history"><br></div><h2 class="battle-history">Turn 25</h2><div class="spacer battle-history"><br></div><div class="battle-history">Juvia, come back!<br></div><div class="battle-history">Go! Crow (<strong>Corviknight</strong>)!<br></div><div class="battle-history"><small>Pointed stones dug into Crow!</small><br></div><div class="battle-history">[Crow's Pressure]<br><small>Crow is exerting its pressure!</small><br></div><div class="spacer battle-history"><br></div><div class="battle-history">The opposing Clefable used <strong>Moonblast</strong>!<br></div><div class="battle-history"><small>It's not very effective...</small><br></div><div class="battle-history"><small>(Crow lost 17% of its health!)</small><br></div><div class="spacer battle-history"><br></div><h2 class="battle-history">Turn 26</h2><div class="spacer battle-history"><br></div><div class="battle-history">BlazingHero657 withdrew Clefable!<br></div><div class="battle-history">BlazingHero657 sent out <strong>Corviknight</strong>!<br></div><div class="battle-history"><small>Pointed stones dug into the opposing Corviknight!</small><br></div><div class="battle-history">[The opposing Corviknight's Pressure]<br><small>The opposing Corviknight is exerting its pressure!</small><br></div><div class="spacer battle-history"><br></div><div class="battle-history">Crow used <strong>Roost</strong>!<br></div><div class="battle-history"><small>Crow had its HP restored.</small><br></div><div class="battle-history"><small>(Crow loses Flying type this turn.)</small><br></div><div class="spacer battle-history"><br></div><div class="battle-history"><small>The opposing Corviknight restored a little HP using its Leftovers!</small><br></div><div class="spacer battle-history"><br></div><h2 class="battle-history">Turn 27</h2><div class="chat"><small>+Ninjacid left</small></div><div class="spacer battle-history"><br></div><div class="battle-history">The opposing Corviknight used <strong>Roost</strong>!<br></div><div class="battle-history"><small>The opposing Corviknight had its HP restored.</small><br></div><div class="battle-history"><small>(The opposing Corviknight loses Flying type this turn.)</small><br></div><div class="spacer battle-history"><br></div><div class="battle-history">Crow used <strong>U-turn</strong>!<br></div><div class="battle-history"><small>It's not very effective...</small><br></div><div class="battle-history"><small>(The opposing Corviknight lost 4% of its health!)</small><br></div><div class="spacer battle-history"><br></div><div class="battle-history">Crow went back to JosJet!<br></div><div class="battle-history">Go! MyChild (<strong>Zebstrika-Mega</strong>)!<br></div><div class="battle-history"><small>Pointed stones dug into MyChild!</small><br></div><div class="spacer battle-history"><br></div><div class="battle-history"><small>The opposing Corviknight restored a little HP using its Leftovers!</small><br></div><div class="spacer battle-history"><br></div><h2 class="battle-history">Turn 28</h2><div class="spacer battle-history"><br></div><div class="battle-history">BlazingHero657 withdrew Corviknight!<br></div><div class="battle-history">BlazingHero657 sent out Landorus (<strong>Landorus-Therian</strong>)!<br></div><div class="battle-history"><small>Pointed stones dug into the opposing Landorus!</small><br></div><div class="battle-history">[The opposing Landorus's Intimidate]<br></div><div class="battle-history"><small>MyChild's Attack fell!</small><br></div><div class="spacer battle-history"><br></div><div class="battle-history">MyChild used <strong>Jaw Lock</strong>!<br></div><div class="battle-history"><small>It doesn't affect the opposing Landorus...</small><br></div><div class="spacer battle-history"><br></div><div class="battle-history"><small>The opposing Landorus restored a little HP using its Leftovers!</small><br></div><div class="battle-history"><small>The mist disappeared from the battlefield.</small><br></div><div class="spacer battle-history"><br></div><h2 class="battle-history">Turn 29</h2><div class="spacer battle-history"><br></div><div class="battle-history">MyChild, come back!<br></div><div class="battle-history">Go! Crow (<strong>Corviknight</strong>)!<br></div><div class="battle-history"><small>Pointed stones dug into Crow!</small><br></div><div class="battle-history">[Crow's Pressure]<br><small>Crow is exerting its pressure!</small><br></div><div class="spacer battle-history"><br></div><div class="battle-history">The opposing Landorus used <strong>Toxic</strong>!<br></div><div class="battle-history"><small>It doesn't affect Crow...</small><br></div><div class="spacer battle-history"><br></div><div class="battle-history"><small>The opposing Landorus restored a little HP using its Leftovers!</small><br></div><div class="spacer battle-history"><br></div><h2 class="battle-history">Turn 30</h2><div class="spacer battle-history"><br></div><div class="battle-history">BlazingHero657 withdrew Landorus!<br></div><div class="battle-history">BlazingHero657 sent out <strong>Corviknight</strong>!<br></div><div class="battle-history"><small>Pointed stones dug into the opposing Corviknight!</small><br></div><div class="battle-history">[The opposing Corviknight's Pressure]<br><small>The opposing Corviknight is exerting its pressure!</small><br></div><div class="spacer battle-history"><br></div><div class="battle-history">Crow used <strong>U-turn</strong>!<br></div><div class="battle-history"><small>It's not very effective...</small><br></div><div class="battle-history"><small>(The opposing Corviknight lost 2% of its health!)</small><br></div><div class="spacer battle-history"><br></div><div class="battle-history">Crow went back to JosJet!<br></div><div class="battle-history">Go! MyChild (<strong>Zebstrika-Mega</strong>)!<br></div><div class="battle-history"><small>Pointed stones dug into MyChild!</small><br></div><div class="spacer battle-history"><br></div><div class="battle-history"><small>The opposing Corviknight restored a little HP using its Leftovers!</small><br></div><div class="spacer battle-history"><br></div><h2 class="battle-history">Turn 31</h2><div class="spacer battle-history"><br></div><div class="battle-history">MyChild used <strong>Jaw Lock</strong>!<br></div><div class="battle-history"><small>It's super effective!</small><br></div><div class="battle-history"><small>(The opposing Corviknight lost 57% of its health!)</small><br></div><div class="battle-history"><small>MyChild can no longer escape!</small><br></div><div class="battle-history"><small>The opposing Corviknight can no longer escape!</small><br></div><div class="spacer battle-history"><br></div><div class="battle-history">The opposing Corviknight used <strong>U-turn</strong>!<br></div><div class="battle-history"><small>(MyChild lost 21% of its health!)</small><br></div><div class="chat chatmessage-blazinghero657"><strong style="color:#2e9e35"><small>☆</small><span class="username" data-name="BlazingHero657">BlazingHero657</span>:</strong> <em>wait, does that mean you can't switch out now?</em></div><div class="spacer battle-history"><br></div><div class="battle-history">The opposing Corviknight went back to BlazingHero657!<br></div><div class="battle-history">BlazingHero657 sent out <strong>Garchomp</strong>!<br></div><div class="battle-history"><small>Pointed stones dug into the opposing Garchomp!</small><br></div><div class="spacer battle-history"><br></div><h2 class="battle-history">Turn 32</h2><div class="chat chatmessage-josjet"><strong style="color:#41b2b6"><small>☆</small><span class="username" data-name="JosJet">JosJet</span>:</strong> <em>no</em></div><div class="chat chatmessage-josjet"><strong style="color:#41b2b6"><small>☆</small><span class="username" data-name="JosJet">JosJet</span>:</strong> <em>its like most trapping thingies lol</em></div><div class="spacer battle-history"><br></div><div class="battle-history">MyChild, come back!<br></div><div class="battle-history">Go! Crow (<strong>Corviknight</strong>)!<br></div><div class="battle-history"><small>Pointed stones dug into Crow!</small><br></div><div class="battle-history">[Crow's Pressure]<br><small>Crow is exerting its pressure!</small><br></div><div class="spacer battle-history"><br></div><div class="battle-history">The opposing Garchomp used <strong>Earthquake</strong>!<br></div><div class="battle-history"><small>It doesn't affect Crow...</small><br></div><div class="spacer battle-history"><br></div><h2 class="battle-history">Turn 33</h2><div class="spacer battle-history"><br></div><div class="battle-history">BlazingHero657 withdrew Garchomp!<br></div><div class="battle-history">BlazingHero657 sent out Landorus (<strong>Landorus-Therian</strong>)!<br></div><div class="battle-history"><small>Pointed stones dug into the opposing Landorus!</small><br></div><div class="battle-history">[The opposing Landorus's Intimidate]<br></div><div class="battle-history"><small>Crow's Attack fell!</small><br></div><div class="spacer battle-history"><br></div><div class="battle-history">Crow used <strong>U-turn</strong>!<br></div><div class="battle-history"><small>It's not very effective...</small><br></div><div class="battle-history"><small>(The opposing Landorus lost 4% of its health!)</small><br></div><div class="spacer battle-history"><br></div><div class="battle-history">Crow went back to JosJet!<br></div><div class="battle-history">Go! Laties (<strong>Latios</strong>)!<br></div><div class="battle-history"><small>Pointed stones dug into Laties!</small><br></div><div class="spacer battle-history"><br></div><div class="battle-history"><small>The opposing Landorus restored a little HP using its Leftovers!</small><br></div><div class="spacer battle-history"><br></div><h2 class="battle-history">Turn 34</h2><div class="spacer battle-history"><br></div><div class="battle-history">BlazingHero657 withdrew Landorus!<br></div><div class="battle-history">BlazingHero657 sent out Slowqueen (<strong>Slowking-Galar</strong>)!<br></div><div class="battle-history"><small>Pointed stones dug into the opposing Slowqueen!</small><br></div><div class="spacer battle-history"><br></div><div class="battle-history">Laties used <strong>Ice Beam</strong>!<br></div><div class="battle-history"><small>A critical hit!</small><br></div><div class="battle-history"><small>(The opposing Slowqueen lost 26% of its health!)</small><br></div><div class="spacer battle-history"><br></div><h2 class="battle-history">Turn 35</h2><div class="spacer battle-history"><br></div><div class="battle-history">Laties, come back!<br></div><div class="battle-history">Go! Juvia (<strong>Tapu Fini</strong>)!<br></div><div class="battle-history"><small>Pointed stones dug into Juvia!</small><br></div><div class="battle-history">[Juvia's Misty Surge]<br><small>Mist swirled around the battlefield!</small><br></div><div class="spacer battle-history"><br></div><div class="battle-history">The opposing Slowqueen used <strong>Future Sight</strong>!<br></div><div class="battle-history"><small>The opposing Slowqueen foresaw an attack!</small><br></div><div class="spacer battle-history"><br></div><div class="battle-history"><small>Juvia restored a little HP using its Leftovers!</small><br></div><div class="spacer battle-history"><br></div><h2 class="battle-history">Turn 36</h2><div class="spacer battle-history"><br></div><div class="battle-history">Juvia, come back!<br></div><div class="battle-history">Go! Crow (<strong>Corviknight</strong>)!<br></div><div class="battle-history"><small>Pointed stones dug into Crow!</small><br></div><div class="battle-history">[Crow's Pressure]<br><small>Crow is exerting its pressure!</small><br></div><div class="spacer battle-history"><br></div><div class="battle-history">The opposing Slowqueen used <strong>Sludge Bomb</strong>!<br></div><div class="battle-history"><small>It doesn't affect Crow...</small><br></div><div class="spacer battle-history"><br></div><h2 class="battle-history">Turn 37</h2><div class="spacer battle-history"><br></div><div class="battle-history">Crow used <strong>Roost</strong>!<br></div><div class="battle-history"><small>Crow had its HP restored.</small><br></div><div class="battle-history"><small>(Crow loses Flying type this turn.)</small><br></div><div class="spacer battle-history"><br></div><div class="battle-history">The opposing Slowqueen used <strong>Scald</strong>!<br></div><div class="battle-history"><small>(Crow lost 25% of its health!)</small><br></div><div class="spacer battle-history"><br></div><div class="battle-history"><small>Crow took the Future Sight attack!</small><br></div><div class="battle-history"><small>It's not very effective...</small><br></div><div class="battle-history"><small>(Crow lost 26% of its health!)</small><br></div><div class="spacer battle-history"><br></div><h2 class="battle-history">Turn 38</h2><div class="spacer battle-history"><br></div><div class="battle-history">Crow used <strong>Roost</strong>!<br></div><div class="battle-history"><small>Crow had its HP restored.</small><br></div><div class="battle-history"><small>(Crow loses Flying type this turn.)</small><br></div><div class="spacer battle-history"><br></div><div class="battle-history">The opposing Slowqueen used <strong>Flamethrower</strong>!<br></div><div class="battle-history"><small>It's super effective!</small><br></div><div class="battle-history"><small>(Crow lost 54% of its health!)</small><br></div><div class="spacer battle-history"><br></div><h2 class="battle-history">Turn 39</h2><div class="spacer battle-history"><br></div><div class="battle-history">Crow used <strong>Roost</strong>!<br></div><div class="battle-history"><small>Crow had its HP restored.</small><br></div><div class="battle-history"><small>(Crow loses Flying type this turn.)</small><br></div><div class="spacer battle-history"><br></div><div class="battle-history">The opposing Slowqueen used <strong>Future Sight</strong>!<br></div><div class="battle-history"><small>The opposing Slowqueen foresaw an attack!</small><br></div><div class="spacer battle-history"><br></div><div class="battle-history"><small>The mist disappeared from the battlefield.</small><br></div><div class="spacer battle-history"><br></div><h2 class="battle-history">Turn 40</h2><div class="spacer battle-history"><br></div><div class="battle-history">BlazingHero657 withdrew Slowqueen!<br></div><div class="battle-history">BlazingHero657 sent out <strong>Corviknight</strong>!<br></div><div class="battle-history"><small>Pointed stones dug into the opposing Corviknight!</small><br></div><div class="battle-history">[The opposing Corviknight's Pressure]<br><small>The opposing Corviknight is exerting its pressure!</small><br></div><div class="spacer battle-history"><br></div><div class="battle-history">Crow used <strong>Defog</strong>!<br></div><div class="battle-history"><small>The opposing Corviknight's evasiveness fell!</small><br></div><div class="battle-history"><small>The pointed stones disappeared from around the opposing team!</small><br></div><div class="battle-history"><small>The pointed stones disappeared from around your team!</small><br></div><div class="spacer battle-history"><br></div><div class="battle-history"><small>The opposing Corviknight restored a little HP using its Leftovers!</small><br></div><div class="spacer battle-history"><br></div><h2 class="battle-history">Turn 41</h2><div class="spacer battle-history"><br></div><div class="battle-history">The opposing Corviknight used <strong>Roost</strong>!<br></div><div class="battle-history"><small>The opposing Corviknight had its HP restored.</small><br></div><div class="battle-history"><small>(The opposing Corviknight loses Flying type this turn.)</small><br></div><div class="spacer battle-history"><br></div><div class="battle-history">Crow used <strong>U-turn</strong>!<br></div><div class="battle-history"><small>It's not very effective...</small><br></div><div class="battle-history"><small>(The opposing Corviknight lost 4% of its health!)</small><br></div><div class="spacer battle-history"><br></div><div class="battle-history">Crow went back to JosJet!<br></div><div class="battle-history">Go! MyChild (<strong>Zebstrika-Mega</strong>)!<br></div><div class="spacer battle-history"><br></div><div class="battle-history"><small>MyChild took the Future Sight attack!</small><br></div><div class="battle-history"><small>(MyChild lost 33% of its health!)</small><br></div><div class="battle-history"><small>The opposing Corviknight restored a little HP using its Leftovers!</small><br></div><div class="spacer battle-history"><br></div><div class="battle-history">MyChild fainted!<br></div><div class="chat chatmessage-josjet"><strong style="color:#41b2b6"><small>☆</small><span class="username" data-name="JosJet">JosJet</span>:</strong> <em>oof</em></div><div class="chat chatmessage-blazinghero657"><strong style="color:#2e9e35"><small>☆</small><span class="username" data-name="BlazingHero657">BlazingHero657</span>:</strong> <em>someone had to do it eventually</em></div><div class="chat chatmessage-blazinghero657"><strong style="color:#2e9e35"><small>☆</small><span class="username" data-name="BlazingHero657">BlazingHero657</span>:</strong> <em>oh</em></div><div class="chat chatmessage-josjet"><strong style="color:#41b2b6"><small>☆</small><span class="username" data-name="JosJet">JosJet</span>:</strong> <em>xD</em></div><div class="spacer battle-history"><br></div><div class="battle-history">Go! Shukaku (<strong>Landorus-Therian</strong>)!<br></div><div class="battle-history">[Shukaku's Intimidate]<br></div><div class="battle-history"><small>The opposing Corviknight's Attack fell!</small><br></div><div class="spacer battle-history"><br></div><h2 class="battle-history">Turn 42</h2><div class="spacer battle-history"><br></div><div class="battle-history">Shukaku used <strong>Swords Dance</strong>!<br></div><div class="battle-history"><small>Shukaku's Attack rose sharply!</small><br></div><div class="spacer battle-history"><br></div><div class="battle-history">The opposing Corviknight used <strong>U-turn</strong>!<br></div><div class="battle-history"><small>It's not very effective...</small><br></div><div class="battle-history"><small>(Shukaku lost 6% of its health!)</small><br></div><div class="spacer battle-history"><br></div><div class="battle-history">The opposing Corviknight went back to BlazingHero657!<br></div><div class="battle-history">BlazingHero657 sent out <strong>Clefable</strong>!<br></div><div class="spacer battle-history"><br></div><h2 class="battle-history">Turn 43</h2><div class="spacer battle-history"><br></div><div class="battle-history">Shukaku, come back!<br></div><div class="battle-history">Go! Juvia (<strong>Tapu Fini</strong>)!<br></div><div class="battle-history">[Juvia's Misty Surge]<br><small>Mist swirled around the battlefield!</small><br></div><div class="spacer battle-history"><br></div><div class="battle-history"><small>The opposing Clefable's Clefabite is reacting to the Key Stone!</small><br>The opposing Clefable has Mega Evolved into Mega Clefable!<br></div><div class="chat"><ul class="utilichart"><li class="result"><span class="col pokemonnamecol" style="white-space: nowrap">Clefable-Mega</span> <span class="col typecol"><img src="https://play.pokemonshowdown.com/sprites/types/Fairy.png" alt="Fairy" height="14" width="32"><img src="https://play.pokemonshowdown.com/sprites/types/Ghost.png" alt="Ghost" height="14" width="32"></span> <span style="float: left ; min-height: 26px"><span class="col abilitycol">Prankster</span><span class="col abilitycol"></span></span><span style="float: left ; min-height: 26px"><span class="col statcol"><em>HP</em><br>95</span> <span class="col statcol"><em>Atk</em><br>80</span> <span class="col statcol"><em>Def</em><br>83</span> <span class="col statcol"><em>SpA</em><br>125</span> <span class="col statcol"><em>SpD</em><br>90</span> <span class="col statcol"><em>Spe</em><br>110</span> </span></li><li style="clear: both"></li></ul></div><div class="spacer battle-history"><br></div><div class="battle-history">The opposing Clefable used <strong>Moonblast</strong>!<br></div><div class="battle-history"><small>(Juvia lost 35% of its health!)</small><br></div><div class="battle-history"><small>Juvia's Sp. Atk fell!</small><br></div><div class="spacer battle-history"><br></div><div class="battle-history"><small>Juvia restored a little HP using its Leftovers!</small><br></div><div class="spacer battle-history"><br></div><h2 class="battle-history">Turn 44</h2><div class="chat chatmessage-josjet"><strong style="color:#41b2b6"><small>☆</small><span class="username" data-name="JosJet">JosJet</span>:</strong> <em>oooo</em></div><div class="spacer battle-history"><br></div><div class="battle-history">Juvia, come back!<br></div><div class="battle-history">Go! Crow (<strong>Corviknight</strong>)!<br></div><div class="battle-history">[Crow's Pressure]<br><small>Crow is exerting its pressure!</small><br></div><div class="spacer battle-history"><br></div><div class="battle-history">The opposing Clefable used <strong>Shadow Ball</strong>!<br></div><div class="battle-history"><small>(Crow lost 37% of its health!)</small><br></div><div class="spacer battle-history"><br></div><h2 class="battle-history">Turn 45</h2><div class="spacer battle-history"><br></div><div class="battle-history">BlazingHero657 withdrew Clefable!<br></div><div class="battle-history">BlazingHero657 sent out <strong>Corviknight</strong>!<br></div><div class="battle-history">[The opposing Corviknight's Pressure]<br><small>The opposing Corviknight is exerting its pressure!</small><br></div><div class="spacer battle-history"><br></div><div class="battle-history">Crow used <strong>U-turn</strong>!<br></div><div class="battle-history"><small>It's not very effective...</small><br></div><div class="battle-history"><small>A critical hit!</small><br></div><div class="battle-history"><small>(The opposing Corviknight lost 3% of its health!)</small><br></div><div class="spacer battle-history"><br></div><div class="battle-history">Crow went back to JosJet!<br></div><div class="battle-history">Go! Laties (<strong>Latios</strong>)!<br></div><div class="spacer battle-history"><br></div><div class="battle-history"><small>The opposing Corviknight restored a little HP using its Leftovers!</small><br></div><div class="spacer battle-history"><br></div><h2 class="battle-history">Turn 46</h2><div class="spacer battle-history"><br></div><div class="battle-history">Laties used <strong>Mystical Fire</strong>!<br></div><div class="battle-history"><small>It's super effective!</small><br></div><div class="battle-history"><small>(The opposing Corviknight lost 54% of its health!)</small><br></div><div class="battle-history"><small>The opposing Corviknight's Sp. Atk fell!</small><br></div><div class="spacer battle-history"><br></div><div class="battle-history">The opposing Corviknight used <strong>U-turn</strong>!<br></div><div class="battle-history"><small>It's super effective!</small><br></div><div class="battle-history"><small>(Laties lost 36% of its health!)</small><br></div><div class="spacer battle-history"><br></div><div class="battle-history">The opposing Corviknight went back to BlazingHero657!<br></div><div class="battle-history">BlazingHero657 sent out Slowqueen (<strong>Slowking-Galar</strong>)!<br></div><div class="spacer battle-history"><br></div><h2 class="battle-history">Turn 47</h2><div class="spacer battle-history"><br></div><div class="battle-history">Laties, come back!<br></div><div class="battle-history">Go! Crow (<strong>Corviknight</strong>)!<br></div><div class="battle-history">[Crow's Pressure]<br><small>Crow is exerting its pressure!</small><br></div><div class="spacer battle-history"><br></div><div class="battle-history">The opposing Slowqueen used <strong>Future Sight</strong>!<br></div><div class="battle-history"><small>The opposing Slowqueen foresaw an attack!</small><br></div><div class="spacer battle-history"><br></div><div class="battle-history"><small>The mist disappeared from the battlefield.</small><br></div><div class="spacer battle-history"><br></div><h2 class="battle-history">Turn 48</h2><div class="spacer battle-history"><br></div><div class="battle-history">Crow used <strong>Roost</strong>!<br></div><div class="battle-history"><small>Crow had its HP restored.</small><br></div><div class="battle-history"><small>(Crow loses Flying type this turn.)</small><br></div><div class="spacer battle-history"><br></div><div class="battle-history">The opposing Slowqueen used <strong>Flamethrower</strong>!<br></div><div class="battle-history"><small>It's super effective!</small><br></div><div class="battle-history"><small>(Crow lost 54% of its health!)</small><br></div><div class="spacer battle-history"><br></div><h2 class="battle-history">Turn 49</h2><div class="spacer battle-history"><br></div><div class="battle-history">Crow used <strong>Roost</strong>!<br></div><div class="battle-history"><small>Crow had its HP restored.</small><br></div><div class="battle-history"><small>(Crow loses Flying type this turn.)</small><br></div><div class="spacer battle-history"><br></div><div class="battle-history">The opposing Slowqueen used <strong>Flamethrower</strong>!<br></div><div class="battle-history"><small>It's super effective!</small><br></div><div class="battle-history"><small>(Crow lost 56% of its health!)</small><br></div><div class="spacer battle-history"><br></div><div class="battle-history"><small>Crow took the Future Sight attack!</small><br></div><div class="battle-history"><small>It's not very effective...</small><br></div><div class="battle-history"><small>(Crow lost 25% of its health!)</small><br></div><div class="spacer battle-history"><br></div><h2 class="battle-history">Turn 50</h2><div class="spacer battle-history"><br></div><div class="battle-history">Crow used <strong>Roost</strong>!<br></div><div class="battle-history"><small>Crow had its HP restored.</small><br></div><div class="battle-history"><small>(Crow loses Flying type this turn.)</small><br></div><div class="spacer battle-history"><br></div><div class="battle-history">The opposing Slowqueen used <strong>Future Sight</strong>!<br></div><div class="battle-history"><small>The opposing Slowqueen foresaw an attack!</small><br></div><div class="spacer battle-history"><br></div><h2 class="battle-history">Turn 51</h2><div class="spacer battle-history"><br></div><div class="battle-history">Crow used <strong>Roost</strong>!<br></div><div class="battle-history"><small>Crow had its HP restored.</small><br></div><div class="battle-history"><small>(Crow loses Flying type this turn.)</small><br></div><div class="spacer battle-history"><br></div><div class="battle-history">The opposing Slowqueen used <strong>Flamethrower</strong>!<br></div><div class="battle-history"><small>It's super effective!</small><br></div><div class="battle-history"><small>(Crow lost 57% of its health!)</small><br></div><div class="spacer battle-history"><br></div><h2 class="battle-history">Turn 52</h2><div class="spacer battle-history"><br></div><div class="battle-history">BlazingHero657 withdrew Slowqueen!<br></div><div class="battle-history">BlazingHero657 sent out Forge (<strong>Heatran</strong>)!<br></div><div class="spacer battle-history"><br></div><div class="battle-history">Crow used <strong>U-turn</strong>!<br></div><div class="battle-history"><small>It's not very effective...</small><br></div><div class="battle-history"><small>(The opposing Forge lost 3% of its health!)</small><br></div><div class="chat chatmessage-blazinghero657"><strong style="color:#2e9e35"><small>☆</small><span class="username" data-name="BlazingHero657">BlazingHero657</span>:</strong> <em>zama hasn't come in all match</em></div><div class="chat chatmessage-josjet"><strong style="color:#41b2b6"><small>☆</small><span class="username" data-name="JosJet">JosJet</span>:</strong> <em>yea true lol</em></div><div class="chat chatmessage-blazinghero657"><strong style="color:#2e9e35"><small>☆</small><span class="username" data-name="BlazingHero657">BlazingHero657</span>:</strong> <em>have you made a move, or is my wifi dead again</em></div><div class="chat chatmessage-josjet"><strong style="color:#41b2b6"><small>☆</small><span class="username" data-name="JosJet">JosJet</span>:</strong> <em>no its me xD</em></div><div class="spacer battle-history"><br></div><div class="battle-history">Crow went back to JosJet!<br></div><div class="battle-history">Go! Juvia (<strong>Tapu Fini</strong>)!<br></div><div class="battle-history">[Juvia's Misty Surge]<br><small>Mist swirled around the battlefield!</small><br></div><div class="spacer battle-history"><br></div><div class="battle-history"><small>Juvia took the Future Sight attack!</small><br></div><div class="battle-history"><small>(Juvia lost 25% of its health!)</small><br></div><div class="battle-history"><small>The opposing Forge restored a little HP using its Leftovers!</small><br></div><div class="spacer battle-history"><br></div><div class="battle-history">Juvia fainted!<br></div><div class="spacer battle-history"><br></div><div class="battle-history">Go! Shukaku (<strong>Landorus-Therian</strong>)!<br></div><div class="battle-history">[Shukaku's Intimidate]<br></div><div class="battle-history"><small>The opposing Forge's Attack fell!</small><br></div><div class="spacer battle-history"><br></div><h2 class="battle-history">Turn 53</h2><div class="spacer battle-history"><br></div><div class="battle-history">BlazingHero657 withdrew Forge!<br></div><div class="battle-history">BlazingHero657 sent out <strong>Corviknight</strong>!<br></div><div class="battle-history">[The opposing Corviknight's Pressure]<br><small>The opposing Corviknight is exerting its pressure!</small><br></div><div class="spacer battle-history"><br></div><div class="battle-history">Shukaku used <strong>Stone Edge</strong>!<br></div><div class="battle-history"><small>The opposing Corviknight avoided the attack!</small><br></div><div class="spacer battle-history"><br></div><div class="battle-history"><small>The opposing Corviknight restored a little HP using its Leftovers!</small><br></div><div class="spacer battle-history"><br></div><h2 class="battle-history">Turn 54</h2><div class="chat chatmessage-blazinghero657"><strong style="color:#2e9e35"><small>☆</small><span class="username" data-name="BlazingHero657">BlazingHero657</span>:</strong> <em>mm, i don't like that</em></div><div class="chat chatmessage-josjet"><strong style="color:#41b2b6"><small>☆</small><span class="username" data-name="JosJet">JosJet</span>:</strong> <em>ah xD no worries</em></div><div class="spacer battle-history"><br></div><div class="battle-history">BlazingHero657 withdrew Corviknight!<br></div><div class="battle-history">BlazingHero657 sent out Landorus (<strong>Landorus-Therian</strong>)!<br></div><div class="battle-history">[The opposing Landorus's Intimidate]<br></div><div class="battle-history"><small>Shukaku's Attack fell!</small><br></div><div class="battle-history"><small>Shukaku surrounded itself with its Z-Power!</small><br></div><div class="spacer battle-history"><br></div><div class="battle-history"><small>Shukaku unleashes its full-force Z-Move!</small><br>Shukaku used <strong>Continental Crush</strong>!<br></div><div class="battle-history"><small>(The opposing Landorus lost 32% of its health!)</small><br></div><div class="spacer battle-history"><br></div><div class="battle-history"><small>The opposing Landorus restored a little HP using its Leftovers!</small><br></div><div class="spacer battle-history"><br></div><h2 class="battle-history">Turn 55</h2><div class="chat chatmessage-blazinghero657"><strong style="color:#2e9e35"><small>☆</small><span class="username" data-name="BlazingHero657">BlazingHero657</span>:</strong> <em>ok</em></div><div class="chat chatmessage-blazinghero657"><strong style="color:#2e9e35"><small>☆</small><span class="username" data-name="BlazingHero657">BlazingHero657</span>:</strong> <em>glad i did that</em></div><div class="chat chatmessage-josjet"><strong style="color:#41b2b6"><small>☆</small><span class="username" data-name="JosJet">JosJet</span>:</strong> <em>xD</em></div><div class="chat chatmessage-blazinghero657"><strong style="color:#2e9e35"><small>☆</small><span class="username" data-name="BlazingHero657">BlazingHero657</span>:</strong> <em>speaking of, i have no z move</em></div><div class="spacer battle-history"><br></div><div class="battle-history">Shukaku, come back!<br></div><div class="battle-history">Go! Crow (<strong>Corviknight</strong>)!<br></div><div class="battle-history">[Crow's Pressure]<br><small>Crow is exerting its pressure!</small><br></div><div class="spacer battle-history"><br></div><div class="battle-history">The opposing Landorus used <strong>U-turn</strong>!<br></div><div class="battle-history"><small>It's not very effective...</small><br></div><div class="battle-history"><small>(Crow lost 4% of its health!)</small><br></div><div class="battle-history"><small>The opposing Landorus was hurt by the Rocky Helmet!</small><br></div><div class="chat chatmessage-josjet"><strong style="color:#41b2b6"><small>☆</small><span class="username" data-name="JosJet">JosJet</span>:</strong> <em>lolll</em></div><div class="spacer battle-history"><br></div><div class="battle-history">The opposing Landorus went back to BlazingHero657!<br></div><div class="battle-history">BlazingHero657 sent out <strong>Garchomp</strong>!<br></div><div class="spacer battle-history"><br></div><h2 class="battle-history">Turn 56</h2><div class="spacer battle-history"><br></div><div class="battle-history">The opposing Garchomp used <strong>Scale Shot</strong>!<br></div><div class="battle-history"><small>It's not very effective...</small><br></div><div class="battle-history"><small>(Crow lost 6% of its health!)</small><br></div><div class="battle-history"><small>It's not very effective...</small><br></div><div class="battle-history"><small>(Crow lost 5% of its health!)</small><br></div><div class="battle-history"><small>The Pokémon was hit 2 times!</small><br></div><div class="battle-history"><small>The opposing Garchomp's Defense fell!</small><br></div><div class="battle-history"><small>The opposing Garchomp's Speed rose!</small><br></div><div class="battle-history"><small>The opposing Garchomp lost some of its HP!</small><br></div><div class="spacer battle-history"><br></div><div class="battle-history">Crow used <strong>Roost</strong>!<br></div><div class="battle-history"><small>Crow had its HP restored.</small><br></div><div class="battle-history"><small>(Crow loses Flying type this turn.)</small><br></div><div class="spacer battle-history"><br></div><div class="battle-history"><small>The mist disappeared from the battlefield.</small><br></div><div class="spacer battle-history"><br></div><h2 class="battle-history">Turn 57</h2><div class="spacer battle-history"><br></div><div class="battle-history">The opposing Garchomp used <strong>Swords Dance</strong>!<br></div><div class="battle-history"><small>The opposing Garchomp's Attack rose sharply!</small><br></div><div class="spacer battle-history"><br></div><div class="battle-history">Crow used <strong>Roost</strong>!<br></div><div class="battle-history"><small>Crow had its HP restored.</small><br></div><div class="battle-history"><small>(Crow loses Flying type this turn.)</small><br></div><div class="spacer battle-history"><br></div><h2 class="battle-history">Turn 58</h2><div class="spacer battle-history"><br></div><div class="battle-history">The opposing Garchomp used <strong>Fire Fang</strong>!<br></div><div class="battle-history"><small>It's super effective!</small><br></div><div class="battle-history"><small>(Crow lost 82% of its health!)</small><br></div><div class="battle-history"><small>The opposing Garchomp was hurt by the Rocky Helmet!</small><br></div><div class="battle-history"><small>The opposing Garchomp lost some of its HP!</small><br></div><div class="spacer battle-history"><br></div><div class="battle-history">Crow used <strong>U-turn</strong>!<br></div><div class="battle-history"><small>A critical hit!</small><br></div><div class="battle-history"><small>(The opposing Garchomp lost 33% of its health!)</small><br></div><div class="battle-history">[The opposing Garchomp's Rough Skin]<br><small>Crow was hurt!</small><br></div><div class="chat chatmessage-josjet"><strong style="color:#41b2b6"><small>☆</small><span class="username" data-name="JosJet">JosJet</span>:</strong> <em>oof mb</em></div><div class="chat chatmessage-blazinghero657"><strong style="color:#2e9e35"><small>☆</small><span class="username" data-name="BlazingHero657">BlazingHero657</span>:</strong> <em>this is fine.</em></div><div class="spacer battle-history"><br></div><div class="battle-history">Crow went back to JosJet!<br></div><div class="battle-history">Go! Laties (<strong>Latios</strong>)!<br></div><div class="spacer battle-history"><br></div><h2 class="battle-history">Turn 59</h2><div class="spacer battle-history"><br></div><div class="battle-history">Laties used <strong>Psychic</strong>!<br></div><div class="battle-history"><small>(The opposing Garchomp lost 25% of its health!)</small><br></div><div class="spacer battle-history"><br></div><div class="battle-history">The opposing Garchomp fainted!<br></div><div class="chat chatmessage-blazinghero657"><strong style="color:#2e9e35"><small>☆</small><span class="username" data-name="BlazingHero657">BlazingHero657</span>:</strong> <em>this was not fine.</em></div><div class="spacer battle-history"><br></div><div class="battle-history">BlazingHero657 sent out Forge (<strong>Heatran</strong>)!<br></div><div class="spacer battle-history"><br></div><h2 class="battle-history">Turn 60</h2><div class="chat chatmessage-josjet"><strong style="color:#41b2b6"><small>☆</small><span class="username" data-name="JosJet">JosJet</span>:</strong> <em>xD</em></div><div class="spacer battle-history"><br></div><div class="battle-history">Laties, come back!<br></div><div class="battle-history">Go! Crow (<strong>Corviknight</strong>)!<br></div><div class="battle-history">[Crow's Pressure]<br><small>Crow is exerting its pressure!</small><br></div><div class="spacer battle-history"><br></div><div class="battle-history">The opposing Forge used <strong>Magma Storm</strong>!<br></div><div class="battle-history"><small>It's super effective!</small><br></div><div class="battle-history"><small>A critical hit!</small><br></div><div class="battle-history"><small>(Crow lost 6% of its health!)</small><br></div><div class="spacer battle-history"><br></div><div class="battle-history">Crow fainted!<br></div><div class="spacer battle-history"><br></div><div class="battle-history"><small>The opposing Forge restored a little HP using its Leftovers!</small><br></div><div class="spacer battle-history"><br></div><div class="battle-history">Go! Shukaku (<strong>Landorus-Therian</strong>)!<br></div><div class="battle-history">[Shukaku's Intimidate]<br></div><div class="battle-history"><small>The opposing Forge's Attack fell!</small><br></div><div class="spacer battle-history"><br></div><h2 class="battle-history">Turn 61</h2><div class="spacer battle-history"><br></div><div class="battle-history">BlazingHero657 withdrew Forge!<br></div><div class="battle-history">BlazingHero657 sent out <strong>Corviknight</strong>!<br></div><div class="battle-history">[The opposing Corviknight's Pressure]<br><small>The opposing Corviknight is exerting its pressure!</small><br></div><div class="spacer battle-history"><br></div><div class="battle-history">Shukaku used <strong>Earthquake</strong>!<br></div><div class="battle-history"><small>It doesn't affect the opposing Corviknight...</small><br></div><div class="spacer battle-history"><br></div><div class="battle-history"><small>The opposing Corviknight restored a little HP using its Leftovers!</small><br></div><div class="spacer battle-history"><br></div><h2 class="battle-history">Turn 62</h2><div class="spacer battle-history"><br></div><div class="battle-history">Shukaku used <strong>Swords Dance</strong>!<br></div><div class="battle-history"><small>Shukaku's Attack rose sharply!</small><br></div><div class="spacer battle-history"><br></div><div class="battle-history">The opposing Corviknight used <strong>Roost</strong>!<br></div><div class="battle-history"><small>The opposing Corviknight had its HP restored.</small><br></div><div class="battle-history"><small>(The opposing Corviknight loses Flying type this turn.)</small><br></div><div class="spacer battle-history"><br></div><div class="battle-history"><small>The opposing Corviknight restored a little HP using its Leftovers!</small><br></div><div class="spacer battle-history"><br></div><h2 class="battle-history">Turn 63</h2><div class="spacer battle-history"><br></div><div class="battle-history">Shukaku used <strong>Swords Dance</strong>!<br></div><div class="battle-history"><small>Shukaku's Attack rose sharply!</small><br></div><div class="spacer battle-history"><br></div><div class="battle-history">The opposing Corviknight used <strong>U-turn</strong>!<br></div><div class="battle-history"><small>It's not very effective...</small><br></div><div class="battle-history"><small>(Shukaku lost 8% of its health!)</small><br></div><div class="spacer battle-history"><br></div><div class="battle-history">The opposing Corviknight went back to BlazingHero657!<br></div><div class="battle-history">BlazingHero657 sent out Clefable (<strong>Clefable-Mega</strong>)!<br></div><div class="spacer battle-history"><br></div><h2 class="battle-history">Turn 64</h2><div class="chat chatmessage-blazinghero657"><strong style="color:#2e9e35"><small>☆</small><span class="username" data-name="BlazingHero657">BlazingHero657</span>:</strong> <em>if this doesn't kill</em></div><div class="chat chatmessage-blazinghero657"><strong style="color:#2e9e35"><small>☆</small><span class="username" data-name="BlazingHero657">BlazingHero657</span>:</strong> <em>i am so dead</em></div><div class="chat chatmessage-josjet"><strong style="color:#41b2b6"><small>☆</small><span class="username" data-name="JosJet">JosJet</span>:</strong> <em>xD</em></div><div class="chat chatmessage-blazinghero657"><strong style="color:#2e9e35"><small>☆</small><span class="username" data-name="BlazingHero657">BlazingHero657</span>:</strong> <em>i'm glad you find this amusing</em></div><div class="chat chatmessage-josjet"><strong style="color:#41b2b6"><small>☆</small><span class="username" data-name="JosJet">JosJet</span>:</strong> <em>lmaoooo</em></div><div class="chat chatmessage-josjet"><strong style="color:#41b2b6"><small>☆</small><span class="username" data-name="JosJet">JosJet</span>:</strong> <em>this has been a very fun game so far</em></div><div class="chat chatmessage-josjet"><strong style="color:#41b2b6"><small>☆</small><span class="username" data-name="JosJet">JosJet</span>:</strong> <em>I think it does kill</em></div><div class="spacer battle-history"><br></div><div class="battle-history">The opposing Clefable used <strong>Moonblast</strong>!<br></div><div class="battle-history"><small>(Shukaku lost 62% of its health!)</small><br></div><div class="spacer battle-history"><br></div><div class="battle-history">Shukaku fainted!<br></div><div class="chat chatmessage-josjet"><strong style="color:#41b2b6"><small>☆</small><span class="username" data-name="JosJet">JosJet</span>:</strong> <em>yea</em></div><div class="chat chatmessage-blazinghero657"><strong style="color:#2e9e35"><small>☆</small><span class="username" data-name="BlazingHero657">BlazingHero657</span>:</strong> <em>thank goodness</em></div><div class="spacer battle-history"><br></div><div class="battle-history">Go! Dirty Dan (<strong>Zamazenta-Crowned</strong>)!<br></div><div class="battle-history">[Dirty Dan's Dauntless Shield]<br></div><div class="battle-history"><small>Dirty Dan's Defense rose!</small><br></div><div class="spacer battle-history"><br></div><h2 class="battle-history">Turn 65</h2><div class="chat chatmessage-blazinghero657"><strong style="color:#2e9e35"><small>☆</small><span class="username" data-name="BlazingHero657">BlazingHero657</span>:</strong> <em>and here it is</em></div><div class="chat chatmessage-josjet"><strong style="color:#41b2b6"><small>☆</small><span class="username" data-name="JosJet">JosJet</span>:</strong> <em>lol</em></div><div class="chat chatmessage-josjet"><strong style="color:#41b2b6"><small>☆</small><span class="username" data-name="JosJet">JosJet</span>:</strong> <em>dirty dan</em></div><div class="chat chatmessage-blazinghero657"><strong style="color:#2e9e35"><small>☆</small><span class="username" data-name="BlazingHero657">BlazingHero657</span>:</strong> <em>hm...</em></div><div class="chat chatmessage-josjet"><strong style="color:#41b2b6"><small>☆</small><span class="username" data-name="JosJet">JosJet</span>:</strong> <em>just the nickname </em></div><div class="chat chatmessage-blazinghero657"><strong style="color:#2e9e35"><small>☆</small><span class="username" data-name="BlazingHero657">BlazingHero657</span>:</strong> <em>130 base attack, 128 base speed</em></div><div class="chat chatmessage-josjet"><strong style="color:#41b2b6"><small>☆</small><span class="username" data-name="JosJet">JosJet</span>:</strong> <em>ahh but I lose</em></div><div class="chat chatmessage-josjet"><strong style="color:#41b2b6"><small>☆</small><span class="username" data-name="JosJet">JosJet</span>:</strong> <em>regardless of that</em></div><div class="spacer battle-history"><br></div><div class="battle-history">BlazingHero657 withdrew Clefable!<br></div><div class="battle-history">BlazingHero657 sent out Forge (<strong>Heatran</strong>)!<br></div><div class="spacer battle-history"><br></div><div class="battle-history">Dirty Dan used <strong>Work Up</strong>!<br></div><div class="battle-history"><small>Dirty Dan's Attack rose!</small><br></div><div class="battle-history"><small>Dirty Dan's Sp. Atk rose!</small><br></div><div class="spacer battle-history"><br></div><div class="battle-history"><small>The opposing Forge restored a little HP using its Leftovers!</small><br></div><div class="spacer battle-history"><br></div><h2 class="battle-history">Turn 66</h2><div class="spacer battle-history"><br></div><div class="battle-history">Dirty Dan used <strong>Focus Blast</strong>!<br></div><div class="battle-history"><small>It's super effective!</small><br></div><div class="battle-history"><small>(The opposing Forge lost 82% of its health!)</small><br></div><div class="spacer battle-history"><br></div><div class="battle-history">The opposing Forge fainted!<br></div><div class="chat chatmessage-blazinghero657"><strong style="color:#2e9e35"><small>☆</small><span class="username" data-name="BlazingHero657">BlazingHero657</span>:</strong> <em>oh it's special?</em></div><div class="spacer battle-history"><br></div><div class="battle-history">BlazingHero657 sent out Landorus (<strong>Landorus-Therian</strong>)!<br></div><div class="battle-history">[The opposing Landorus's Intimidate]<br></div><div class="battle-history"><small>Dirty Dan's Attack fell!</small><br></div><div class="spacer battle-history"><br></div><h2 class="battle-history">Turn 67</h2><div class="chat chatmessage-josjet"><strong style="color:#41b2b6"><small>☆</small><span class="username" data-name="JosJet">JosJet</span>:</strong> <em>yea</em></div><div class="chat chatmessage-josjet"><strong style="color:#41b2b6"><small>☆</small><span class="username" data-name="JosJet">JosJet</span>:</strong> <em>maybe</em></div><div class="spacer battle-history"><br></div><div class="battle-history">BlazingHero657 withdrew Landorus!<br></div><div class="battle-history">BlazingHero657 sent out <strong>Corviknight</strong>!<br></div><div class="battle-history">[The opposing Corviknight's Pressure]<br><small>The opposing Corviknight is exerting its pressure!</small><br></div><div class="spacer battle-history"><br></div><div class="battle-history">Dirty Dan used <strong>Flash Cannon</strong>!<br></div><div class="battle-history"><small>It's not very effective...</small><br></div><div class="battle-history"><small>(The opposing Corviknight lost 22% of its health!)</small><br></div><div class="spacer battle-history"><br></div><div class="battle-history"><small>The opposing Corviknight restored a little HP using its Leftovers!</small><br></div><div class="spacer battle-history"><br></div><h2 class="battle-history">Turn 68</h2><div class="spacer battle-history"><br></div><div class="battle-history">Dirty Dan used <strong>Work Up</strong>!<br></div><div class="battle-history"><small>Dirty Dan's Attack rose!</small><br></div><div class="battle-history"><small>Dirty Dan's Sp. Atk rose!</small><br></div><div class="spacer battle-history"><br></div><div class="battle-history">The opposing Corviknight used <strong>U-turn</strong>!<br></div><div class="battle-history"><small>It's not very effective...</small><br></div><div class="battle-history"><small>(Dirty Dan lost 1% of its health!)</small><br></div><div class="spacer battle-history"><br></div><div class="battle-history">The opposing Corviknight went back to BlazingHero657!<br></div><div class="battle-history">BlazingHero657 sent out Slowqueen (<strong>Slowking-Galar</strong>)!<br></div><div class="spacer battle-history"><br></div><h2 class="battle-history">Turn 69</h2><div class="chat chatmessage-blazinghero657"><strong style="color:#2e9e35"><small>☆</small><span class="username" data-name="BlazingHero657">BlazingHero657</span>:</strong> <em>dang, intimidate doesn't do anything to sp atk</em></div><div class="chat chatmessage-blazinghero657"><strong style="color:#2e9e35"><small>☆</small><span class="username" data-name="BlazingHero657">BlazingHero657</span>:</strong> <em>not sure how to counter this</em></div><div class="chat chatmessage-josjet"><strong style="color:#41b2b6"><small>☆</small><span class="username" data-name="JosJet">JosJet</span>:</strong> <em>slowking g is a Great Wall tbh</em></div><div class="chat chatmessage-josjet"><strong style="color:#41b2b6"><small>☆</small><span class="username" data-name="JosJet">JosJet</span>:</strong> <em>for it</em></div><div class="chat chatmessage-josjet"><strong style="color:#41b2b6"><small>☆</small><span class="username" data-name="JosJet">JosJet</span>:</strong> <em>for the special version</em></div><div class="chat chatmessage-josjet"><strong style="color:#41b2b6"><small>☆</small><span class="username" data-name="JosJet">JosJet</span>:</strong> <em>xD</em></div><div class="chat chatmessage-josjet"><strong style="color:#41b2b6"><small>☆</small><span class="username" data-name="JosJet">JosJet</span>:</strong> <em>can we get a spdef drop?</em></div><div class="spacer battle-history"><br></div><div class="battle-history">Dirty Dan used <strong>Flash Cannon</strong>!<br></div><div class="battle-history"><small>(The opposing Slowqueen lost 34% of its health!)</small><br></div><div class="spacer battle-history"><br></div><div class="battle-history">The opposing Slowqueen used <strong>Flamethrower</strong>!<br></div><div class="battle-history"><small>It's super effective!</small><br></div><div class="battle-history"><small>(Dirty Dan lost 43% of its health!)</small><br></div><div class="spacer battle-history"><br></div><h2 class="battle-history">Turn 70</h2><div class="chat chatmessage-blazinghero657"><strong style="color:#2e9e35"><small>☆</small><span class="username" data-name="BlazingHero657">BlazingHero657</span>:</strong> <em>at +2?</em></div><div class="chat chatmessage-blazinghero657"><strong style="color:#2e9e35"><small>☆</small><span class="username" data-name="BlazingHero657">BlazingHero657</span>:</strong> <em>oh wow</em></div><div class="chat chatmessage-josjet"><strong style="color:#41b2b6"><small>☆</small><span class="username" data-name="JosJet">JosJet</span>:</strong> <em>its bulky xD</em></div><div class="spacer battle-history"><br></div><div class="battle-history">Dirty Dan used <strong>Flash Cannon</strong>!<br></div><div class="battle-history"><small>(The opposing Slowqueen lost 34% of its health!)</small><br></div><div class="spacer battle-history"><br></div><div class="battle-history">The opposing Slowqueen used <strong>Future Sight</strong>!<br></div><div class="battle-history"><small>The opposing Slowqueen foresaw an attack!</small><br></div><div class="spacer battle-history"><br></div><h2 class="battle-history">Turn 71</h2><div class="spacer battle-history"><br></div><div class="battle-history">BlazingHero657 withdrew Slowqueen!<br></div><div class="battle-history">BlazingHero657 sent out Landorus (<strong>Landorus-Therian</strong>)!<br></div><div class="battle-history">[The opposing Landorus's Intimidate]<br></div><div class="battle-history"><small>Dirty Dan's Attack fell!</small><br></div><div class="spacer battle-history"><br></div><div class="battle-history">Dirty Dan used <strong>Flash Cannon</strong>!<br></div><div class="battle-history"><small>(The opposing Landorus lost 20% of its health!)</small><br></div><div class="spacer battle-history"><br></div><div class="battle-history">The opposing Landorus fainted!<br></div><div class="spacer battle-history"><br></div><div class="battle-history">BlazingHero657 sent out Slowqueen (<strong>Slowking-Galar</strong>)!<br></div><div class="spacer battle-history"><br></div><h2 class="battle-history">Turn 72</h2><div class="chat chatmessage-josjet"><strong style="color:#41b2b6"><small>☆</small><span class="username" data-name="JosJet">JosJet</span>:</strong> <em>gg!</em></div><div class="spacer battle-history"><br></div><div class="battle-history">Dirty Dan used <strong>Flash Cannon</strong>!<br></div><div class="battle-history"><small>(The opposing Slowqueen lost 33% of its health!)</small><br></div><div class="spacer battle-history"><br></div><div class="battle-history">The opposing Slowqueen used <strong>Flamethrower</strong>!<br></div><div class="battle-history"><small>It's super effective!</small><br></div><div class="battle-history"><small>(Dirty Dan lost 48% of its health!)</small><br></div><div class="spacer battle-history"><br></div><div class="battle-history"><small>Dirty Dan took the Future Sight attack!</small><br></div><div class="battle-history"><small>(Dirty Dan lost 8% of its health!)</small><br></div><div class="spacer battle-history"><br></div><div class="battle-history">Dirty Dan fainted!<br></div><div class="spacer battle-history"><br></div><div class="battle-history">Go! Laties (<strong>Latios</strong>)!<br></div><div class="spacer battle-history"><br></div><h2 class="battle-history">Turn 73</h2><div class="chat chatmessage-blazinghero657"><strong style="color:#2e9e35"><small>☆</small><span class="username" data-name="BlazingHero657">BlazingHero657</span>:</strong> <em>still a little susp-</em></div><div class="chat chatmessage-blazinghero657"><strong style="color:#2e9e35"><small>☆</small><span class="username" data-name="BlazingHero657">BlazingHero657</span>:</strong> <em>oh</em></div><div class="chat chatmessage-blazinghero657"><strong style="color:#2e9e35"><small>☆</small><span class="username" data-name="BlazingHero657">BlazingHero657</span>:</strong> <em>ok</em></div><div class="spacer battle-history"><br></div><div class="battle-history">BlazingHero657 withdrew Slowqueen!<br></div><div class="battle-history">BlazingHero657 sent out <strong>Corviknight</strong>!<br></div><div class="battle-history">[The opposing Corviknight's Pressure]<br><small>The opposing Corviknight is exerting its pressure!</small><br></div><div class="spacer battle-history"><br></div><div class="battle-history">Laties used <strong>Mystical Fire</strong>!<br></div><div class="battle-history"><small>It's super effective!</small><br></div><div class="battle-history"><small>(The opposing Corviknight lost 55% of its health!)</small><br></div><div class="battle-history"><small>The opposing Corviknight's Sp. Atk fell!</small><br></div><div class="spacer battle-history"><br></div><div class="battle-history"><small>The opposing Corviknight restored a little HP using its Leftovers!</small><br></div><div class="spacer battle-history"><br></div><h2 class="battle-history">Turn 74</h2><div class="spacer battle-history"><br></div><div class="battle-history">Laties used <strong>Mystical Fire</strong>!<br></div><div class="battle-history"><small>It's super effective!</small><br></div><div class="battle-history"><small>(The opposing Corviknight lost 33% of its health!)</small><br></div><div class="spacer battle-history"><br></div><div class="battle-history">The opposing Corviknight fainted!<br></div><div class="spacer battle-history"><br></div><div class="battle-history">BlazingHero657 sent out Clefable (<strong>Clefable-Mega</strong>)!<br></div><div class="spacer battle-history"><br></div><h2 class="battle-history">Turn 75</h2><div class="spacer battle-history"><br></div><div class="battle-history">Laties used <strong>Mystical Fire</strong>!<br></div><div class="battle-history"><small>(The opposing Clefable lost 30% of its health!)</small><br></div><div class="battle-history"><small>The opposing Clefable's Sp. Atk fell!</small><br></div><div class="spacer battle-history"><br></div><div class="battle-history">The opposing Clefable used <strong>Moonblast</strong>!<br></div><div class="battle-history"><small>It's super effective!</small><br></div><div class="battle-history"><small>(Laties lost 52% of its health!)</small><br></div><div class="spacer battle-history"><br></div><div class="battle-history">Laties fainted!<br></div><div class="spacer battle-history"><br></div><div class="battle-history"><strong>BlazingHero657</strong> won the battle!<br></div><div class="chat chatmessage-blazinghero657"><strong style="color:#2e9e35"><small>☆</small><span class="username" data-name="BlazingHero657">BlazingHero657</span>:</strong> <em>gg</em></div><div class="chat chatmessage-josjet"><strong style="color:#41b2b6"><small>☆</small><span class="username" data-name="JosJet">JosJet</span>:</strong> <em>great game!!</em></div><div class="chat chatmessage-blazinghero657"><strong style="color:#2e9e35"><small>☆</small><span class="username" data-name="BlazingHero657">BlazingHero657</span>:</strong> <em>thanks.</em></div></div><div class="inner-preempt message-log"></div></div></div>
</div>
<script>
let daily = Math.floor(Date.now()/1000/60/60/24);document.write('<script src="https://dragonheaven.herokuapp.com/js/replay-embed.js?version'+daily+'"></'+'script>');
</script>
