<!DOCTYPE html>
<meta charset="utf-8" />
<!-- version 1 -->
<title>[Gen 8] Megas for All replay: Coppersmith vs. inkbug1</title>
<style>
html,body {font-family:Verdana, sans-serif;font-size:10pt;margin:0;padding:0;}body{padding:12px 0;} .battle-log {font-family:Verdana, sans-serif;font-size:10pt;} .battle-log-inline {border:1px solid #AAAAAA;background:#EEF2F5;color:black;max-width:640px;margin:0 auto 80px;padding-bottom:5px;} .battle-log .inner {padding:4px 8px 0px 8px;} .battle-log .inner-preempt {padding:0 8px 4px 8px;} .battle-log .inner-after {margin-top:0.5em;} .battle-log h2 {margin:0.5em -8px;padding:4px 8px;border:1px solid #AAAAAA;background:#E0E7EA;border-left:0;border-right:0;font-family:Verdana, sans-serif;font-size:13pt;} .battle-log .chat {vertical-align:middle;padding:3px 0 3px 0;font-size:8pt;} .battle-log .chat strong {color:#40576A;} .battle-log .chat em {padding:1px 4px 1px 3px;color:#000000;font-style:normal;} .chat.mine {background:rgba(0,0,0,0.05);margin-left:-8px;margin-right:-8px;padding-left:8px;padding-right:8px;} .spoiler {color:#BBBBBB;background:#BBBBBB;padding:0px 3px;} .spoiler:hover, .spoiler:active, .spoiler-shown {color:#000000;background:#E2E2E2;padding:0px 3px;} .spoiler a {color:#BBBBBB;} .spoiler:hover a, .spoiler:active a, .spoiler-shown a {color:#2288CC;} .chat code, .chat .spoiler:hover code, .chat .spoiler:active code, .chat .spoiler-shown code {border:1px solid #C0C0C0;background:#EEEEEE;color:black;padding:0 2px;} .chat .spoiler code {border:1px solid #CCCCCC;background:#CCCCCC;color:#CCCCCC;} .battle-log .rated {padding:3px 4px;} .battle-log .rated strong {color:white;background:#89A;padding:1px 4px;border-radius:4px;} .spacer {margin-top:0.5em;} .message-announce {background:#6688AA;color:white;padding:1px 4px 2px;} .message-announce a, .broadcast-green a, .broadcast-blue a, .broadcast-red a {color:#DDEEFF;} .broadcast-green {background-color:#559955;color:white;padding:2px 4px;} .broadcast-blue {background-color:#6688AA;color:white;padding:2px 4px;} .infobox {border:1px solid #6688AA;padding:2px 4px;} .infobox-limited {max-height:200px;overflow:auto;overflow-x:hidden;} .broadcast-red {background-color:#AA5544;color:white;padding:2px 4px;} .message-learn-canlearn {font-weight:bold;color:#228822;text-decoration:underline;} .message-learn-cannotlearn {font-weight:bold;color:#CC2222;text-decoration:underline;} .message-effect-weak {font-weight:bold;color:#CC2222;} .message-effect-resist {font-weight:bold;color:#6688AA;} .message-effect-immune {font-weight:bold;color:#666666;} .message-learn-list {margin-top:0;margin-bottom:0;} .message-throttle-notice, .message-error {color:#992222;} .message-overflow, .chat small.message-overflow {font-size:0pt;} .message-overflow::before {font-size:9pt;content:'...';} .subtle {color:#3A4A66;}
</style>
<div class="wrapper replay-wrapper" style="max-width:1180px;margin:0 auto">
<input type="hidden" name="replayid" value="dragonheaven-gen8megasforall-387" />
<div class="battle"></div><div class="battle-log"></div><div class="replay-controls"></div><div class="replay-controls-2"></div>
<h1 style="font-weight:normal;text-align:center"><strong>[Gen 8] Megas for All</strong><br /><a href="http://pokemonshowdown.com/users/coppersmith" class="subtle" target="_blank">Coppersmith</a> vs. <a href="http://pokemonshowdown.com/users/inkbug1" class="subtle" target="_blank">inkbug1</a></h1>
<script type="text/plain" class="battle-log-data">|j|☆Coppersmith
|j|☆inkbug1

|t:|1610053582
|player|p1|Coppersmith|veteran|
|player|p2|inkbug1|burgh|
|teamsize|p1|6
|teamsize|p2|6
|gametype|singles
|gen|8
|tier|[Gen 8] Megas for All
|clearpoke
|poke|p1|Corviknight, M|
|poke|p1|Blissey, F|
|poke|p1|Garchomp, F|
|poke|p1|Slowbro, F|
|poke|p1|Tapu Lele|
|poke|p1|Kartana|
|poke|p2|Chandelure, M|
|poke|p2|Scrafty, F|
|poke|p2|Drapion, F|
|poke|p2|Dugtrio-Alola, M|
|poke|p2|Araquanid, F|
|poke|p2|Eldegoss, M|
|rule|HP Percentage Mod: HP is shown in percentages
|rule|Endless Battle Clause: Forcing endless battles is banned
|rule|OHKO Clause: OHKO moves are banned
|rule|Evasion Moves Clause: Evasion moves are banned
|rule|Species Clause: Limit one of each Pokémon
|rule|Dynamax Clause: You cannot dynamax
|rule|Sleep Clause Mod: Limit one foe put to sleep
|rule|Freeze Clause Mod: Limit one foe frozen
|teampreview
|inactive|Battle timer is ON: inactive players will automatically lose when time's up. (requested by Coppersmith)
|inactive|Time left: 300 sec this turn | 300 sec total | 60 sec grace
|j| al ql
|
|t:|1610053595
|start
|switch|p1a: Kartana|Kartana|100\/100
|switch|p2a: Dustin|Dugtrio-Alola, M|211\/211
|turn|1
|inactive|Time left: 300 sec this turn | 300 sec total
|inactive|inkbug1 has 270 seconds left.
|
|t:|1610053627
|switch|p1a: Corviknight|Corviknight, M|100\/100
|switch|p2a: Scarlet|Drapion, F|281\/281
|
|upkeep
|turn|2
|inactive|Time left: 280 sec this turn | 280 sec total
|c|☆Coppersmith|~~give kart leaf blade~~
|
|t:|1610053639
|detailschange|p2a: Scarlet|Drapion-Mega, F
|-mega|p2a: Scarlet|Drapion|Drapionite
|-start|p2a: Scarlet|typechange|Poison\/Dark|[silent]
|raw|<ul class="utilichart"><li class="result"><span class="col pokemonnamecol" style="white-space: nowrap">Drapion-Mega<\/span> <span class="col typecol"><img src="https:\/\/play.pokemonshowdown.com\/sprites\/types\/Poison.png" alt="Poison" height="14" width="32"><img src="https:\/\/play.pokemonshowdown.com\/sprites\/types\/Dark.png" alt="Dark" height="14" width="32"><\/span> <span style="float: left ; min-height: 26px"><span class="col abilitycol">Steelbreaker<\/span><span class="col abilitycol"><\/span><\/span><span style="float: left ; min-height: 26px"><span class="col statcol"><em>HP<\/em><br>70<\/span> <span class="col statcol"><em>Atk<\/em><br>130<\/span> <span class="col statcol"><em>Def<\/em><br>150<\/span> <span class="col statcol"><em>SpA<\/em><br>60<\/span> <span class="col statcol"><em>SpD<\/em><br>105<\/span> <span class="col statcol"><em>Spe<\/em><br>85<\/span> <\/span><\/li><li style="clear: both"><\/li><\/ul>
|detailschange|p1a: Corviknight|Corviknight-Mega, M
|-mega|p1a: Corviknight|Corviknight|Corviknite
|-ability|p1a: Corviknight|Intimidate|boost
|-unboost|p2a: Scarlet|atk|1
|-start|p1a: Corviknight|typechange|Flying\/Steel|[silent]
|raw|<ul class="utilichart"><li class="result"><span class="col pokemonnamecol" style="white-space: nowrap">Corviknight-Mega<\/span> <span class="col typecol"><img src="https:\/\/play.pokemonshowdown.com\/sprites\/types\/Flying.png" alt="Flying" height="14" width="32"><img src="https:\/\/play.pokemonshowdown.com\/sprites\/types\/Steel.png" alt="Steel" height="14" width="32"><\/span> <span style="float: left ; min-height: 26px"><span class="col abilitycol">Intimidate<\/span><span class="col abilitycol"><\/span><\/span><span style="float: left ; min-height: 26px"><span class="col statcol"><em>HP<\/em><br>98<\/span> <span class="col statcol"><em>Atk<\/em><br>117<\/span> <span class="col statcol"><em>Def<\/em><br>120<\/span> <span class="col statcol"><em>SpA<\/em><br>78<\/span> <span class="col statcol"><em>SpD<\/em><br>105<\/span> <span class="col statcol"><em>Spe<\/em><br>77<\/span> <\/span><\/li><li style="clear: both"><\/li><\/ul>
|move|p2a: Scarlet|Night Slash|p1a: Corviknight
|-crit|p1a: Corviknight
|-damage|p1a: Corviknight|66\/100
|move|p1a: Corviknight|U-turn|p2a: Scarlet
|-damage|p2a: Scarlet|237\/281
|inactive|Time left: 280 sec this turn | 280 sec total
|c|☆inkbug1|wheeze that did nothing
|
|t:|1610053656
|switch|p1a: Garchomp|Garchomp, F|100\/100|[from]move: U-turn
|
|upkeep
|turn|3
|inactive|Time left: 290 sec this turn | 290 sec total
|
|t:|1610053664
|switch|p2a: Weaver|Araquanid, F|339\/339
|move|p1a: Garchomp|Stealth Rock|p2a: Weaver
|-sidestart|p2: inkbug1|move: Stealth Rock
|
|upkeep
|turn|4
|inactive|Time left: 295 sec this turn | 295 sec total
|
|t:|1610053674
|move|p1a: Garchomp|Swords Dance|p1a: Garchomp
|-boost|p1a: Garchomp|atk|2
|move|p2a: Weaver|Liquidation|p1a: Garchomp
|-damage|p1a: Garchomp|56\/100
|-unboost|p1a: Garchomp|def|1
|-damage|p2a: Weaver|297\/339|[from] ability: Rough Skin|[of] p1a: Garchomp
|
|upkeep
|turn|5
|inactive|Time left: 295 sec this turn | 295 sec total
|
|t:|1610053684
|-zpower|p1a: Garchomp
|move|p1a: Garchomp|Devastating Drake|p2a: Weaver|[zeffect]
|-damage|p2a: Weaver|0 fnt
|faint|p2a: Weaver
|
|upkeep
|inactive|Time left: 295 sec this turn | 295 sec total
|c|☆Coppersmith|unlimited power ;;;;
|
|t:|1610053701
|switch|p2a: Dustin|Dugtrio-Alola, M|211\/211
|-damage|p2a: Dustin|205\/211|[from] Stealth Rock
|turn|6
|inactive|Time left: 290 sec this turn | 290 sec total
|
|t:|1610053704
|move|p2a: Dustin|High Horsepower|p1a: Garchomp
|-damage|p1a: Garchomp|0 fnt
|-damage|p2a: Dustin|179\/211|[from] ability: Rough Skin|[of] p1a: Garchomp
|faint|p1a: Garchomp
|
|upkeep
|inactive|Time left: 295 sec this turn | 295 sec total
|
|t:|1610053711
|switch|p1a: Kartana|Kartana|100\/100
|turn|7
|inactive|Time left: 300 sec this turn | 300 sec total
|
|t:|1610053722
|move|p1a: Kartana|Knock Off|p2a: Dustin
|-damage|p2a: Dustin|0 fnt
|-ability|p2a: Dustin|Tangling Hair
|-unboost|p1a: Kartana|spe|1
|-enditem|p2a: Dustin|Iapapa Berry|[from] move: Knock Off|[of] p1a: Kartana
|faint|p2a: Dustin
|-ability|p1a: Kartana|Beast Boost|boost
|-boost|p1a: Kartana|atk|1
|
|upkeep
|inactive|Time left: 300 sec this turn | 300 sec total
|
|t:|1610053732
|switch|p2a: Scarlet|Drapion-Mega, F|237\/281
|-damage|p2a: Scarlet|202\/281|[from] Stealth Rock
|-start|p2a: Scarlet|typechange|Poison\/Dark|[silent]
|turn|8
|inactive|Time left: 300 sec this turn | 300 sec total
|c|☆Coppersmith|what does iapapa do again?
|c|☆inkbug1|heals
|
|t:|1610053743
|switch|p1a: Corviknight|Corviknight-Mega, M|66\/100
|-start|p1a: Corviknight|typechange|Flying\/Steel|[silent]
|-ability|p1a: Corviknight|Intimidate|boost
|-unboost|p2a: Scarlet|atk|1
|move|p2a: Scarlet|Night Slash|p1a: Corviknight
|-crit|p1a: Corviknight
|-damage|p1a: Corviknight|35\/100
|
|upkeep
|turn|9
|inactive|Time left: 300 sec this turn | 300 sec total
|
|t:|1610053771
|move|p2a: Scarlet|Night Slash|p1a: Corviknight
|-crit|p1a: Corviknight
|-damage|p1a: Corviknight|2\/100
|move|p1a: Corviknight|Roost|p1a: Corviknight
|-heal|p1a: Corviknight|52\/100
|-singleturn|p1a: Corviknight|move: Roost
|
|upkeep
|turn|10
|inactive|Time left: 285 sec this turn | 285 sec total
|inactive|inkbug1 has 270 seconds left.
|
|t:|1610053788
|switch|p2a: Grimm|Chandelure, M, shiny|261\/261
|-damage|p2a: Grimm|196\/261|[from] Stealth Rock
|move|p1a: Corviknight|Roost|p1a: Corviknight
|-heal|p1a: Corviknight|100\/100
|-singleturn|p1a: Corviknight|move: Roost
|
|upkeep
|turn|11
|inactive|Time left: 280 sec this turn | 280 sec total
|inactive|inkbug1 has 270 seconds left.
|
|t:|1610053798
|switch|p1a: Blissey|Blissey, F|100\/100
|move|p2a: Grimm|Fire Blast|p1a: Blissey
|-damage|p1a: Blissey|78\/100
|
|upkeep
|turn|12
|inactive|Time left: 280 sec this turn | 280 sec total
|
|t:|1610053806
|move|p2a: Grimm|Pain Split|p1a: Blissey
|-sethp|p1a: Blissey|53\/100|[from] move: Pain Split|[silent]
|-sethp|p2a: Grimm|261\/261|[from] move: Pain Split
|move|p1a: Blissey|Teleport|p1a: Blissey
|inactive|Time left: 280 sec this turn | 280 sec total
|
|t:|1610053812
|switch|p1a: Kartana|Kartana|100\/100|[from]move: Teleport
|
|upkeep
|turn|13
|inactive|Time left: 290 sec this turn | 290 sec total
|
|t:|1610053819
|switch|p2a: Scarlet|Drapion-Mega, F|202\/281
|-start|p2a: Scarlet|typechange|Poison\/Dark|[silent]
|-damage|p2a: Scarlet|167\/281|[from] Stealth Rock
|move|p1a: Kartana|Knock Off|p2a: Scarlet
|-resisted|p2a: Scarlet
|-damage|p2a: Scarlet|135\/281
|
|upkeep
|turn|14
|inactive|Time left: 295 sec this turn | 295 sec total
|c|☆Coppersmith|kartana is too nuts
|
|t:|1610053830
|switch|p1a: Corviknight|Corviknight-Mega, M|100\/100
|-start|p1a: Corviknight|typechange|Flying\/Steel|[silent]
|-ability|p1a: Corviknight|Intimidate|boost
|-unboost|p2a: Scarlet|atk|1
|move|p2a: Scarlet|Toxic|p1a: Corviknight
|-immune|p1a: Corviknight
|
|upkeep
|turn|15
|inactive|Time left: 295 sec this turn | 295 sec total
|c|☆Coppersmith|it pressures so hard every time
|c|☆inkbug1|what moves r even good here i have a joke set
|
|t:|1610053847
|move|p2a: Scarlet|Night Slash|p1a: Corviknight
|-crit|p1a: Corviknight
|-damage|p1a: Corviknight|68\/100
|move|p1a: Corviknight|U-turn|p2a: Scarlet
|-damage|p2a: Scarlet|86\/281
|inactive|Time left: 285 sec this turn | 285 sec total
|c|☆Coppersmith|wdym
|
|t:|1610053855
|switch|p1a: Kartana|Kartana|100\/100|[from]move: U-turn
|
|upkeep
|turn|16
|inactive|Time left: 295 sec this turn | 295 sec total
|c|☆inkbug1|i guess you prob want fire fang huh
|
|t:|1610053863
|move|p1a: Kartana|Sacred Sword|p2a: Scarlet
|-crit|p2a: Scarlet
|-damage|p2a: Scarlet|0 fnt
|faint|p2a: Scarlet
|-ability|p1a: Kartana|Beast Boost|boost
|-boost|p1a: Kartana|atk|1
|
|upkeep
|inactive|Time left: 295 sec this turn | 295 sec total
|c|☆Coppersmith|yeah
|c|☆Coppersmith|or equ
|c|☆Coppersmith|eq
|c|☆inkbug1|boooorrrring
|c|☆inkbug1|i have ground coverage 
|
|t:|1610053888
|switch|p2a: Grimm|Chandelure, M, shiny|261\/261
|-damage|p2a: Grimm|196\/261|[from] Stealth Rock
|turn|17
|inactive|Time left: 285 sec this turn | 285 sec total
|c|☆Coppersmith|do you have shore up
|
|t:|1610053895
|switch|p1a: Corviknight|Corviknight-Mega, M|68\/100
|-start|p1a: Corviknight|typechange|Flying\/Steel|[silent]
|-ability|p1a: Corviknight|Intimidate|boost
|-unboost|p2a: Grimm|atk|1
|move|p2a: Grimm|Fire Blast|p1a: Corviknight
|-supereffective|p1a: Corviknight
|-damage|p1a: Corviknight|0 fnt
|faint|p1a: Corviknight
|
|upkeep
|inactive|Time left: 290 sec this turn | 290 sec total
|c|☆inkbug1|no
|c|☆Coppersmith|tht was not intentional whoops
|
|t:|1610053913
|switch|p1a: Kartana|Kartana|100\/100
|turn|18
|inactive|Time left: 300 sec this turn | 300 sec total
|
|t:|1610053920
|move|p1a: Kartana|Knock Off|p2a: Grimm
|-supereffective|p2a: Grimm
|-damage|p2a: Grimm|0 fnt
|faint|p2a: Grimm
|-ability|p1a: Kartana|Beast Boost|boost
|-boost|p1a: Kartana|atk|1
|
|upkeep
|inactive|Time left: 300 sec this turn | 300 sec total
|
|t:|1610053926
|switch|p2a: Dara|Scrafty, F|334\/334
|-damage|p2a: Dara|314\/334|[from] Stealth Rock
|turn|19
|inactive|Time left: 300 sec this turn | 300 sec total
|
|t:|1610053941
|switch|p1a: Blissey|Blissey, F|53\/100
|move|p2a: Dara|Poison Jab|p1a: Blissey
|-damage|p1a: Blissey|33\/100
|
|upkeep
|turn|20
|inactive|Time left: 300 sec this turn | 300 sec total
|
|t:|1610053950
|move|p2a: Dara|Drain Punch|p1a: Blissey
|-supereffective|p1a: Blissey
|-damage|p1a: Blissey|0 fnt
|-heal|p2a: Dara|334\/334|[from] drain|[of] p1a: Blissey
|faint|p1a: Blissey
|-ability|p2a: Dara|Moxie|boost
|-boost|p2a: Dara|atk|1
|
|upkeep
|inactive|Time left: 300 sec this turn | 300 sec total
|
|t:|1610053958
|switch|p1a: Kartana|Kartana|100\/100
|turn|21
|inactive|Time left: 300 sec this turn | 300 sec total
|
|t:|1610053966
|move|p1a: Kartana|Sacred Sword|p2a: Dara
|-supereffective|p2a: Dara
|-damage|p2a: Dara|82\/334
|-zpower|p2a: Dara
|move|p2a: Dara|All-Out Pummeling|p1a: Kartana|[zeffect]
|-supereffective|p1a: Kartana
|-damage|p1a: Kartana|0 fnt
|faint|p1a: Kartana
|-ability|p2a: Dara|Moxie|boost
|-boost|p2a: Dara|atk|1
|
|upkeep
|inactive|Time left: 300 sec this turn | 300 sec total
|c|☆Coppersmith|oh no
|
|t:|1610053979
|switch|p1a: Tapu Lele|Tapu Lele|100\/100
|-fieldstart|move: Psychic Terrain|[from] ability: Psychic Surge|[of] p1a: Tapu Lele
|turn|22
|inactive|Time left: 300 sec this turn | 300 sec total
|
|t:|1610053986
|move|p1a: Tapu Lele|Moonblast|p2a: Dara
|-supereffective|p2a: Dara
|-damage|p2a: Dara|0 fnt
|faint|p2a: Dara
|
|upkeep
|inactive|Time left: 300 sec this turn | 300 sec total
|
|t:|1610053991
|switch|p2a: Candyfloss|Eldegoss, M|324\/324
|-damage|p2a: Candyfloss|284\/324|[from] Stealth Rock
|turn|23
|inactive|Time left: 300 sec this turn | 300 sec total
|c|☆Coppersmith|i have to rely on lele now
|
|t:|1610053998
|switch|p1a: Slowbro|Slowbro, F|100\/100
|move|p2a: Candyfloss|Leech Seed|p1a: Slowbro
|-start|p1a: Slowbro|move: Leech Seed
|
|-damage|p1a: Slowbro|88\/100|[from] Leech Seed|[of] p2a: Candyfloss
|-heal|p2a: Candyfloss|324\/324|[silent]
|upkeep
|turn|24
|inactive|Time left: 300 sec this turn | 300 sec total
|
|t:|1610054006
|move|p2a: Candyfloss|Giga Drain|p1a: Slowbro
|-supereffective|p1a: Slowbro
|-damage|p1a: Slowbro|45\/100
|move|p1a: Slowbro|Future Sight|p2a: Candyfloss
|-start|p1a: Slowbro|move: Future Sight
|
|-damage|p1a: Slowbro|32\/100|[from] Leech Seed|[of] p2a: Candyfloss
|upkeep
|turn|25
|inactive|Time left: 300 sec this turn | 300 sec total
|
|t:|1610054014
|move|p2a: Candyfloss|Giga Drain|p1a: Slowbro
|-supereffective|p1a: Slowbro
|-damage|p1a: Slowbro|0 fnt
|faint|p1a: Slowbro
|
|upkeep
|inactive|Time left: 300 sec this turn | 300 sec total
|
|t:|1610054018
|switch|p1a: Tapu Lele|Tapu Lele|100\/100
|turn|26
|inactive|Time left: 300 sec this turn | 300 sec total
|
|t:|1610054022
|move|p1a: Tapu Lele|Psyshock|p2a: Candyfloss
|-damage|p2a: Candyfloss|6\/324
|move|p2a: Candyfloss|Leech Seed|p1a: Tapu Lele
|-start|p1a: Tapu Lele|move: Leech Seed
|
|-end|p2a: Candyfloss|move: Future Sight
|-damage|p2a: Candyfloss|0 fnt
|faint|p2a: Candyfloss
|
|win|Coppersmith
|upkeep
|inactive|Time left: 300 sec this turn | 300 sec total
|c|☆Coppersmith|gg
|c|☆inkbug1|right psyshock,,
|c|☆Coppersmith|that was fun
|c|☆Coppersmith|one more for the road
|c|☆inkbug1|not rly ideal tbh
|l| al ql
|c|☆inkbug1|yea</script>
</div>
<div class="battle-log battle-log-inline"><div class="inner"><div class="battle-options"><div style="padding-top: 3px; padding-right: 3px; text-align: right"><button class="icon button" name="openBattleOptions" title="Options">Battle Options</button></div></div><div class="inner message-log"><div class="chat"><small>☆Coppersmith and ☆inkbug1 joined</small></div><div class=""><small>Format:</small> <br><strong>[Gen 8] Megas for All</strong></div><div class=""><small><em>HP Percentage Mod:</em> HP is shown in percentages</small></div><div class=""><small><em>Endless Battle Clause:</em> Forcing endless battles is banned</small></div><div class=""><small><em>OHKO Clause:</em> OHKO moves are banned</small></div><div class=""><small><em>Evasion Moves Clause:</em> Evasion moves are banned</small></div><div class=""><small><em>Species Clause:</em> Limit one of each Pokémon</small></div><div class=""><small><em>Dynamax Clause:</em> You cannot dynamax</small></div><div class=""><small><em>Sleep Clause Mod:</em> Limit one foe put to sleep</small></div><div class=""><small><em>Freeze Clause Mod:</em> Limit one foe frozen</small></div><div class="chat battle-history"><strong>Coppersmith's team:</strong> <em style="color:#445566;display:block;">Corviknight / Blissey / Garchomp / Slowbro / Tapu Lele / Kartana</em></div><div class="chat battle-history"><strong>inkbug1's team:</strong> <em style="color:#445566;display:block;">Chandelure / Scrafty / Drapion / Dugtrio-Alola / Araquanid / Eldegoss</em></div><div class="chat message-error">Battle timer is ON: inactive players will automatically lose when time's up. (requested by Coppersmith)</div><div class="chat"><small> al ql joined</small></div><div class="spacer battle-history"><br></div><div class="battle-history">Battle started between Coppersmith and inkbug1!<br></div><div class="spacer battle-history"><br></div><div class="battle-history">Coppersmith sent out <strong>Kartana</strong>!<br></div><div class="spacer battle-history"><br></div><div class="battle-history">Go! Dustin (<strong>Dugtrio-Alola</strong>)!<br></div><div class="spacer battle-history"><br></div><h2 class="battle-history">Turn 1</h2><div class="chat message-error">inkbug1 has 270 seconds left.</div><div class="spacer battle-history"><br></div><div class="battle-history">Coppersmith withdrew Kartana!<br></div><div class="battle-history">Coppersmith sent out <strong>Corviknight</strong>!<br></div><div class="spacer battle-history"><br></div><div class="battle-history">Dustin, come back!<br></div><div class="battle-history">Go! Scarlet (<strong>Drapion</strong>)!<br></div><div class="spacer battle-history"><br></div><h2 class="battle-history">Turn 2</h2><div class="chat chatmessage-coppersmith"><strong style="color:#0aa445"><small>☆</small><span class="username" data-name="Coppersmith">Coppersmith</span>:</strong> <em><s>give kart leaf blade</s></em></div><div class="spacer battle-history"><br></div><div class="battle-history"><small>Scarlet's Drapionite is reacting to the Key Stone!</small><br>Scarlet has Mega Evolved into Mega Drapion!<br></div><div class="chat"><ul class="utilichart"><li class="result"><span class="col pokemonnamecol" style="white-space: nowrap">Drapion-Mega</span> <span class="col typecol"><img src="https://play.pokemonshowdown.com/sprites/types/Poison.png" alt="Poison" height="14" width="32"><img src="https://play.pokemonshowdown.com/sprites/types/Dark.png" alt="Dark" height="14" width="32"></span> <span style="float: left ; min-height: 26px"><span class="col abilitycol">Steelbreaker</span><span class="col abilitycol"></span></span><span style="float: left ; min-height: 26px"><span class="col statcol"><em>HP</em><br>70</span> <span class="col statcol"><em>Atk</em><br>130</span> <span class="col statcol"><em>Def</em><br>150</span> <span class="col statcol"><em>SpA</em><br>60</span> <span class="col statcol"><em>SpD</em><br>105</span> <span class="col statcol"><em>Spe</em><br>85</span> </span></li><li style="clear: both"></li></ul></div><div class="spacer battle-history"><br></div><div class="battle-history"><small>The opposing Corviknight's Corviknite is reacting to the Key Stone!</small><br>The opposing Corviknight has Mega Evolved into Mega Corviknight!<br></div><div class="battle-history">[The opposing Corviknight's Intimidate]<br></div><div class="battle-history"><small>Scarlet's Attack fell!</small><br></div><div class="chat"><ul class="utilichart"><li class="result"><span class="col pokemonnamecol" style="white-space: nowrap">Corviknight-Mega</span> <span class="col typecol"><img src="https://play.pokemonshowdown.com/sprites/types/Flying.png" alt="Flying" height="14" width="32"><img src="https://play.pokemonshowdown.com/sprites/types/Steel.png" alt="Steel" height="14" width="32"></span> <span style="float: left ; min-height: 26px"><span class="col abilitycol">Intimidate</span><span class="col abilitycol"></span></span><span style="float: left ; min-height: 26px"><span class="col statcol"><em>HP</em><br>98</span> <span class="col statcol"><em>Atk</em><br>117</span> <span class="col statcol"><em>Def</em><br>120</span> <span class="col statcol"><em>SpA</em><br>78</span> <span class="col statcol"><em>SpD</em><br>105</span> <span class="col statcol"><em>Spe</em><br>77</span> </span></li><li style="clear: both"></li></ul></div><div class="spacer battle-history"><br></div><div class="battle-history">Scarlet used <strong>Night Slash</strong>!<br></div><div class="battle-history"><small>A critical hit!</small><br></div><div class="battle-history"><small>(The opposing Corviknight lost 34% of its health!)</small><br></div><div class="spacer battle-history"><br></div><div class="battle-history">The opposing Corviknight used <strong>U-turn</strong>!<br></div><div class="battle-history"><small>(Scarlet lost <abbr title="−44/281">15.7%</abbr> of its health!)</small><br></div><div class="chat chatmessage-inkbug1 mine"><strong style="color:#e46e0f"><small>☆</small><span class="username" data-name="inkbug1">inkbug1</span>:</strong> <em>wheeze that did nothing</em></div><div class="spacer battle-history"><br></div><div class="battle-history">The opposing Corviknight went back to Coppersmith!<br></div><div class="battle-history">Coppersmith sent out <strong>Garchomp</strong>!<br></div><div class="spacer battle-history"><br></div><h2 class="battle-history">Turn 3</h2><div class="spacer battle-history"><br></div><div class="battle-history">Scarlet, come back!<br></div><div class="battle-history">Go! Weaver (<strong>Araquanid</strong>)!<br></div><div class="spacer battle-history"><br></div><div class="battle-history">The opposing Garchomp used <strong>Stealth Rock</strong>!<br></div><div class="battle-history"><small>Pointed stones float in the air around your team!</small><br></div><div class="spacer battle-history"><br></div><h2 class="battle-history">Turn 4</h2><div class="spacer battle-history"><br></div><div class="battle-history">The opposing Garchomp used <strong>Swords Dance</strong>!<br></div><div class="battle-history"><small>The opposing Garchomp's Attack rose sharply!</small><br></div><div class="spacer battle-history"><br></div><div class="battle-history">Weaver used <strong>Liquidation</strong>!<br></div><div class="battle-history"><small>(The opposing Garchomp lost 44% of its health!)</small><br></div><div class="battle-history"><small>The opposing Garchomp's Defense fell!</small><br></div><div class="battle-history">[The opposing Garchomp's Rough Skin]<br><small>Weaver was hurt!</small><br></div><div class="spacer battle-history"><br></div><h2 class="battle-history">Turn 5</h2><div class="spacer battle-history"><br></div><div class="battle-history"><small>The opposing Garchomp surrounded itself with its Z-Power!</small><br></div><div class="spacer battle-history"><br></div><div class="battle-history"><small>The opposing Garchomp unleashes its full-force Z-Move!</small><br>The opposing Garchomp used <strong>Devastating Drake</strong>!<br></div><div class="battle-history"><small>(Weaver lost <abbr title="−297/339">87.6%</abbr> of its health!)</small><br></div><div class="spacer battle-history"><br></div><div class="battle-history">Weaver fainted!<br></div><div class="chat chatmessage-coppersmith"><strong style="color:#0aa445"><small>☆</small><span class="username" data-name="Coppersmith">Coppersmith</span>:</strong> <em>unlimited power ;;;;</em></div><div class="spacer battle-history"><br></div><div class="battle-history">Go! Dustin (<strong>Dugtrio-Alola</strong>)!<br></div><div class="battle-history"><small>Pointed stones dug into Dustin!</small><br></div><div class="spacer battle-history"><br></div><h2 class="battle-history">Turn 6</h2><div class="spacer battle-history"><br></div><div class="battle-history">Dustin used <strong>High Horsepower</strong>!<br></div><div class="battle-history"><small>(The opposing Garchomp lost 56% of its health!)</small><br></div><div class="battle-history">[The opposing Garchomp's Rough Skin]<br><small>Dustin was hurt!</small><br></div><div class="spacer battle-history"><br></div><div class="battle-history">The opposing Garchomp fainted!<br></div><div class="spacer battle-history"><br></div><div class="battle-history">Coppersmith sent out <strong>Kartana</strong>!<br></div><div class="spacer battle-history"><br></div><h2 class="battle-history">Turn 7</h2><div class="spacer battle-history"><br></div><div class="battle-history">The opposing Kartana used <strong>Knock Off</strong>!<br></div><div class="battle-history"><small>(Dustin lost <abbr title="−179/211">84.8%</abbr> of its health!)</small><br></div><div class="battle-history">[Dustin's Tangling Hair]<br></div><div class="battle-history"><small>The opposing Kartana's Speed fell!</small><br></div><div class="battle-history"><small>The opposing Kartana knocked off Dustin's Iapapa Berry!</small><br></div><div class="spacer battle-history"><br></div><div class="battle-history">Dustin fainted!<br></div><div class="battle-history">[The opposing Kartana's Beast Boost]<br></div><div class="battle-history"><small>The opposing Kartana's Attack rose!</small><br></div><div class="spacer battle-history"><br></div><div class="battle-history">Go! Scarlet (<strong>Drapion-Mega</strong>)!<br></div><div class="battle-history"><small>Pointed stones dug into Scarlet!</small><br></div><div class="spacer battle-history"><br></div><h2 class="battle-history">Turn 8</h2><div class="chat chatmessage-coppersmith"><strong style="color:#0aa445"><small>☆</small><span class="username" data-name="Coppersmith">Coppersmith</span>:</strong> <em>what does iapapa do again?</em></div><div class="chat chatmessage-inkbug1 mine"><strong style="color:#e46e0f"><small>☆</small><span class="username" data-name="inkbug1">inkbug1</span>:</strong> <em>heals</em></div><div class="spacer battle-history"><br></div><div class="battle-history">Coppersmith withdrew Kartana!<br></div><div class="battle-history">Coppersmith sent out Corviknight (<strong>Corviknight-Mega</strong>)!<br></div><div class="battle-history">[The opposing Corviknight's Intimidate]<br></div><div class="battle-history"><small>Scarlet's Attack fell!</small><br></div><div class="spacer battle-history"><br></div><div class="battle-history">Scarlet used <strong>Night Slash</strong>!<br></div><div class="battle-history"><small>A critical hit!</small><br></div><div class="battle-history"><small>(The opposing Corviknight lost 31% of its health!)</small><br></div><div class="spacer battle-history"><br></div><h2 class="battle-history">Turn 9</h2><div class="spacer battle-history"><br></div><div class="battle-history">Scarlet used <strong>Night Slash</strong>!<br></div><div class="battle-history"><small>A critical hit!</small><br></div><div class="battle-history"><small>(The opposing Corviknight lost 33% of its health!)</small><br></div><div class="spacer battle-history"><br></div><div class="battle-history">The opposing Corviknight used <strong>Roost</strong>!<br></div><div class="battle-history"><small>The opposing Corviknight had its HP restored.</small><br></div><div class="battle-history"><small>(The opposing Corviknight loses Flying type this turn.)</small><br></div><div class="spacer battle-history"><br></div><h2 class="battle-history">Turn 10</h2><div class="chat message-error">inkbug1 has 270 seconds left.</div><div class="spacer battle-history"><br></div><div class="battle-history">Scarlet, come back!<br></div><div class="battle-history">Go! Grimm (<strong>Chandelure</strong>)!<br></div><div class="battle-history"><small>Pointed stones dug into Grimm!</small><br></div><div class="spacer battle-history"><br></div><div class="battle-history">The opposing Corviknight used <strong>Roost</strong>!<br></div><div class="battle-history"><small>The opposing Corviknight had its HP restored.</small><br></div><div class="battle-history"><small>(The opposing Corviknight loses Flying type this turn.)</small><br></div><div class="spacer battle-history"><br></div><h2 class="battle-history">Turn 11</h2><div class="chat message-error">inkbug1 has 270 seconds left.</div><div class="spacer battle-history"><br></div><div class="battle-history">Coppersmith withdrew Corviknight!<br></div><div class="battle-history">Coppersmith sent out <strong>Blissey</strong>!<br></div><div class="spacer battle-history"><br></div><div class="battle-history">Grimm used <strong>Fire Blast</strong>!<br></div><div class="battle-history"><small>(The opposing Blissey lost 22% of its health!)</small><br></div><div class="spacer battle-history"><br></div><h2 class="battle-history">Turn 12</h2><div class="spacer battle-history"><br></div><div class="battle-history">Grimm used <strong>Pain Split</strong>!<br></div><div class="battle-history"><small>The battlers shared their pain!</small><br></div><div class="spacer battle-history"><br></div><div class="battle-history">The opposing Blissey used <strong>Teleport</strong>!<br></div><div class="spacer battle-history"><br></div><div class="battle-history">Coppersmith withdrew Blissey!<br></div><div class="battle-history">Coppersmith sent out <strong>Kartana</strong>!<br></div><div class="spacer battle-history"><br></div><h2 class="battle-history">Turn 13</h2><div class="spacer battle-history"><br></div><div class="battle-history">Grimm, come back!<br></div><div class="battle-history">Go! Scarlet (<strong>Drapion-Mega</strong>)!<br></div><div class="battle-history"><small>Pointed stones dug into Scarlet!</small><br></div><div class="spacer battle-history"><br></div><div class="battle-history">The opposing Kartana used <strong>Knock Off</strong>!<br></div><div class="battle-history"><small>It's not very effective...</small><br></div><div class="battle-history"><small>(Scarlet lost <abbr title="−32/281">11.4%</abbr> of its health!)</small><br></div><div class="spacer battle-history"><br></div><h2 class="battle-history">Turn 14</h2><div class="chat chatmessage-coppersmith"><strong style="color:#0aa445"><small>☆</small><span class="username" data-name="Coppersmith">Coppersmith</span>:</strong> <em>kartana is too nuts</em></div><div class="spacer battle-history"><br></div><div class="battle-history">Coppersmith withdrew Kartana!<br></div><div class="battle-history">Coppersmith sent out Corviknight (<strong>Corviknight-Mega</strong>)!<br></div><div class="battle-history">[The opposing Corviknight's Intimidate]<br></div><div class="battle-history"><small>Scarlet's Attack fell!</small><br></div><div class="spacer battle-history"><br></div><div class="battle-history">Scarlet used <strong>Toxic</strong>!<br></div><div class="battle-history"><small>It doesn't affect the opposing Corviknight...</small><br></div><div class="spacer battle-history"><br></div><h2 class="battle-history">Turn 15</h2><div class="chat chatmessage-coppersmith"><strong style="color:#0aa445"><small>☆</small><span class="username" data-name="Coppersmith">Coppersmith</span>:</strong> <em>it pressures so hard every time</em></div><div class="chat chatmessage-inkbug1 mine"><strong style="color:#e46e0f"><small>☆</small><span class="username" data-name="inkbug1">inkbug1</span>:</strong> <em>what moves r even good here i have a joke set</em></div><div class="spacer battle-history"><br></div><div class="battle-history">Scarlet used <strong>Night Slash</strong>!<br></div><div class="battle-history"><small>A critical hit!</small><br></div><div class="battle-history"><small>(The opposing Corviknight lost 32% of its health!)</small><br></div><div class="spacer battle-history"><br></div><div class="battle-history">The opposing Corviknight used <strong>U-turn</strong>!<br></div><div class="battle-history"><small>(Scarlet lost <abbr title="−49/281">17.4%</abbr> of its health!)</small><br></div><div class="chat chatmessage-coppersmith"><strong style="color:#0aa445"><small>☆</small><span class="username" data-name="Coppersmith">Coppersmith</span>:</strong> <em>wdym</em></div><div class="spacer battle-history"><br></div><div class="battle-history">The opposing Corviknight went back to Coppersmith!<br></div><div class="battle-history">Coppersmith sent out <strong>Kartana</strong>!<br></div><div class="spacer battle-history"><br></div><h2 class="battle-history">Turn 16</h2><div class="chat chatmessage-inkbug1 mine"><strong style="color:#e46e0f"><small>☆</small><span class="username" data-name="inkbug1">inkbug1</span>:</strong> <em>i guess you prob want fire fang huh</em></div><div class="spacer battle-history"><br></div><div class="battle-history">The opposing Kartana used <strong>Sacred Sword</strong>!<br></div><div class="battle-history"><small>A critical hit!</small><br></div><div class="battle-history"><small>(Scarlet lost <abbr title="−86/281">30.6%</abbr> of its health!)</small><br></div><div class="spacer battle-history"><br></div><div class="battle-history">Scarlet fainted!<br></div><div class="battle-history">[The opposing Kartana's Beast Boost]<br></div><div class="battle-history"><small>The opposing Kartana's Attack rose!</small><br></div><div class="chat chatmessage-coppersmith"><strong style="color:#0aa445"><small>☆</small><span class="username" data-name="Coppersmith">Coppersmith</span>:</strong> <em>yeah</em></div><div class="chat chatmessage-coppersmith"><strong style="color:#0aa445"><small>☆</small><span class="username" data-name="Coppersmith">Coppersmith</span>:</strong> <em>or equ</em></div><div class="chat chatmessage-coppersmith"><strong style="color:#0aa445"><small>☆</small><span class="username" data-name="Coppersmith">Coppersmith</span>:</strong> <em>eq</em></div><div class="chat chatmessage-inkbug1 mine"><strong style="color:#e46e0f"><small>☆</small><span class="username" data-name="inkbug1">inkbug1</span>:</strong> <em>boooorrrring</em></div><div class="chat chatmessage-inkbug1 mine"><strong style="color:#e46e0f"><small>☆</small><span class="username" data-name="inkbug1">inkbug1</span>:</strong> <em>i have ground coverage </em></div><div class="spacer battle-history"><br></div><div class="battle-history">Go! Grimm (<strong>Chandelure</strong>)!<br></div><div class="battle-history"><small>Pointed stones dug into Grimm!</small><br></div><div class="spacer battle-history"><br></div><h2 class="battle-history">Turn 17</h2><div class="chat chatmessage-coppersmith"><strong style="color:#0aa445"><small>☆</small><span class="username" data-name="Coppersmith">Coppersmith</span>:</strong> <em>do you have shore up</em></div><div class="spacer battle-history"><br></div><div class="battle-history">Coppersmith withdrew Kartana!<br></div><div class="battle-history">Coppersmith sent out Corviknight (<strong>Corviknight-Mega</strong>)!<br></div><div class="battle-history">[The opposing Corviknight's Intimidate]<br></div><div class="battle-history"><small>Grimm's Attack fell!</small><br></div><div class="spacer battle-history"><br></div><div class="battle-history">Grimm used <strong>Fire Blast</strong>!<br></div><div class="battle-history"><small>It's super effective!</small><br></div><div class="battle-history"><small>(The opposing Corviknight lost 68% of its health!)</small><br></div><div class="spacer battle-history"><br></div><div class="battle-history">The opposing Corviknight fainted!<br></div><div class="chat chatmessage-inkbug1 mine"><strong style="color:#e46e0f"><small>☆</small><span class="username" data-name="inkbug1">inkbug1</span>:</strong> <em>no</em></div><div class="chat chatmessage-coppersmith"><strong style="color:#0aa445"><small>☆</small><span class="username" data-name="Coppersmith">Coppersmith</span>:</strong> <em>tht was not intentional whoops</em></div><div class="spacer battle-history"><br></div><div class="battle-history">Coppersmith sent out <strong>Kartana</strong>!<br></div><div class="spacer battle-history"><br></div><h2 class="battle-history">Turn 18</h2><div class="spacer battle-history"><br></div><div class="battle-history">The opposing Kartana used <strong>Knock Off</strong>!<br></div><div class="battle-history"><small>It's super effective!</small><br></div><div class="battle-history"><small>(Grimm lost <abbr title="−196/261">75.1%</abbr> of its health!)</small><br></div><div class="spacer battle-history"><br></div><div class="battle-history">Grimm fainted!<br></div><div class="battle-history">[The opposing Kartana's Beast Boost]<br></div><div class="battle-history"><small>The opposing Kartana's Attack rose!</small><br></div><div class="spacer battle-history"><br></div><div class="battle-history">Go! Dara (<strong>Scrafty</strong>)!<br></div><div class="battle-history"><small>Pointed stones dug into Dara!</small><br></div><div class="spacer battle-history"><br></div><h2 class="battle-history">Turn 19</h2><div class="spacer battle-history"><br></div><div class="battle-history">Coppersmith withdrew Kartana!<br></div><div class="battle-history">Coppersmith sent out <strong>Blissey</strong>!<br></div><div class="spacer battle-history"><br></div><div class="battle-history">Dara used <strong>Poison Jab</strong>!<br></div><div class="battle-history"><small>(The opposing Blissey lost 20% of its health!)</small><br></div><div class="spacer battle-history"><br></div><h2 class="battle-history">Turn 20</h2><div class="spacer battle-history"><br></div><div class="battle-history">Dara used <strong>Drain Punch</strong>!<br></div><div class="battle-history"><small>It's super effective!</small><br></div><div class="battle-history"><small>(The opposing Blissey lost 33% of its health!)</small><br></div><div class="battle-history"><small>The opposing Blissey had its energy drained!</small><br></div><div class="spacer battle-history"><br></div><div class="battle-history">The opposing Blissey fainted!<br></div><div class="battle-history">[Dara's Moxie]<br></div><div class="battle-history"><small>Dara's Attack rose!</small><br></div><div class="spacer battle-history"><br></div><div class="battle-history">Coppersmith sent out <strong>Kartana</strong>!<br></div><div class="spacer battle-history"><br></div><h2 class="battle-history">Turn 21</h2><div class="spacer battle-history"><br></div><div class="battle-history">The opposing Kartana used <strong>Sacred Sword</strong>!<br></div><div class="battle-history"><small>It's super effective!</small><br></div><div class="battle-history"><small>(Dara lost <abbr title="−252/334">75.4%</abbr> of its health!)</small><br></div><div class="battle-history"><small>Dara surrounded itself with its Z-Power!</small><br></div><div class="spacer battle-history"><br></div><div class="battle-history"><small>Dara unleashes its full-force Z-Move!</small><br>Dara used <strong>All-Out Pummeling</strong>!<br></div><div class="battle-history"><small>It's super effective!</small><br></div><div class="battle-history"><small>(The opposing Kartana lost 100% of its health!)</small><br></div><div class="spacer battle-history"><br></div><div class="battle-history">The opposing Kartana fainted!<br></div><div class="battle-history">[Dara's Moxie]<br></div><div class="battle-history"><small>Dara's Attack rose!</small><br></div><div class="chat chatmessage-coppersmith"><strong style="color:#0aa445"><small>☆</small><span class="username" data-name="Coppersmith">Coppersmith</span>:</strong> <em>oh no</em></div><div class="spacer battle-history"><br></div><div class="battle-history">Coppersmith sent out <strong>Tapu Lele</strong>!<br></div><div class="battle-history">[The opposing Tapu Lele's Psychic Surge]<br><small>The battlefield got weird!</small><br></div><div class="spacer battle-history"><br></div><h2 class="battle-history">Turn 22</h2><div class="spacer battle-history"><br></div><div class="battle-history">The opposing Tapu Lele used <strong>Moonblast</strong>!<br></div><div class="battle-history"><small>It's super effective!</small><br></div><div class="battle-history"><small>(Dara lost <abbr title="−82/334">24.6%</abbr> of its health!)</small><br></div><div class="spacer battle-history"><br></div><div class="battle-history">Dara fainted!<br></div><div class="spacer battle-history"><br></div><div class="battle-history">Go! Candyfloss (<strong>Eldegoss</strong>)!<br></div><div class="battle-history"><small>Pointed stones dug into Candyfloss!</small><br></div><div class="spacer battle-history"><br></div><h2 class="battle-history">Turn 23</h2><div class="chat chatmessage-coppersmith"><strong style="color:#0aa445"><small>☆</small><span class="username" data-name="Coppersmith">Coppersmith</span>:</strong> <em>i have to rely on lele now</em></div><div class="spacer battle-history"><br></div><div class="battle-history">Coppersmith withdrew Tapu Lele!<br></div><div class="battle-history">Coppersmith sent out <strong>Slowbro</strong>!<br></div><div class="spacer battle-history"><br></div><div class="battle-history">Candyfloss used <strong>Leech Seed</strong>!<br></div><div class="battle-history"><small>The opposing Slowbro was seeded!</small><br></div><div class="spacer battle-history"><br></div><div class="battle-history"><small>The opposing Slowbro's health is sapped by Leech Seed!</small><br></div><div class="spacer battle-history"><br></div><h2 class="battle-history">Turn 24</h2><div class="spacer battle-history"><br></div><div class="battle-history">Candyfloss used <strong>Giga Drain</strong>!<br></div><div class="battle-history"><small>It's super effective!</small><br></div><div class="battle-history"><small>(The opposing Slowbro lost 43% of its health!)</small><br></div><div class="spacer battle-history"><br></div><div class="battle-history">The opposing Slowbro used <strong>Future Sight</strong>!<br></div><div class="battle-history"><small>The opposing Slowbro foresaw an attack!</small><br></div><div class="spacer battle-history"><br></div><div class="battle-history"><small>The opposing Slowbro's health is sapped by Leech Seed!</small><br></div><div class="spacer battle-history"><br></div><h2 class="battle-history">Turn 25</h2><div class="spacer battle-history"><br></div><div class="battle-history">Candyfloss used <strong>Giga Drain</strong>!<br></div><div class="battle-history"><small>It's super effective!</small><br></div><div class="battle-history"><small>(The opposing Slowbro lost 32% of its health!)</small><br></div><div class="spacer battle-history"><br></div><div class="battle-history">The opposing Slowbro fainted!<br></div><div class="spacer battle-history"><br></div><div class="battle-history">Coppersmith sent out <strong>Tapu Lele</strong>!<br></div><div class="spacer battle-history"><br></div><h2 class="battle-history">Turn 26</h2><div class="spacer battle-history"><br></div><div class="battle-history">The opposing Tapu Lele used <strong>Psyshock</strong>!<br></div><div class="battle-history"><small>(Candyfloss lost <abbr title="−318/324">98.1%</abbr> of its health!)</small><br></div><div class="spacer battle-history"><br></div><div class="battle-history">Candyfloss used <strong>Leech Seed</strong>!<br></div><div class="battle-history"><small>The opposing Tapu Lele was seeded!</small><br></div><div class="spacer battle-history"><br></div><div class="battle-history"><small>Candyfloss took the Future Sight attack!</small><br></div><div class="battle-history"><small>(Candyfloss lost <abbr title="−6/324">1.9%</abbr> of its health!)</small><br></div><div class="spacer battle-history"><br></div><div class="battle-history">Candyfloss fainted!<br></div><div class="spacer battle-history"><br></div><div class="battle-history"><strong>Coppersmith</strong> won the battle!<br></div><div class="chat chatmessage-coppersmith"><strong style="color:#0aa445"><small>☆</small><span class="username" data-name="Coppersmith">Coppersmith</span>:</strong> <em>gg</em></div><div class="chat chatmessage-inkbug1 mine"><strong style="color:#e46e0f"><small>☆</small><span class="username" data-name="inkbug1">inkbug1</span>:</strong> <em>right psyshock,,</em></div><div class="chat chatmessage-coppersmith"><strong style="color:#0aa445"><small>☆</small><span class="username" data-name="Coppersmith">Coppersmith</span>:</strong> <em>that was fun</em></div><div class="chat chatmessage-coppersmith"><strong style="color:#0aa445"><small>☆</small><span class="username" data-name="Coppersmith">Coppersmith</span>:</strong> <em>one more for the road</em></div><div class="chat chatmessage-inkbug1 mine"><strong style="color:#e46e0f"><small>☆</small><span class="username" data-name="inkbug1">inkbug1</span>:</strong> <em>not rly ideal tbh</em></div><div class="chat"><small> al ql left</small></div><div class="chat chatmessage-inkbug1 mine"><strong style="color:#e46e0f"><small>☆</small><span class="username" data-name="inkbug1">inkbug1</span>:</strong> <em>yea</em></div></div><div class="inner-preempt message-log"></div></div></div>
</div>
<script>
let daily = Math.floor(Date.now()/1000/60/60/24);document.write('<script src="https://dragonheaven.herokuapp.com/js/replay-embed.js?version'+daily+'"></'+'script>');
</script>
