<!DOCTYPE html>
<meta charset="utf-8" />
<!-- version 1 -->
<title>[Gen 8] M4A Monotype replay: BlaueBrause vs. okispokisSUB</title>
<style>
html,body {font-family:Verdana, sans-serif;font-size:10pt;margin:0;padding:0;}body{padding:12px 0;} .battle-log {font-family:Verdana, sans-serif;font-size:10pt;} .battle-log-inline {border:1px solid #AAAAAA;background:#EEF2F5;color:black;max-width:640px;margin:0 auto 80px;padding-bottom:5px;} .battle-log .inner {padding:4px 8px 0px 8px;} .battle-log .inner-preempt {padding:0 8px 4px 8px;} .battle-log .inner-after {margin-top:0.5em;} .battle-log h2 {margin:0.5em -8px;padding:4px 8px;border:1px solid #AAAAAA;background:#E0E7EA;border-left:0;border-right:0;font-family:Verdana, sans-serif;font-size:13pt;} .battle-log .chat {vertical-align:middle;padding:3px 0 3px 0;font-size:8pt;} .battle-log .chat strong {color:#40576A;} .battle-log .chat em {padding:1px 4px 1px 3px;color:#000000;font-style:normal;} .chat.mine {background:rgba(0,0,0,0.05);margin-left:-8px;margin-right:-8px;padding-left:8px;padding-right:8px;} .spoiler {color:#BBBBBB;background:#BBBBBB;padding:0px 3px;} .spoiler:hover, .spoiler:active, .spoiler-shown {color:#000000;background:#E2E2E2;padding:0px 3px;} .spoiler a {color:#BBBBBB;} .spoiler:hover a, .spoiler:active a, .spoiler-shown a {color:#2288CC;} .chat code, .chat .spoiler:hover code, .chat .spoiler:active code, .chat .spoiler-shown code {border:1px solid #C0C0C0;background:#EEEEEE;color:black;padding:0 2px;} .chat .spoiler code {border:1px solid #CCCCCC;background:#CCCCCC;color:#CCCCCC;} .battle-log .rated {padding:3px 4px;} .battle-log .rated strong {color:white;background:#89A;padding:1px 4px;border-radius:4px;} .spacer {margin-top:0.5em;} .message-announce {background:#6688AA;color:white;padding:1px 4px 2px;} .message-announce a, .broadcast-green a, .broadcast-blue a, .broadcast-red a {color:#DDEEFF;} .broadcast-green {background-color:#559955;color:white;padding:2px 4px;} .broadcast-blue {background-color:#6688AA;color:white;padding:2px 4px;} .infobox {border:1px solid #6688AA;padding:2px 4px;} .infobox-limited {max-height:200px;overflow:auto;overflow-x:hidden;} .broadcast-red {background-color:#AA5544;color:white;padding:2px 4px;} .message-learn-canlearn {font-weight:bold;color:#228822;text-decoration:underline;} .message-learn-cannotlearn {font-weight:bold;color:#CC2222;text-decoration:underline;} .message-effect-weak {font-weight:bold;color:#CC2222;} .message-effect-resist {font-weight:bold;color:#6688AA;} .message-effect-immune {font-weight:bold;color:#666666;} .message-learn-list {margin-top:0;margin-bottom:0;} .message-throttle-notice, .message-error {color:#992222;} .message-overflow, .chat small.message-overflow {font-size:0pt;} .message-overflow::before {font-size:9pt;content:'...';} .subtle {color:#3A4A66;}
</style>
<div class="wrapper replay-wrapper" style="max-width:1180px;margin:0 auto">
<input type="hidden" name="replayid" value="dragonheaven-gen8m4amonotype-909" />
<div class="battle"></div><div class="battle-log"></div><div class="replay-controls"></div><div class="replay-controls-2"></div>
<h1 style="font-weight:normal;text-align:center"><strong>[Gen 8] M4A Monotype</strong><br /><a href="http://pokemonshowdown.com/users/blauebrause" class="subtle" target="_blank">BlaueBrause</a> vs. <a href="http://pokemonshowdown.com/users/okispokissub" class="subtle" target="_blank">okispokisSUB</a></h1>
<script type="text/plain" class="battle-log-data">|j|☆BlaueBrause

|j|☆okispokisSUB
|t:|1609280635
|player|p1|BlaueBrause|psychic|
|player|p2|okispokisSUB|2|
|teamsize|p1|6
|teamsize|p2|6
|gametype|singles
|gen|8
|tier|[Gen 8] M4A Monotype
|rule|Same Type Clause: Pokémon in a team must share a type
|clearpoke
|poke|p1|Walrein, F|
|poke|p1|Seismitoad, F|
|poke|p1|Greninja, M|
|poke|p1|Toxapex, F|
|poke|p1|Kingdra, F|
|poke|p1|Urshifu-*, M|
|poke|p2|Pelipper, M|
|poke|p2|Barraskewda, F|
|poke|p2|Kingdra, M|
|poke|p2|Toxapex, M|
|poke|p2|Seismitoad, F|
|poke|p2|Walrein, M|
|rule|HP Percentage Mod: HP is shown in percentages
|rule|Endless Battle Clause: Forcing endless battles is banned
|rule|OHKO Clause: OHKO moves are banned
|rule|Evasion Moves Clause: Evasion moves are banned
|rule|Species Clause: Limit one of each Pokémon
|rule|Dynamax Clause: You cannot dynamax
|rule|Sleep Clause Mod: Limit one foe put to sleep
|rule|Freeze Clause Mod: Limit one foe frozen
|teampreview
|c|☆okispokisSUB|huh
|c|☆BlaueBrause|seems like we hadthe same idea
|c|☆BlaueBrause|glhf!
|c|☆okispokisSUB|same
|
|t:|1609280674
|start
|switch|p1a: Walrein|Walrein, F|391\/391
|switch|p2a: Tusky Boi|Walrein, M|100\/100
|turn|1
|
|t:|1609280683
|detailschange|p1a: Walrein|Walrein-Mega, F
|-mega|p1a: Walrein|Walrein|Walreinite
|-weather|RainDance|[from] ability: Drizzle|[of] p1a: Walrein
|-start|p1a: Walrein|typechange|Ice\/Water|[silent]
|raw|<ul class="utilichart"><li class="result"><span class="col pokemonnamecol" style="white-space: nowrap">Walrein-Mega<\/span> <span class="col typecol"><img src="https:\/\/play.pokemonshowdown.com\/sprites\/types\/Ice.png" alt="Ice" height="14" width="32"><img src="https:\/\/play.pokemonshowdown.com\/sprites\/types\/Water.png" alt="Water" height="14" width="32"><\/span> <span style="float: left ; min-height: 26px"><span class="col abilitycol">Drizzle<\/span><span class="col abilitycol"><\/span><\/span><span style="float: left ; min-height: 26px"><span class="col statcol"><em>HP<\/em><br>110<\/span> <span class="col statcol"><em>Atk<\/em><br>110<\/span> <span class="col statcol"><em>Def<\/em><br>90<\/span> <span class="col statcol"><em>SpA<\/em><br>145<\/span> <span class="col statcol"><em>SpD<\/em><br>90<\/span> <span class="col statcol"><em>Spe<\/em><br>85<\/span> <\/span><\/li><li style="clear: both"><\/li><\/ul>
|detailschange|p2a: Tusky Boi|Walrein-Mega, M
|-mega|p2a: Tusky Boi|Walrein|Walreinite
|-start|p2a: Tusky Boi|typechange|Ice\/Water|[silent]
|raw|<ul class="utilichart"><li class="result"><span class="col pokemonnamecol" style="white-space: nowrap">Walrein-Mega<\/span> <span class="col typecol"><img src="https:\/\/play.pokemonshowdown.com\/sprites\/types\/Ice.png" alt="Ice" height="14" width="32"><img src="https:\/\/play.pokemonshowdown.com\/sprites\/types\/Water.png" alt="Water" height="14" width="32"><\/span> <span style="float: left ; min-height: 26px"><span class="col abilitycol">Drizzle<\/span><span class="col abilitycol"><\/span><\/span><span style="float: left ; min-height: 26px"><span class="col statcol"><em>HP<\/em><br>110<\/span> <span class="col statcol"><em>Atk<\/em><br>110<\/span> <span class="col statcol"><em>Def<\/em><br>90<\/span> <span class="col statcol"><em>SpA<\/em><br>145<\/span> <span class="col statcol"><em>SpD<\/em><br>90<\/span> <span class="col statcol"><em>Spe<\/em><br>85<\/span> <\/span><\/li><li style="clear: both"><\/li><\/ul>
|move|p1a: Walrein|Flip Turn|p2a: Tusky Boi
|-resisted|p2a: Tusky Boi
|-damage|p2a: Tusky Boi|86\/100
|
|t:|1609280691
|switch|p1a: Aggrostella|Toxapex, F|304\/304
|move|p2a: Tusky Boi|Super Fang|p1a: Aggrostella
|-damage|p1a: Aggrostella|152\/304
|
|-weather|RainDance|[upkeep]
|-heal|p1a: Aggrostella|171\/304|[from] item: Black Sludge
|upkeep
|turn|2
|
|t:|1609280705
|switch|p1a: Walrein|Walrein-Mega, F|391\/391
|-start|p1a: Walrein|typechange|Ice\/Water|[silent]
|move|p2a: Tusky Boi|Flip Turn|p1a: Walrein
|-resisted|p1a: Walrein
|-damage|p1a: Walrein|338\/391
|
|t:|1609280711
|switch|p2a: Incoming|Barraskewda, F, shiny|100\/100|[from]move: Flip Turn
|
|-weather|RainDance|[upkeep]
|upkeep
|turn|3
|
|t:|1609280717
|switch|p1a: Aggrostella|Toxapex, F|272\/304
|move|p2a: Incoming|Close Combat|p1a: Aggrostella
|-resisted|p1a: Aggrostella
|-damage|p1a: Aggrostella|215\/304
|-unboost|p2a: Incoming|def|1
|-unboost|p2a: Incoming|spd|1
|
|-weather|RainDance|[upkeep]
|-heal|p1a: Aggrostella|234\/304|[from] item: Black Sludge
|upkeep
|turn|4
|
|t:|1609280729
|switch|p2a: Swampy|Seismitoad, F|100\/100
|move|p1a: Aggrostella|Scald|p2a: Swampy
|-immune|p2a: Swampy|[from] ability: Water Absorb
|
|-weather|RainDance|[upkeep]
|-heal|p1a: Aggrostella|253\/304|[from] item: Black Sludge
|upkeep
|turn|5
|
|t:|1609280746
|switch|p1a: Walrein|Walrein-Mega, F|338\/391
|-start|p1a: Walrein|typechange|Ice\/Water|[silent]
|move|p2a: Swampy|Stealth Rock|p1a: Walrein
|-sidestart|p1: BlaueBrause|move: Stealth Rock
|
|-weather|none
|upkeep
|turn|6
|
|t:|1609280755
|move|p1a: Walrein|Freeze-Dry|p2a: Swampy
|-supereffective|p2a: Swampy
|-crit|p2a: Swampy
|-damage|p2a: Swampy|0 fnt
|faint|p2a: Swampy
|
|upkeep
|
|t:|1609280767
|switch|p2a: Tusky Boi|Walrein-Mega, M|86\/100
|-start|p2a: Tusky Boi|typechange|Ice\/Water|[silent]
|-weather|RainDance|[from] ability: Drizzle|[of] p2a: Tusky Boi
|turn|7
|
|t:|1609280773
|move|p1a: Walrein|Freeze-Dry|p2a: Tusky Boi
|-damage|p2a: Tusky Boi|61\/100
|move|p2a: Tusky Boi|Super Fang|p1a: Walrein
|-damage|p1a: Walrein|169\/391
|
|-weather|RainDance|[upkeep]
|upkeep
|turn|8
|
|t:|1609280781
|move|p1a: Walrein|Slack Off|p1a: Walrein
|-heal|p1a: Walrein|365\/391
|move|p2a: Tusky Boi|Slack Off|p2a: Tusky Boi
|-heal|p2a: Tusky Boi|100\/100
|
|-weather|RainDance|[upkeep]
|upkeep
|turn|9
|
|t:|1609280789
|move|p1a: Walrein|Surf|p2a: Tusky Boi
|-resisted|p2a: Tusky Boi
|-damage|p2a: Tusky Boi|77\/100
|move|p2a: Tusky Boi|Super Fang|p1a: Walrein|[miss]
|-miss|p2a: Tusky Boi|p1a: Walrein
|
|-weather|RainDance|[upkeep]
|upkeep
|turn|10
|
|t:|1609280797
|move|p1a: Walrein|Surf|p2a: Tusky Boi
|-resisted|p2a: Tusky Boi
|-damage|p2a: Tusky Boi|54\/100
|move|p2a: Tusky Boi|Super Fang|p1a: Walrein
|-damage|p1a: Walrein|183\/391
|
|-weather|RainDance|[upkeep]
|upkeep
|turn|11
|
|t:|1609280813
|move|p1a: Walrein|Slack Off|p1a: Walrein
|-heal|p1a: Walrein|379\/391
|move|p2a: Tusky Boi|Slack Off|p2a: Tusky Boi
|-heal|p2a: Tusky Boi|100\/100
|
|-weather|none
|upkeep
|turn|12
|
|t:|1609280826
|move|p1a: Walrein|Surf|p2a: Tusky Boi
|-resisted|p2a: Tusky Boi
|-damage|p2a: Tusky Boi|86\/100
|move|p2a: Tusky Boi|Flip Turn|p1a: Walrein
|-resisted|p1a: Walrein
|-damage|p1a: Walrein|344\/391
|
|t:|1609280833
|switch|p2a: Incoming|Barraskewda, F, shiny|100\/100|[from]move: Flip Turn
|
|upkeep
|turn|13
|
|t:|1609280841
|switch|p1a: Aggrostella|Toxapex, F|304\/304
|-damage|p1a: Aggrostella|266\/304|[from] Stealth Rock
|move|p2a: Incoming|Flip Turn|p1a: Aggrostella
|-resisted|p1a: Aggrostella
|-damage|p1a: Aggrostella|220\/304
|
|t:|1609280851
|switch|p2a: Big Mouth|Pelipper, M|100\/100|[from]move: Flip Turn
|-weather|RainDance|[from] ability: Drizzle|[of] p2a: Big Mouth
|
|-weather|RainDance|[upkeep]
|-heal|p1a: Aggrostella|239\/304|[from] item: Black Sludge
|upkeep
|turn|14
|
|t:|1609280865
|move|p2a: Big Mouth|U-turn|p1a: Aggrostella
|-resisted|p1a: Aggrostella
|-damage|p1a: Aggrostella|232\/304
|
|t:|1609280872
|switch|p2a: Purple|Kingdra, M, shiny|100\/100|[from]move: U-turn
|move|p1a: Aggrostella|Sludge Bomb|p2a: Purple
|-damage|p2a: Purple|79\/100
|
|-weather|RainDance|[upkeep]
|-heal|p1a: Aggrostella|251\/304|[from] item: Black Sludge
|upkeep
|turn|15
|
|t:|1609280882
|move|p2a: Purple|Hurricane|p1a: Aggrostella
|-damage|p1a: Aggrostella|126\/304
|move|p1a: Aggrostella|Recover|p1a: Aggrostella
|-heal|p1a: Aggrostella|278\/304
|
|-weather|RainDance|[upkeep]
|-heal|p1a: Aggrostella|297\/304|[from] item: Black Sludge
|upkeep
|turn|16
|
|t:|1609280892
|move|p2a: Purple|Hurricane|p1a: Aggrostella
|-crit|p1a: Aggrostella
|-damage|p1a: Aggrostella|112\/304
|-start|p1a: Aggrostella|confusion
|-activate|p1a: Aggrostella|confusion
|-damage|p1a: Aggrostella|103\/304|[from] confusion
|
|-weather|RainDance|[upkeep]
|-heal|p1a: Aggrostella|122\/304|[from] item: Black Sludge
|upkeep
|turn|17
|
|t:|1609280906
|switch|p1a: Kingdra|Kingdra, F|291\/291
|-damage|p1a: Kingdra|255\/291|[from] Stealth Rock
|move|p2a: Purple|Hurricane|p1a: Kingdra
|-damage|p1a: Kingdra|82\/291
|
|-weather|none
|upkeep
|turn|18
|j| H2OPulse
|
|t:|1609280923
|switch|p2a: Cancer|Toxapex, M|100\/100
|move|p1a: Kingdra|Draco Meteor|p2a: Cancer
|-damage|p2a: Cancer|30\/100
|-unboost|p1a: Kingdra|spa|2
|
|-heal|p2a: Cancer|36\/100|[from] item: Black Sludge
|upkeep
|turn|19
|
|t:|1609280935
|switch|p2a: Tusky Boi|Walrein-Mega, M|86\/100
|-start|p2a: Tusky Boi|typechange|Ice\/Water|[silent]
|-weather|RainDance|[from] ability: Drizzle|[of] p2a: Tusky Boi
|move|p1a: Kingdra|Draco Meteor|p2a: Tusky Boi
|-damage|p2a: Tusky Boi|58\/100
|-unboost|p1a: Kingdra|spa|2
|
|-weather|RainDance|[upkeep]
|upkeep
|turn|20
|
|t:|1609280946
|switch|p1a: Walrein|Walrein-Mega, F|344\/391
|-damage|p1a: Walrein|247\/391|[from] Stealth Rock
|-start|p1a: Walrein|typechange|Ice\/Water|[silent]
|move|p2a: Tusky Boi|Flip Turn|p1a: Walrein
|-resisted|p1a: Walrein
|-crit|p1a: Walrein
|-damage|p1a: Walrein|169\/391
|j| inkbug1
|
|t:|1609280955
|switch|p2a: Incoming|Barraskewda, F, shiny|100\/100|[from]move: Flip Turn
|
|-weather|RainDance|[upkeep]
|upkeep
|turn|21
|
|t:|1609280969
|move|p2a: Incoming|Flip Turn|p1a: Walrein
|-resisted|p1a: Walrein
|-damage|p1a: Walrein|40\/391
|
|t:|1609280979
|switch|p2a: Purple|Kingdra, M, shiny|79\/100|[from]move: Flip Turn
|move|p1a: Walrein|Slack Off|p1a: Walrein
|-heal|p1a: Walrein|236\/391
|
|-weather|RainDance|[upkeep]
|upkeep
|turn|22
|
|t:|1609280997
|switch|p1a: Aggrostella|Toxapex, F|223\/304
|-damage|p1a: Aggrostella|185\/304|[from] Stealth Rock
|move|p2a: Purple|Draco Meteor|p1a: Aggrostella
|-damage|p1a: Aggrostella|0 fnt
|-unboost|p2a: Purple|spa|2
|faint|p1a: Aggrostella
|
|-weather|RainDance|[upkeep]
|upkeep
|
|t:|1609281014
|switch|p1a: Seismitoad|Seismitoad, F|351\/351
|-damage|p1a: Seismitoad|330\/351|[from] Stealth Rock
|turn|23
|
|t:|1609281024
|switch|p2a: Big Mouth|Pelipper, M|100\/100
|move|p1a: Seismitoad|Power Whip|p2a: Big Mouth
|-damage|p2a: Big Mouth|64\/100
|-damage|p1a: Seismitoad|295\/351|[from] item: Life Orb
|
|-weather|none
|upkeep
|turn|24
|
|t:|1609281036
|switch|p1a: Kingdra|Kingdra, F|82\/291
|-damage|p1a: Kingdra|46\/291|[from] Stealth Rock
|move|p2a: Big Mouth|Roost|p2a: Big Mouth
|-heal|p2a: Big Mouth|100\/100
|-singleturn|p2a: Big Mouth|move: Roost
|
|upkeep
|turn|25
|
|t:|1609281071
|switch|p2a: Tusky Boi|Walrein-Mega, M|58\/100
|-start|p2a: Tusky Boi|typechange|Ice\/Water|[silent]
|-weather|RainDance|[from] ability: Drizzle|[of] p2a: Tusky Boi
|move|p1a: Kingdra|Draco Meteor|p2a: Tusky Boi
|-damage|p2a: Tusky Boi|0 fnt
|-unboost|p1a: Kingdra|spa|2
|faint|p2a: Tusky Boi
|
|-weather|RainDance|[upkeep]
|upkeep
|
|t:|1609281081
|switch|p2a: Incoming|Barraskewda, F, shiny|100\/100
|turn|26
|
|t:|1609281094
|switch|p1a: Walrein|Walrein-Mega, F|236\/391
|-start|p1a: Walrein|typechange|Ice\/Water|[silent]
|-damage|p1a: Walrein|139\/391|[from] Stealth Rock
|move|p2a: Incoming|Close Combat|p1a: Walrein
|-supereffective|p1a: Walrein
|-damage|p1a: Walrein|0 fnt
|-unboost|p2a: Incoming|def|1
|-unboost|p2a: Incoming|spd|1
|faint|p1a: Walrein
|
|-weather|RainDance|[upkeep]
|upkeep
|
|t:|1609281116
|switch|p1a: Too Elegant|Urshifu-Rapid-Strike, M|341\/341
|-damage|p1a: Too Elegant|320\/341|[from] Stealth Rock
|turn|27
|
|t:|1609281126
|switch|p2a: Cancer|Toxapex, M|70\/100
|move|p1a: Too Elegant|U-turn|p2a: Cancer
|-resisted|p2a: Cancer
|-damage|p2a: Cancer|59\/100
|
|t:|1609281133
|switch|p1a: Kingdra|Kingdra, F|46\/291
|-damage|p1a: Kingdra|10\/291|[from] Stealth Rock
|
|-weather|RainDance|[upkeep]
|-heal|p2a: Cancer|65\/100|[from] item: Black Sludge
|upkeep
|turn|28
|
|t:|1609281166
|switch|p2a: Big Mouth|Pelipper, M|100\/100
|move|p1a: Kingdra|Draco Meteor|p2a: Big Mouth
|-damage|p2a: Big Mouth|0 fnt
|-unboost|p1a: Kingdra|spa|2
|faint|p2a: Big Mouth
|
|-weather|RainDance|[upkeep]
|upkeep
|
|t:|1609281174
|switch|p2a: Cancer|Toxapex, M|99\/100
|turn|29
|
|t:|1609281182
|move|p1a: Kingdra|Draco Meteor|p2a: Cancer
|-crit|p2a: Cancer
|-damage|p2a: Cancer|0 fnt
|-unboost|p1a: Kingdra|spa|2
|faint|p2a: Cancer
|
|-weather|none
|upkeep
|
|t:|1609281210
|switch|p2a: Incoming|Barraskewda, F, shiny|100\/100
|turn|30
|
|t:|1609281214
|move|p2a: Incoming|Flip Turn|p1a: Kingdra
|-resisted|p1a: Kingdra
|-damage|p1a: Kingdra|0 fnt
|faint|p1a: Kingdra
|l| inkbug1
|
|t:|1609281218
|switch|p2a: Purple|Kingdra, M, shiny|79\/100|[from]move: Flip Turn
|
|upkeep
|
|t:|1609281230
|switch|p1a: Schwups|Greninja, M|285\/285
|-damage|p1a: Schwups|250\/285|[from] Stealth Rock
|turn|31
|c|☆okispokisSUB|always with the crits
|
|t:|1609281241
|move|p1a: Schwups|U-turn|p2a: Purple
|-start|p1a: Schwups|typechange|Bug|[from] ability: Protean
|-damage|p2a: Purple|46\/100
|
|t:|1609281246
|switch|p1a: Seismitoad|Seismitoad, F|295\/351
|-damage|p1a: Seismitoad|274\/351|[from] Stealth Rock
|move|p2a: Purple|Draco Meteor|p1a: Seismitoad
|-damage|p1a: Seismitoad|0 fnt
|-unboost|p2a: Purple|spa|2
|faint|p1a: Seismitoad
|
|upkeep
|
|t:|1609281258
|switch|p1a: Too Elegant|Urshifu-Rapid-Strike, M|320\/341
|-damage|p1a: Too Elegant|299\/341|[from] Stealth Rock
|turn|32
|
|t:|1609281268
|move|p1a: Too Elegant|U-turn|p2a: Purple
|-damage|p2a: Purple|0 fnt
|faint|p2a: Purple
|
|t:|1609281272
|switch|p1a: Schwups|Greninja, M|250\/285
|-damage|p1a: Schwups|215\/285|[from] Stealth Rock
|
|upkeep
|
|t:|1609281277
|switch|p2a: Incoming|Barraskewda, F, shiny|100\/100
|turn|33
|
|t:|1609281288
|move|p1a: Schwups|Dark Pulse|p2a: Incoming
|-start|p1a: Schwups|typechange|Dark|[from] ability: Protean
|-damage|p2a: Incoming|20\/100
|move|p2a: Incoming|Close Combat|p1a: Schwups
|-supereffective|p1a: Schwups
|-damage|p1a: Schwups|0 fnt
|-unboost|p2a: Incoming|def|1
|-unboost|p2a: Incoming|spd|1
|faint|p1a: Schwups
|
|upkeep
|
|t:|1609281298
|switch|p1a: Too Elegant|Urshifu-Rapid-Strike, M|299\/341
|-damage|p1a: Too Elegant|278\/341|[from] Stealth Rock
|turn|34
|
|t:|1609281302
|move|p1a: Too Elegant|Aqua Jet|p2a: Incoming
|-resisted|p2a: Incoming
|-damage|p2a: Incoming|0 fnt
|faint|p2a: Incoming
|
|win|BlaueBrause
|c|☆BlaueBrause|gg, sry</script>
</div>
<div class="battle-log battle-log-inline"><div class="inner"><div class="battle-options"><div style="padding-top: 3px; padding-right: 3px; text-align: right"><button class="icon button" name="openBattleOptions" title="Options">Battle Options</button></div></div><div class="inner message-log"><div class="chat"><small>☆BlaueBrause and ☆okispokisSUB joined</small></div><div class=""><small>Format:</small> <br><strong>[Gen 8] M4A Monotype</strong></div><div class=""><small><em>Same Type Clause:</em> Pokémon in a team must share a type</small></div><div class=""><small><em>HP Percentage Mod:</em> HP is shown in percentages</small></div><div class=""><small><em>Endless Battle Clause:</em> Forcing endless battles is banned</small></div><div class=""><small><em>OHKO Clause:</em> OHKO moves are banned</small></div><div class=""><small><em>Evasion Moves Clause:</em> Evasion moves are banned</small></div><div class=""><small><em>Species Clause:</em> Limit one of each Pokémon</small></div><div class=""><small><em>Dynamax Clause:</em> You cannot dynamax</small></div><div class=""><small><em>Sleep Clause Mod:</em> Limit one foe put to sleep</small></div><div class=""><small><em>Freeze Clause Mod:</em> Limit one foe frozen</small></div><div class="chat battle-history"><strong>BlaueBrause's team:</strong> <em style="color:#445566;display:block;">Walrein / Seismitoad / Greninja / Toxapex / Kingdra / Urshifu-*</em></div><div class="chat battle-history"><strong>okispokisSUB's team:</strong> <em style="color:#445566;display:block;">Pelipper / Barraskewda / Kingdra / Toxapex / Seismitoad / Walrein</em></div><div class="chat chatmessage-okispokissub"><strong style="color:#909622"><small>☆</small><span class="username" data-name="okispokisSUB">okispokisSUB</span>:</strong> <em>huh</em></div><div class="chat chatmessage-blauebrause mine"><strong style="color:#6b66e4"><small>☆</small><span class="username" data-name="BlaueBrause">BlaueBrause</span>:</strong> <em>seems like we hadthe same idea</em></div><div class="chat chatmessage-blauebrause mine"><strong style="color:#6b66e4"><small>☆</small><span class="username" data-name="BlaueBrause">BlaueBrause</span>:</strong> <em>glhf!</em></div><div class="chat chatmessage-okispokissub"><strong style="color:#909622"><small>☆</small><span class="username" data-name="okispokisSUB">okispokisSUB</span>:</strong> <em>same</em></div><div class="spacer battle-history"><br></div><div class="battle-history">Battle started between BlaueBrause and okispokisSUB!<br></div><div class="spacer battle-history"><br></div><div class="battle-history">Go! <strong>Walrein</strong>!<br></div><div class="spacer battle-history"><br></div><div class="battle-history">okispokisSUB sent out Tusky Boi (<strong>Walrein</strong>)!<br></div><div class="spacer battle-history"><br></div><h2 class="battle-history">Turn 1</h2><div class="spacer battle-history"><br></div><div class="battle-history"><small>Walrein's Walreinite is reacting to the Key Stone!</small><br>Walrein has Mega Evolved into Mega Walrein!<br></div><div class="battle-history">[Walrein's Drizzle]<br><small>It started to rain!</small><br></div><div class="chat"><ul class="utilichart"><li class="result"><span class="col pokemonnamecol" style="white-space: nowrap">Walrein-Mega</span> <span class="col typecol"><img src="https://play.pokemonshowdown.com/sprites/types/Ice.png" alt="Ice" height="14" width="32"><img src="https://play.pokemonshowdown.com/sprites/types/Water.png" alt="Water" height="14" width="32"></span> <span style="float: left ; min-height: 26px"><span class="col abilitycol">Drizzle</span><span class="col abilitycol"></span></span><span style="float: left ; min-height: 26px"><span class="col statcol"><em>HP</em><br>110</span> <span class="col statcol"><em>Atk</em><br>110</span> <span class="col statcol"><em>Def</em><br>90</span> <span class="col statcol"><em>SpA</em><br>145</span> <span class="col statcol"><em>SpD</em><br>90</span> <span class="col statcol"><em>Spe</em><br>85</span> </span></li><li style="clear: both"></li></ul></div><div class="spacer battle-history"><br></div><div class="battle-history"><small>The opposing Tusky Boi's Walreinite is reacting to the Key Stone!</small><br>The opposing Tusky Boi has Mega Evolved into Mega Walrein!<br></div><div class="chat"><ul class="utilichart"><li class="result"><span class="col pokemonnamecol" style="white-space: nowrap">Walrein-Mega</span> <span class="col typecol"><img src="https://play.pokemonshowdown.com/sprites/types/Ice.png" alt="Ice" height="14" width="32"><img src="https://play.pokemonshowdown.com/sprites/types/Water.png" alt="Water" height="14" width="32"></span> <span style="float: left ; min-height: 26px"><span class="col abilitycol">Drizzle</span><span class="col abilitycol"></span></span><span style="float: left ; min-height: 26px"><span class="col statcol"><em>HP</em><br>110</span> <span class="col statcol"><em>Atk</em><br>110</span> <span class="col statcol"><em>Def</em><br>90</span> <span class="col statcol"><em>SpA</em><br>145</span> <span class="col statcol"><em>SpD</em><br>90</span> <span class="col statcol"><em>Spe</em><br>85</span> </span></li><li style="clear: both"></li></ul></div><div class="spacer battle-history"><br></div><div class="battle-history">Walrein used <strong>Flip Turn</strong>!<br></div><div class="battle-history"><small>It's not very effective...</small><br></div><div class="battle-history"><small>(The opposing Tusky Boi lost 14% of its health!)</small><br></div><div class="spacer battle-history"><br></div><div class="battle-history">Walrein, come back!<br></div><div class="battle-history">Go! Aggrostella (<strong>Toxapex</strong>)!<br></div><div class="spacer battle-history"><br></div><div class="battle-history">The opposing Tusky Boi used <strong>Super Fang</strong>!<br></div><div class="battle-history"><small>(Aggrostella lost <abbr title="−152/304">50%</abbr> of its health!)</small><br></div><div class="spacer battle-history"><br></div><div class="battle-history"><small>(Rain continues to fall.)</small><br></div><div class="battle-history"><small>Aggrostella restored a little HP using its Black Sludge!</small><br></div><div class="spacer battle-history"><br></div><h2 class="battle-history">Turn 2</h2><div class="spacer battle-history"><br></div><div class="battle-history">Aggrostella, come back!<br></div><div class="battle-history">Go! Walrein (<strong>Walrein-Mega</strong>)!<br></div><div class="spacer battle-history"><br></div><div class="battle-history">The opposing Tusky Boi used <strong>Flip Turn</strong>!<br></div><div class="battle-history"><small>It's not very effective...</small><br></div><div class="battle-history"><small>(Walrein lost <abbr title="−53/391">13.6%</abbr> of its health!)</small><br></div><div class="spacer battle-history"><br></div><div class="battle-history">okispokisSUB withdrew Tusky Boi!<br></div><div class="battle-history">okispokisSUB sent out Incoming (<strong>Barraskewda</strong>)!<br></div><div class="spacer battle-history"><br></div><div class="battle-history"><small>(Rain continues to fall.)</small><br></div><div class="spacer battle-history"><br></div><h2 class="battle-history">Turn 3</h2><div class="spacer battle-history"><br></div><div class="battle-history">Walrein, come back!<br></div><div class="battle-history">Go! Aggrostella (<strong>Toxapex</strong>)!<br></div><div class="spacer battle-history"><br></div><div class="battle-history">The opposing Incoming used <strong>Close Combat</strong>!<br></div><div class="battle-history"><small>It's not very effective...</small><br></div><div class="battle-history"><small>(Aggrostella lost <abbr title="−57/304">18.8%</abbr> of its health!)</small><br></div><div class="battle-history"><small>The opposing Incoming's Defense fell!</small><br></div><div class="battle-history"><small>The opposing Incoming's Sp. Def fell!</small><br></div><div class="spacer battle-history"><br></div><div class="battle-history"><small>(Rain continues to fall.)</small><br></div><div class="battle-history"><small>Aggrostella restored a little HP using its Black Sludge!</small><br></div><div class="spacer battle-history"><br></div><h2 class="battle-history">Turn 4</h2><div class="spacer battle-history"><br></div><div class="battle-history">okispokisSUB withdrew Incoming!<br></div><div class="battle-history">okispokisSUB sent out Swampy (<strong>Seismitoad</strong>)!<br></div><div class="spacer battle-history"><br></div><div class="battle-history">Aggrostella used <strong>Scald</strong>!<br></div><div class="battle-history">[The opposing Swampy's Water Absorb]<br><small>It doesn't affect the opposing Swampy...</small><br></div><div class="spacer battle-history"><br></div><div class="battle-history"><small>(Rain continues to fall.)</small><br></div><div class="battle-history"><small>Aggrostella restored a little HP using its Black Sludge!</small><br></div><div class="spacer battle-history"><br></div><h2 class="battle-history">Turn 5</h2><div class="spacer battle-history"><br></div><div class="battle-history">Aggrostella, come back!<br></div><div class="battle-history">Go! Walrein (<strong>Walrein-Mega</strong>)!<br></div><div class="spacer battle-history"><br></div><div class="battle-history">The opposing Swampy used <strong>Stealth Rock</strong>!<br></div><div class="battle-history"><small>Pointed stones float in the air around your team!</small><br></div><div class="spacer battle-history"><br></div><div class="battle-history"><small>The rain stopped.</small><br></div><div class="spacer battle-history"><br></div><h2 class="battle-history">Turn 6</h2><div class="spacer battle-history"><br></div><div class="battle-history">Walrein used <strong>Freeze-Dry</strong>!<br></div><div class="battle-history"><small>It's super effective!</small><br></div><div class="battle-history"><small>A critical hit!</small><br></div><div class="battle-history"><small>(The opposing Swampy lost 100% of its health!)</small><br></div><div class="spacer battle-history"><br></div><div class="battle-history">The opposing Swampy fainted!<br></div><div class="spacer battle-history"><br></div><div class="battle-history">okispokisSUB sent out Tusky Boi (<strong>Walrein-Mega</strong>)!<br></div><div class="battle-history">[The opposing Tusky Boi's Drizzle]<br><small>It started to rain!</small><br></div><div class="spacer battle-history"><br></div><h2 class="battle-history">Turn 7</h2><div class="spacer battle-history"><br></div><div class="battle-history">Walrein used <strong>Freeze-Dry</strong>!<br></div><div class="battle-history"><small>(The opposing Tusky Boi lost 25% of its health!)</small><br></div><div class="spacer battle-history"><br></div><div class="battle-history">The opposing Tusky Boi used <strong>Super Fang</strong>!<br></div><div class="battle-history"><small>(Walrein lost <abbr title="−169/391">43.2%</abbr> of its health!)</small><br></div><div class="spacer battle-history"><br></div><div class="battle-history"><small>(Rain continues to fall.)</small><br></div><div class="spacer battle-history"><br></div><h2 class="battle-history">Turn 8</h2><div class="spacer battle-history"><br></div><div class="battle-history">Walrein used <strong>Slack Off</strong>!<br></div><div class="battle-history"><small>Walrein had its HP restored.</small><br></div><div class="spacer battle-history"><br></div><div class="battle-history">The opposing Tusky Boi used <strong>Slack Off</strong>!<br></div><div class="battle-history"><small>The opposing Tusky Boi had its HP restored.</small><br></div><div class="spacer battle-history"><br></div><div class="battle-history"><small>(Rain continues to fall.)</small><br></div><div class="spacer battle-history"><br></div><h2 class="battle-history">Turn 9</h2><div class="spacer battle-history"><br></div><div class="battle-history">Walrein used <strong>Surf</strong>!<br></div><div class="battle-history"><small>It's not very effective...</small><br></div><div class="battle-history"><small>(The opposing Tusky Boi lost 23% of its health!)</small><br></div><div class="spacer battle-history"><br></div><div class="battle-history">The opposing Tusky Boi used <strong>Super Fang</strong>!<br></div><div class="battle-history"><small>Walrein avoided the attack!</small><br></div><div class="spacer battle-history"><br></div><div class="battle-history"><small>(Rain continues to fall.)</small><br></div><div class="spacer battle-history"><br></div><h2 class="battle-history">Turn 10</h2><div class="spacer battle-history"><br></div><div class="battle-history">Walrein used <strong>Surf</strong>!<br></div><div class="battle-history"><small>It's not very effective...</small><br></div><div class="battle-history"><small>(The opposing Tusky Boi lost 23% of its health!)</small><br></div><div class="spacer battle-history"><br></div><div class="battle-history">The opposing Tusky Boi used <strong>Super Fang</strong>!<br></div><div class="battle-history"><small>(Walrein lost <abbr title="−182/391">46.5%</abbr> of its health!)</small><br></div><div class="spacer battle-history"><br></div><div class="battle-history"><small>(Rain continues to fall.)</small><br></div><div class="spacer battle-history"><br></div><h2 class="battle-history">Turn 11</h2><div class="spacer battle-history"><br></div><div class="battle-history">Walrein used <strong>Slack Off</strong>!<br></div><div class="battle-history"><small>Walrein had its HP restored.</small><br></div><div class="spacer battle-history"><br></div><div class="battle-history">The opposing Tusky Boi used <strong>Slack Off</strong>!<br></div><div class="battle-history"><small>The opposing Tusky Boi had its HP restored.</small><br></div><div class="spacer battle-history"><br></div><div class="battle-history"><small>The rain stopped.</small><br></div><div class="spacer battle-history"><br></div><h2 class="battle-history">Turn 12</h2><div class="spacer battle-history"><br></div><div class="battle-history">Walrein used <strong>Surf</strong>!<br></div><div class="battle-history"><small>It's not very effective...</small><br></div><div class="battle-history"><small>(The opposing Tusky Boi lost 14% of its health!)</small><br></div><div class="spacer battle-history"><br></div><div class="battle-history">The opposing Tusky Boi used <strong>Flip Turn</strong>!<br></div><div class="battle-history"><small>It's not very effective...</small><br></div><div class="battle-history"><small>(Walrein lost <abbr title="−35/391">9.0%</abbr> of its health!)</small><br></div><div class="spacer battle-history"><br></div><div class="battle-history">okispokisSUB withdrew Tusky Boi!<br></div><div class="battle-history">okispokisSUB sent out Incoming (<strong>Barraskewda</strong>)!<br></div><div class="spacer battle-history"><br></div><h2 class="battle-history">Turn 13</h2><div class="spacer battle-history"><br></div><div class="battle-history">Walrein, come back!<br></div><div class="battle-history">Go! Aggrostella (<strong>Toxapex</strong>)!<br></div><div class="battle-history"><small>Pointed stones dug into Aggrostella!</small><br></div><div class="spacer battle-history"><br></div><div class="battle-history">The opposing Incoming used <strong>Flip Turn</strong>!<br></div><div class="battle-history"><small>It's not very effective...</small><br></div><div class="battle-history"><small>(Aggrostella lost <abbr title="−46/304">15.1%</abbr> of its health!)</small><br></div><div class="spacer battle-history"><br></div><div class="battle-history">okispokisSUB withdrew Incoming!<br></div><div class="battle-history">okispokisSUB sent out Big Mouth (<strong>Pelipper</strong>)!<br></div><div class="battle-history">[The opposing Big Mouth's Drizzle]<br><small>It started to rain!</small><br></div><div class="spacer battle-history"><br></div><div class="battle-history"><small>(Rain continues to fall.)</small><br></div><div class="battle-history"><small>Aggrostella restored a little HP using its Black Sludge!</small><br></div><div class="spacer battle-history"><br></div><h2 class="battle-history">Turn 14</h2><div class="spacer battle-history"><br></div><div class="battle-history">The opposing Big Mouth used <strong>U-turn</strong>!<br></div><div class="battle-history"><small>It's not very effective...</small><br></div><div class="battle-history"><small>(Aggrostella lost <abbr title="−7/304">2.3%</abbr> of its health!)</small><br></div><div class="spacer battle-history"><br></div><div class="battle-history">The opposing Big Mouth went back to okispokisSUB!<br></div><div class="battle-history">okispokisSUB sent out Purple (<strong>Kingdra</strong>)!<br></div><div class="spacer battle-history"><br></div><div class="battle-history">Aggrostella used <strong>Sludge Bomb</strong>!<br></div><div class="battle-history"><small>(The opposing Purple lost 21% of its health!)</small><br></div><div class="spacer battle-history"><br></div><div class="battle-history"><small>(Rain continues to fall.)</small><br></div><div class="battle-history"><small>Aggrostella restored a little HP using its Black Sludge!</small><br></div><div class="spacer battle-history"><br></div><h2 class="battle-history">Turn 15</h2><div class="spacer battle-history"><br></div><div class="battle-history">The opposing Purple used <strong>Hurricane</strong>!<br></div><div class="battle-history"><small>(Aggrostella lost <abbr title="−125/304">41.1%</abbr> of its health!)</small><br></div><div class="spacer battle-history"><br></div><div class="battle-history">Aggrostella used <strong>Recover</strong>!<br></div><div class="battle-history"><small>Aggrostella had its HP restored.</small><br></div><div class="spacer battle-history"><br></div><div class="battle-history"><small>(Rain continues to fall.)</small><br></div><div class="battle-history"><small>Aggrostella restored a little HP using its Black Sludge!</small><br></div><div class="spacer battle-history"><br></div><h2 class="battle-history">Turn 16</h2><div class="spacer battle-history"><br></div><div class="battle-history">The opposing Purple used <strong>Hurricane</strong>!<br></div><div class="battle-history"><small>A critical hit!</small><br></div><div class="battle-history"><small>(Aggrostella lost <abbr title="−185/304">60.9%</abbr> of its health!)</small><br></div><div class="battle-history"><small>Aggrostella became confused!</small><br></div><div class="spacer battle-history"><br></div><div class="battle-history"><small>Aggrostella is confused!</small><br></div><div class="battle-history">It hurt itself in its confusion!<br></div><div class="spacer battle-history"><br></div><div class="battle-history"><small>(Rain continues to fall.)</small><br></div><div class="battle-history"><small>Aggrostella restored a little HP using its Black Sludge!</small><br></div><div class="spacer battle-history"><br></div><h2 class="battle-history">Turn 17</h2><div class="spacer battle-history"><br></div><div class="battle-history">Aggrostella, come back!<br></div><div class="battle-history">Go! <strong>Kingdra</strong>!<br></div><div class="battle-history"><small>Pointed stones dug into Kingdra!</small><br></div><div class="spacer battle-history"><br></div><div class="battle-history">The opposing Purple used <strong>Hurricane</strong>!<br></div><div class="battle-history"><small>(Kingdra lost <abbr title="−173/291">59.5%</abbr> of its health!)</small><br></div><div class="spacer battle-history"><br></div><div class="battle-history"><small>The rain stopped.</small><br></div><div class="spacer battle-history"><br></div><h2 class="battle-history">Turn 18</h2><div class="chat"><small> H2OPulse joined</small></div><div class="spacer battle-history"><br></div><div class="battle-history">okispokisSUB withdrew Purple!<br></div><div class="battle-history">okispokisSUB sent out Cancer (<strong>Toxapex</strong>)!<br></div><div class="spacer battle-history"><br></div><div class="battle-history">Kingdra used <strong>Draco Meteor</strong>!<br></div><div class="battle-history"><small>(The opposing Cancer lost 70% of its health!)</small><br></div><div class="battle-history"><small>Kingdra's Sp. Atk fell harshly!</small><br></div><div class="spacer battle-history"><br></div><div class="battle-history"><small>The opposing Cancer restored a little HP using its Black Sludge!</small><br></div><div class="spacer battle-history"><br></div><h2 class="battle-history">Turn 19</h2><div class="spacer battle-history"><br></div><div class="battle-history">okispokisSUB withdrew Cancer!<br></div><div class="battle-history">okispokisSUB sent out Tusky Boi (<strong>Walrein-Mega</strong>)!<br></div><div class="battle-history">[The opposing Tusky Boi's Drizzle]<br><small>It started to rain!</small><br></div><div class="spacer battle-history"><br></div><div class="battle-history">Kingdra used <strong>Draco Meteor</strong>!<br></div><div class="battle-history"><small>(The opposing Tusky Boi lost 28% of its health!)</small><br></div><div class="battle-history"><small>Kingdra's Sp. Atk fell harshly!</small><br></div><div class="spacer battle-history"><br></div><div class="battle-history"><small>(Rain continues to fall.)</small><br></div><div class="spacer battle-history"><br></div><h2 class="battle-history">Turn 20</h2><div class="spacer battle-history"><br></div><div class="battle-history">Kingdra, come back!<br></div><div class="battle-history">Go! Walrein (<strong>Walrein-Mega</strong>)!<br></div><div class="battle-history"><small>Pointed stones dug into Walrein!</small><br></div><div class="spacer battle-history"><br></div><div class="battle-history">The opposing Tusky Boi used <strong>Flip Turn</strong>!<br></div><div class="battle-history"><small>It's not very effective...</small><br></div><div class="battle-history"><small>A critical hit!</small><br></div><div class="battle-history"><small>(Walrein lost <abbr title="−78/391">19.9%</abbr> of its health!)</small><br></div><div class="chat"><small> inkbug1 joined</small></div><div class="spacer battle-history"><br></div><div class="battle-history">okispokisSUB withdrew Tusky Boi!<br></div><div class="battle-history">okispokisSUB sent out Incoming (<strong>Barraskewda</strong>)!<br></div><div class="spacer battle-history"><br></div><div class="battle-history"><small>(Rain continues to fall.)</small><br></div><div class="spacer battle-history"><br></div><h2 class="battle-history">Turn 21</h2><div class="spacer battle-history"><br></div><div class="battle-history">The opposing Incoming used <strong>Flip Turn</strong>!<br></div><div class="battle-history"><small>It's not very effective...</small><br></div><div class="battle-history"><small>(Walrein lost <abbr title="−129/391">33.0%</abbr> of its health!)</small><br></div><div class="spacer battle-history"><br></div><div class="battle-history">okispokisSUB withdrew Incoming!<br></div><div class="battle-history">okispokisSUB sent out Purple (<strong>Kingdra</strong>)!<br></div><div class="spacer battle-history"><br></div><div class="battle-history">Walrein used <strong>Slack Off</strong>!<br></div><div class="battle-history"><small>Walrein had its HP restored.</small><br></div><div class="spacer battle-history"><br></div><div class="battle-history"><small>(Rain continues to fall.)</small><br></div><div class="spacer battle-history"><br></div><h2 class="battle-history">Turn 22</h2><div class="spacer battle-history"><br></div><div class="battle-history">Walrein, come back!<br></div><div class="battle-history">Go! Aggrostella (<strong>Toxapex</strong>)!<br></div><div class="battle-history"><small>Pointed stones dug into Aggrostella!</small><br></div><div class="spacer battle-history"><br></div><div class="battle-history">The opposing Purple used <strong>Draco Meteor</strong>!<br></div><div class="battle-history"><small>(Aggrostella lost <abbr title="−185/304">60.9%</abbr> of its health!)</small><br></div><div class="battle-history"><small>The opposing Purple's Sp. Atk fell harshly!</small><br></div><div class="spacer battle-history"><br></div><div class="battle-history">Aggrostella fainted!<br></div><div class="spacer battle-history"><br></div><div class="battle-history"><small>(Rain continues to fall.)</small><br></div><div class="spacer battle-history"><br></div><div class="battle-history">Go! <strong>Seismitoad</strong>!<br></div><div class="battle-history"><small>Pointed stones dug into Seismitoad!</small><br></div><div class="spacer battle-history"><br></div><h2 class="battle-history">Turn 23</h2><div class="spacer battle-history"><br></div><div class="battle-history">okispokisSUB withdrew Purple!<br></div><div class="battle-history">okispokisSUB sent out Big Mouth (<strong>Pelipper</strong>)!<br></div><div class="spacer battle-history"><br></div><div class="battle-history">Seismitoad used <strong>Power Whip</strong>!<br></div><div class="battle-history"><small>(The opposing Big Mouth lost 36% of its health!)</small><br></div><div class="battle-history"><small>Seismitoad lost some of its HP!</small><br></div><div class="spacer battle-history"><br></div><div class="battle-history"><small>The rain stopped.</small><br></div><div class="spacer battle-history"><br></div><h2 class="battle-history">Turn 24</h2><div class="spacer battle-history"><br></div><div class="battle-history">Seismitoad, come back!<br></div><div class="battle-history">Go! <strong>Kingdra</strong>!<br></div><div class="battle-history"><small>Pointed stones dug into Kingdra!</small><br></div><div class="spacer battle-history"><br></div><div class="battle-history">The opposing Big Mouth used <strong>Roost</strong>!<br></div><div class="battle-history"><small>The opposing Big Mouth had its HP restored.</small><br></div><div class="battle-history"><small>(The opposing Big Mouth loses Flying type this turn.)</small><br></div><div class="spacer battle-history"><br></div><h2 class="battle-history">Turn 25</h2><div class="spacer battle-history"><br></div><div class="battle-history">okispokisSUB withdrew Big Mouth!<br></div><div class="battle-history">okispokisSUB sent out Tusky Boi (<strong>Walrein-Mega</strong>)!<br></div><div class="battle-history">[The opposing Tusky Boi's Drizzle]<br><small>It started to rain!</small><br></div><div class="spacer battle-history"><br></div><div class="battle-history">Kingdra used <strong>Draco Meteor</strong>!<br></div><div class="battle-history"><small>(The opposing Tusky Boi lost 58% of its health!)</small><br></div><div class="battle-history"><small>Kingdra's Sp. Atk fell harshly!</small><br></div><div class="spacer battle-history"><br></div><div class="battle-history">The opposing Tusky Boi fainted!<br></div><div class="spacer battle-history"><br></div><div class="battle-history"><small>(Rain continues to fall.)</small><br></div><div class="spacer battle-history"><br></div><div class="battle-history">okispokisSUB sent out Incoming (<strong>Barraskewda</strong>)!<br></div><div class="spacer battle-history"><br></div><h2 class="battle-history">Turn 26</h2><div class="spacer battle-history"><br></div><div class="battle-history">Kingdra, come back!<br></div><div class="battle-history">Go! Walrein (<strong>Walrein-Mega</strong>)!<br></div><div class="battle-history"><small>Pointed stones dug into Walrein!</small><br></div><div class="spacer battle-history"><br></div><div class="battle-history">The opposing Incoming used <strong>Close Combat</strong>!<br></div><div class="battle-history"><small>It's super effective!</small><br></div><div class="battle-history"><small>(Walrein lost <abbr title="−139/391">35.5%</abbr> of its health!)</small><br></div><div class="battle-history"><small>The opposing Incoming's Defense fell!</small><br></div><div class="battle-history"><small>The opposing Incoming's Sp. Def fell!</small><br></div><div class="spacer battle-history"><br></div><div class="battle-history">Walrein fainted!<br></div><div class="spacer battle-history"><br></div><div class="battle-history"><small>(Rain continues to fall.)</small><br></div><div class="spacer battle-history"><br></div><div class="battle-history">Go! Too Elegant (<strong>Urshifu-Rapid-Strike</strong>)!<br></div><div class="battle-history"><small>Pointed stones dug into Too Elegant!</small><br></div><div class="spacer battle-history"><br></div><h2 class="battle-history">Turn 27</h2><div class="spacer battle-history"><br></div><div class="battle-history">okispokisSUB withdrew Incoming!<br></div><div class="battle-history">okispokisSUB sent out Cancer (<strong>Toxapex</strong>)!<br></div><div class="spacer battle-history"><br></div><div class="battle-history">Too Elegant used <strong>U-turn</strong>!<br></div><div class="battle-history"><small>It's not very effective...</small><br></div><div class="battle-history"><small>(The opposing Cancer lost 11% of its health!)</small><br></div><div class="spacer battle-history"><br></div><div class="battle-history">Too Elegant went back to BlaueBrause!<br></div><div class="battle-history">Go! <strong>Kingdra</strong>!<br></div><div class="battle-history"><small>Pointed stones dug into Kingdra!</small><br></div><div class="spacer battle-history"><br></div><div class="battle-history"><small>(Rain continues to fall.)</small><br></div><div class="battle-history"><small>The opposing Cancer restored a little HP using its Black Sludge!</small><br></div><div class="spacer battle-history"><br></div><h2 class="battle-history">Turn 28</h2><div class="spacer battle-history"><br></div><div class="battle-history">okispokisSUB withdrew Cancer!<br></div><div class="battle-history">okispokisSUB sent out Big Mouth (<strong>Pelipper</strong>)!<br></div><div class="spacer battle-history"><br></div><div class="battle-history">Kingdra used <strong>Draco Meteor</strong>!<br></div><div class="battle-history"><small>(The opposing Big Mouth lost 100% of its health!)</small><br></div><div class="battle-history"><small>Kingdra's Sp. Atk fell harshly!</small><br></div><div class="spacer battle-history"><br></div><div class="battle-history">The opposing Big Mouth fainted!<br></div><div class="spacer battle-history"><br></div><div class="battle-history"><small>(Rain continues to fall.)</small><br></div><div class="spacer battle-history"><br></div><div class="battle-history">okispokisSUB sent out Cancer (<strong>Toxapex</strong>)!<br></div><div class="spacer battle-history"><br></div><h2 class="battle-history">Turn 29</h2><div class="spacer battle-history"><br></div><div class="battle-history">Kingdra used <strong>Draco Meteor</strong>!<br></div><div class="battle-history"><small>A critical hit!</small><br></div><div class="battle-history"><small>(The opposing Cancer lost 99% of its health!)</small><br></div><div class="battle-history"><small>Kingdra's Sp. Atk fell harshly!</small><br></div><div class="spacer battle-history"><br></div><div class="battle-history">The opposing Cancer fainted!<br></div><div class="spacer battle-history"><br></div><div class="battle-history"><small>The rain stopped.</small><br></div><div class="spacer battle-history"><br></div><div class="battle-history">okispokisSUB sent out Incoming (<strong>Barraskewda</strong>)!<br></div><div class="spacer battle-history"><br></div><h2 class="battle-history">Turn 30</h2><div class="spacer battle-history"><br></div><div class="battle-history">The opposing Incoming used <strong>Flip Turn</strong>!<br></div><div class="battle-history"><small>It's not very effective...</small><br></div><div class="battle-history"><small>(Kingdra lost <abbr title="−10/291">3.4%</abbr> of its health!)</small><br></div><div class="spacer battle-history"><br></div><div class="battle-history">Kingdra fainted!<br></div><div class="chat"><small> inkbug1 left</small></div><div class="spacer battle-history"><br></div><div class="battle-history">okispokisSUB withdrew Incoming!<br></div><div class="battle-history">okispokisSUB sent out Purple (<strong>Kingdra</strong>)!<br></div><div class="spacer battle-history"><br></div><div class="battle-history">Go! Schwups (<strong>Greninja</strong>)!<br></div><div class="battle-history"><small>Pointed stones dug into Schwups!</small><br></div><div class="spacer battle-history"><br></div><h2 class="battle-history">Turn 31</h2><div class="chat chatmessage-okispokissub"><strong style="color:#909622"><small>☆</small><span class="username" data-name="okispokisSUB">okispokisSUB</span>:</strong> <em>always with the crits</em></div><div class="spacer battle-history"><br></div><div class="battle-history">Schwups used <strong>U-turn</strong>!<br></div><div class="spacer battle-history"><br></div><div class="battle-history">[Schwups's Protean]<br><small>Schwups's type changed to Bug!</small><br></div><div class="battle-history"><small>(The opposing Purple lost 33% of its health!)</small><br></div><div class="spacer battle-history"><br></div><div class="battle-history">Schwups went back to BlaueBrause!<br></div><div class="battle-history">Go! <strong>Seismitoad</strong>!<br></div><div class="battle-history"><small>Pointed stones dug into Seismitoad!</small><br></div><div class="spacer battle-history"><br></div><div class="battle-history">The opposing Purple used <strong>Draco Meteor</strong>!<br></div><div class="battle-history"><small>(Seismitoad lost <abbr title="−274/351">78.1%</abbr> of its health!)</small><br></div><div class="battle-history"><small>The opposing Purple's Sp. Atk fell harshly!</small><br></div><div class="spacer battle-history"><br></div><div class="battle-history">Seismitoad fainted!<br></div><div class="spacer battle-history"><br></div><div class="battle-history">Go! Too Elegant (<strong>Urshifu-Rapid-Strike</strong>)!<br></div><div class="battle-history"><small>Pointed stones dug into Too Elegant!</small><br></div><div class="spacer battle-history"><br></div><h2 class="battle-history">Turn 32</h2><div class="spacer battle-history"><br></div><div class="battle-history">Too Elegant used <strong>U-turn</strong>!<br></div><div class="battle-history"><small>(The opposing Purple lost 46% of its health!)</small><br></div><div class="spacer battle-history"><br></div><div class="battle-history">The opposing Purple fainted!<br></div><div class="spacer battle-history"><br></div><div class="battle-history">Too Elegant went back to BlaueBrause!<br></div><div class="battle-history">Go! Schwups (<strong>Greninja</strong>)!<br></div><div class="battle-history"><small>Pointed stones dug into Schwups!</small><br></div><div class="spacer battle-history"><br></div><div class="battle-history">okispokisSUB sent out Incoming (<strong>Barraskewda</strong>)!<br></div><div class="spacer battle-history"><br></div><h2 class="battle-history">Turn 33</h2><div class="spacer battle-history"><br></div><div class="battle-history">Schwups used <strong>Dark Pulse</strong>!<br></div><div class="spacer battle-history"><br></div><div class="battle-history">[Schwups's Protean]<br><small>Schwups's type changed to Dark!</small><br></div><div class="battle-history"><small>(The opposing Incoming lost 80% of its health!)</small><br></div><div class="spacer battle-history"><br></div><div class="battle-history">The opposing Incoming used <strong>Close Combat</strong>!<br></div><div class="battle-history"><small>It's super effective!</small><br></div><div class="battle-history"><small>(Schwups lost <abbr title="−215/285">75.4%</abbr> of its health!)</small><br></div><div class="battle-history"><small>The opposing Incoming's Defense fell!</small><br></div><div class="battle-history"><small>The opposing Incoming's Sp. Def fell!</small><br></div><div class="spacer battle-history"><br></div><div class="battle-history">Schwups fainted!<br></div><div class="spacer battle-history"><br></div><div class="battle-history">Go! Too Elegant (<strong>Urshifu-Rapid-Strike</strong>)!<br></div><div class="battle-history"><small>Pointed stones dug into Too Elegant!</small><br></div><div class="spacer battle-history"><br></div><h2 class="battle-history">Turn 34</h2><div class="spacer battle-history"><br></div><div class="battle-history">Too Elegant used <strong>Aqua Jet</strong>!<br></div><div class="battle-history"><small>It's not very effective...</small><br></div><div class="battle-history"><small>(The opposing Incoming lost 20% of its health!)</small><br></div><div class="spacer battle-history"><br></div><div class="battle-history">The opposing Incoming fainted!<br></div><div class="spacer battle-history"><br></div><div class="battle-history"><strong>BlaueBrause</strong> won the battle!<br></div><div class="chat chatmessage-blauebrause mine"><strong style="color:#6b66e4"><small>☆</small><span class="username" data-name="BlaueBrause">BlaueBrause</span>:</strong> <em>gg, sry</em></div></div><div class="inner-preempt message-log"></div></div></div>
</div>
<script>
let daily = Math.floor(Date.now()/1000/60/60/24);document.write('<script src="https://play.pokemonshowdown.com/js/replay-embed.js?version'+daily+'"></'+'script>');
</script>
