<!DOCTYPE html>
<meta charset="utf-8" />
<!-- version 1 -->
<title>[Gen 8] Megas for All replay: TheRubySamurai vs. Princess BlueRay</title>
<style>
html,body {font-family:Verdana, sans-serif;font-size:10pt;margin:0;padding:0;}body{padding:12px 0;} .battle-log {font-family:Verdana, sans-serif;font-size:10pt;} .battle-log-inline {border:1px solid #AAAAAA;background:#EEF2F5;color:black;max-width:640px;margin:0 auto 80px;padding-bottom:5px;} .battle-log .inner {padding:4px 8px 0px 8px;} .battle-log .inner-preempt {padding:0 8px 4px 8px;} .battle-log .inner-after {margin-top:0.5em;} .battle-log h2 {margin:0.5em -8px;padding:4px 8px;border:1px solid #AAAAAA;background:#E0E7EA;border-left:0;border-right:0;font-family:Verdana, sans-serif;font-size:13pt;} .battle-log .chat {vertical-align:middle;padding:3px 0 3px 0;font-size:8pt;} .battle-log .chat strong {color:#40576A;} .battle-log .chat em {padding:1px 4px 1px 3px;color:#000000;font-style:normal;} .chat.mine {background:rgba(0,0,0,0.05);margin-left:-8px;margin-right:-8px;padding-left:8px;padding-right:8px;} .spoiler {color:#BBBBBB;background:#BBBBBB;padding:0px 3px;} .spoiler:hover, .spoiler:active, .spoiler-shown {color:#000000;background:#E2E2E2;padding:0px 3px;} .spoiler a {color:#BBBBBB;} .spoiler:hover a, .spoiler:active a, .spoiler-shown a {color:#2288CC;} .chat code, .chat .spoiler:hover code, .chat .spoiler:active code, .chat .spoiler-shown code {border:1px solid #C0C0C0;background:#EEEEEE;color:black;padding:0 2px;} .chat .spoiler code {border:1px solid #CCCCCC;background:#CCCCCC;color:#CCCCCC;} .battle-log .rated {padding:3px 4px;} .battle-log .rated strong {color:white;background:#89A;padding:1px 4px;border-radius:4px;} .spacer {margin-top:0.5em;} .message-announce {background:#6688AA;color:white;padding:1px 4px 2px;} .message-announce a, .broadcast-green a, .broadcast-blue a, .broadcast-red a {color:#DDEEFF;} .broadcast-green {background-color:#559955;color:white;padding:2px 4px;} .broadcast-blue {background-color:#6688AA;color:white;padding:2px 4px;} .infobox {border:1px solid #6688AA;padding:2px 4px;} .infobox-limited {max-height:200px;overflow:auto;overflow-x:hidden;} .broadcast-red {background-color:#AA5544;color:white;padding:2px 4px;} .message-learn-canlearn {font-weight:bold;color:#228822;text-decoration:underline;} .message-learn-cannotlearn {font-weight:bold;color:#CC2222;text-decoration:underline;} .message-effect-weak {font-weight:bold;color:#CC2222;} .message-effect-resist {font-weight:bold;color:#6688AA;} .message-effect-immune {font-weight:bold;color:#666666;} .message-learn-list {margin-top:0;margin-bottom:0;} .message-throttle-notice, .message-error {color:#992222;} .message-overflow, .chat small.message-overflow {font-size:0pt;} .message-overflow::before {font-size:9pt;content:'...';} .subtle {color:#3A4A66;}
</style>
<div class="wrapper replay-wrapper" style="max-width:1180px;margin:0 auto">
<input type="hidden" name="replayid" value="dragonheaven-gen8megasforall-259" />
<div class="battle"></div><div class="battle-log"></div><div class="replay-controls"></div><div class="replay-controls-2"></div>
<h1 style="font-weight:normal;text-align:center"><strong>[Gen 8] Megas for All</strong><br /><a href="http://pokemonshowdown.com/users/therubysamurai" class="subtle" target="_blank">TheRubySamurai</a> vs. <a href="http://pokemonshowdown.com/users/princessblueray" class="subtle" target="_blank">Princess BlueRay</a></h1>
<script type="text/plain" class="battle-log-data">|j|☆TheRubySamurai
|j|☆Princess BlueRay

|t:|1621209597
|player|p1|TheRubySamurai|skyla|
|player|p2|Princess BlueRay|caitlin|
|teamsize|p1|6
|teamsize|p2|6
|gametype|singles
|gen|8
|tier|[Gen 8] Megas for All
|clearpoke
|poke|p1|Rillaboom, M|
|poke|p1|Gastrodon-East, F|
|poke|p1|Magnezone|
|poke|p1|Corviknight, F|
|poke|p1|Latias, F|
|poke|p1|Clefable, F|
|poke|p2|Corviknight, M|
|poke|p2|Simisear, F|
|poke|p2|Victini|
|poke|p2|Toxapex, F|
|poke|p2|Ferrothorn, F|
|poke|p2|Garchomp, M|
|rule|HP Percentage Mod: HP is shown in percentages
|rule|Endless Battle Clause: Forcing endless battles is banned
|rule|OHKO Clause: OHKO moves are banned
|rule|Evasion Moves Clause: Evasion moves are banned
|rule|Species Clause: Limit one of each Pokémon
|rule|Dynamax Clause: You cannot dynamax
|rule|Sleep Clause Mod: Limit one foe put to sleep
|rule|Freeze Clause Mod: Limit one foe frozen
|raw|<img src="https:\/\/www.smogon.com\/forums\/attachments\/banner_2-png.302358\/" height="65" width="381">
|-message|Welcome to Megas for All!
|-message|This is a National Dex-based format where we aim to give a new Mega Evolution to every Pokémon.
|-message|Just like any official format, you can still only Mega Evolve one Pokémon per team!
|-message|You can find our thread and metagame resources here:
|-message|https:\/\/www.smogon.com\/forums\/threads\/3671140\/
|teampreview
|j| Ninjacid
|c|☆Princess BlueRay|Glhf, my darling
|j| Sticky Fingaa
|c| Ninjacid|Good luck both of you but especially blue
|c|☆TheRubySamurai|Glhf my princess
|j| Pupugugu
|c| Ninjacid|lol
|c| Sticky Fingaa|glhf both
|j| TEST do .bos
|c| Ninjacid|pda
|c| Pupugugu|Go paauulll
|
|t:|1621209631
|start
|switch|p1a: Friendly Ball|Clefable, F|100\/100
|switch|p2a: Choose|Victini|341\/341
|turn|1
|j| JosJet
|
|t:|1621209653
|move|p2a: Choose|Trick|p1a: Friendly Ball
|-activate|p2a: Choose|move: Trick|[of] p1a: Friendly Ball
|-item|p1a: Friendly Ball|Choice Scarf|[from] move: Trick
|-item|p2a: Choose|Life Orb|[from] move: Trick
|move|p1a: Friendly Ball|Stealth Rock|p2a: Choose
|-sidestart|p2: Princess BlueRay|move: Stealth Rock
|
|upkeep
|turn|2
|c| JosJet|have fun!!
|
|t:|1621209661
|switch|p1a: Mathmagician|Gastrodon-East, F|100\/100
|move|p2a: Choose|U-turn|p1a: Mathmagician
|-damage|p1a: Mathmagician|74\/100
|-damage|p2a: Choose|307\/341|[from] item: Life Orb
|
|t:|1621209689
|switch|p2a: Or|Ferrothorn, F, shiny|352\/352
|-damage|p2a: Or|330\/352|[from] Stealth Rock
|
|-heal|p1a: Mathmagician|80\/100|[from] item: Leftovers
|-heal|p2a: Or|352\/352|[from] item: Leftovers
|upkeep
|turn|3
|
|t:|1621209702
|move|p1a: Mathmagician|Recover|p1a: Mathmagician
|-heal|p1a: Mathmagician|100\/100
|move|p2a: Or|Leech Seed|p1a: Mathmagician
|-start|p1a: Mathmagician|move: Leech Seed
|
|-damage|p1a: Mathmagician|88\/100|[from] Leech Seed|[of] p2a: Or
|upkeep
|turn|4
|
|t:|1621209711
|switch|p1a: Zoner|Magnezone|100\/100
|move|p2a: Or|Knock Off|p1a: Zoner
|-damage|p1a: Zoner|79\/100
|-enditem|p1a: Zoner|Choice Specs|[from] move: Knock Off|[of] p2a: Or
|
|upkeep
|turn|5
|
|t:|1621209718
|move|p1a: Zoner|Hidden Power|p2a: Or
|-supereffective|p2a: Or
|-damage|p2a: Or|140\/352
|move|p2a: Or|Leech Seed|p1a: Zoner
|-start|p1a: Zoner|move: Leech Seed
|
|-heal|p2a: Or|162\/352|[from] item: Leftovers
|-damage|p1a: Zoner|67\/100|[from] Leech Seed|[of] p2a: Or
|-heal|p2a: Or|197\/352|[silent]
|upkeep
|turn|6
|
|t:|1621209729
|move|p1a: Zoner|Hidden Power|p2a: Or
|-supereffective|p2a: Or
|-damage|p2a: Or|0 fnt
|faint|p2a: Or
|
|upkeep
|j| Coppersmith
|c| Coppersmith|Go PAUL
|
|t:|1621209736
|switch|p2a: Duty?|Garchomp, M|357\/357
|-damage|p2a: Duty?|335\/357|[from] Stealth Rock
|turn|7
|c| Sticky Fingaa|GO BLUE
|
|t:|1621209750
|switch|p1a: Fidelis|Corviknight, F|100\/100
|-ability|p1a: Fidelis|Pressure
|move|p2a: Duty?|Swords Dance|p2a: Duty?
|-boost|p2a: Duty?|atk|2
|
|upkeep
|turn|8
|c| Coppersmith|You killed Ferro! Good work!
|
|t:|1621209766
|switch|p1a: Mathmagician|Gastrodon-East, F|88\/100
|move|p2a: Duty?|Stealth Rock|p1a: Mathmagician
|-sidestart|p1: TheRubySamurai|move: Stealth Rock
|
|-heal|p1a: Mathmagician|94\/100|[from] item: Leftovers
|upkeep
|turn|9
|
|t:|1621209774
|move|p2a: Duty?|Earthquake|p1a: Mathmagician
|-damage|p1a: Mathmagician|0 fnt
|faint|p1a: Mathmagician
|
|upkeep
|
|t:|1621209781
|switch|p1a: Copeland|Rillaboom, M|100\/100
|-damage|p1a: Copeland|88\/100|[from] Stealth Rock
|-fieldstart|move: Grassy Terrain|[from] ability: Grassy Surge|[of] p1a: Copeland
|turn|10
|
|t:|1621209789
|detailschange|p1a: Copeland|Rillaboom-Mega, M
|-mega|p1a: Copeland|Rillaboom|Rillaboomite
|-fieldend|move: Grassy Terrain
|-fieldstart|move: Grassy Terrain|[from] ability: Arena Rock|[of] p1a: Copeland
|-start|p1a: Copeland|typechange|Grass|[silent]
|raw|<ul class="utilichart"><li class="result"><span class="col pokemonnamecol" style="white-space: nowrap">Rillaboom-Mega<\/span> <span class="col typecol"><img src="https:\/\/play.pokemonshowdown.com\/sprites\/types\/Grass.png" alt="Grass" height="14" width="32"><\/span> <span style="float: left ; min-height: 26px"><span class="col abilitycol">Arena Rock<\/span><span class="col abilitycol"><\/span><\/span><span style="float: left ; min-height: 26px"><span class="col statcol"><em>HP<\/em><br>100<\/span> <span class="col statcol"><em>Atk<\/em><br>135<\/span> <span class="col statcol"><em>Def<\/em><br>110<\/span> <span class="col statcol"><em>SpA<\/em><br>80<\/span> <span class="col statcol"><em>SpD<\/em><br>110<\/span> <span class="col statcol"><em>Spe<\/em><br>95<\/span> <\/span><\/li><li style="clear: both"><\/li><\/ul>
|move|p1a: Copeland|Grassy Glide|p2a: Duty?
|-damage|p2a: Duty?|136\/357
|-damage|p1a: Copeland|76\/100|[from] ability: Rough Skin|[of] p2a: Duty?
|-zpower|p2a: Duty?
|move|p2a: Duty?|Continental Crush|p1a: Copeland|[zeffect]
|-damage|p1a: Copeland|0 fnt
|faint|p1a: Copeland
|-heal|p2a: Duty?|158\/357|[from] Grassy Terrain
|-fieldend|move: Grassy Terrain
|
|upkeep
|
|t:|1621209815
|switch|p1a: Fidelis|Corviknight, F|100\/100
|-damage|p1a: Fidelis|88\/100|[from] Stealth Rock
|-ability|p1a: Fidelis|Pressure
|turn|11
|
|t:|1621209824
|move|p2a: Duty?|Swords Dance|p2a: Duty?
|-boost|p2a: Duty?|atk|2
|move|p1a: Fidelis|Defog|p2a: Duty?
|-unboost|p2a: Duty?|evasion|1
|-sideend|p2: Princess BlueRay|Stealth Rock|[from] move: Defog|[of] p1a: Fidelis
|-sideend|p1: TheRubySamurai|Stealth Rock|[from] move: Defog|[of] p1a: Fidelis
|
|-heal|p1a: Fidelis|94\/100|[from] item: Leftovers
|upkeep
|turn|12
|c| Coppersmith|NEVER SURRENDER! IT ISNT OVER!
|
|t:|1621209833
|move|p2a: Duty?|Stone Edge|p1a: Fidelis
|-damage|p1a: Fidelis|26\/100
|move|p1a: Fidelis|U-turn|p2a: Duty?
|-damage|p2a: Duty?|111\/357
|-damage|p1a: Fidelis|13\/100|[from] ability: Rough Skin|[of] p2a: Duty?
|
|t:|1621209836
|switch|p1a: Drop a Draco|Latias, F|100\/100|[from]move: U-turn
|
|upkeep
|turn|13
|
|t:|1621209844
|move|p1a: Drop a Draco|Ice Beam|p2a: Duty?
|-supereffective|p2a: Duty?
|-damage|p2a: Duty?|0 fnt
|faint|p2a: Duty?
|
|upkeep
|
|t:|1621209849
|switch|p2a: I|Simisear, F|291\/291
|turn|14
|c| Coppersmith|Let’s GOOOOOO
|
|t:|1621209854
|switch|p1a: Friendly Ball|Clefable, F|100\/100
|detailschange|p2a: I|Simisear-Mega, F
|-mega|p2a: I|Simisear|Simisearite
|-start|p2a: I|typechange|Fire\/Fairy|[silent]
|raw|<ul class="utilichart"><li class="result"><span class="col pokemonnamecol" style="white-space: nowrap">Simisear-Mega<\/span> <span class="col typecol"><img src="https:\/\/play.pokemonshowdown.com\/sprites\/types\/Fire.png" alt="Fire" height="14" width="32"><img src="https:\/\/play.pokemonshowdown.com\/sprites\/types\/Fairy.png" alt="Fairy" height="14" width="32"><\/span> <span style="float: left ; min-height: 26px"><span class="col abilitycol">Red Licorice<\/span><span class="col abilitycol"><\/span><\/span><span style="float: left ; min-height: 26px"><span class="col statcol"><em>HP<\/em><br>75<\/span> <span class="col statcol"><em>Atk<\/em><br>123<\/span> <span class="col statcol"><em>Def<\/em><br>68<\/span> <span class="col statcol"><em>SpA<\/em><br>123<\/span> <span class="col statcol"><em>SpD<\/em><br>88<\/span> <span class="col statcol"><em>Spe<\/em><br>121<\/span> <\/span><\/li><li style="clear: both"><\/li><\/ul>
|move|p2a: I|Dazzling Gleam|p1a: Friendly Ball
|-damage|p1a: Friendly Ball|62\/100
|-start|p1a: Friendly Ball|Sticky Gel|[from] ability: Red Licorice|[of] p2a: I
|
|upkeep
|turn|15
|
|t:|1621209866
|move|p2a: I|Substitute|p2a: I
|-start|p2a: I|Substitute
|-damage|p2a: I|219\/291
|move|p1a: Friendly Ball|Moonblast|p2a: I
|-resisted|p2a: I
|-crit|p2a: I
|-end|p2a: I|Substitute
|
|upkeep
|turn|16
|
|t:|1621209876
|move|p2a: I|Substitute|p2a: I
|-start|p2a: I|Substitute
|-damage|p2a: I|147\/291
|move|p1a: Friendly Ball|Moonblast|p2a: I
|-resisted|p2a: I
|-activate|p2a: I|move: Substitute|[damage]
|
|upkeep
|turn|17
|
|t:|1621209884
|move|p2a: I|Mystical Fire|p1a: Friendly Ball
|-damage|p1a: Friendly Ball|8\/100
|-unboost|p1a: Friendly Ball|spa|1
|-end|p1a: Friendly Ball|Sticky Gel|[silent]
|-hint|The sticky gel ignited!
|-status|p1a: Friendly Ball|brn
|move|p1a: Friendly Ball|Moonblast|p2a: I
|-resisted|p2a: I
|-end|p2a: I|Substitute
|
|upkeep
|turn|18
|
|t:|1621209894
|move|p2a: I|Substitute|p2a: I
|-start|p2a: I|Substitute
|-damage|p2a: I|75\/291
|move|p1a: Friendly Ball|Moonblast|p2a: I
|-resisted|p2a: I
|-crit|p2a: I
|-end|p2a: I|Substitute
|
|upkeep
|turn|19
|
|t:|1621209905
|move|p2a: I|Slack Off|p2a: I
|-heal|p2a: I|221\/291
|move|p1a: Friendly Ball|Moonblast|p2a: I
|-resisted|p2a: I
|-damage|p2a: I|180\/291
|
|upkeep
|turn|20
|
|t:|1621209913
|move|p2a: I|Substitute|p2a: I
|-start|p2a: I|Substitute
|-damage|p2a: I|108\/291
|move|p1a: Friendly Ball|Moonblast|p2a: I
|-resisted|p2a: I
|-activate|p2a: I|move: Substitute|[damage]
|
|upkeep
|turn|21
|
|t:|1621209920
|move|p2a: I|Slack Off|p2a: I
|-heal|p2a: I|254\/291
|move|p1a: Friendly Ball|Moonblast|p2a: I
|-resisted|p2a: I
|-end|p2a: I|Substitute
|
|upkeep
|turn|22
|
|t:|1621209927
|move|p2a: I|Substitute|p2a: I
|-start|p2a: I|Substitute
|-damage|p2a: I|182\/291
|move|p1a: Friendly Ball|Moonblast|p2a: I
|-resisted|p2a: I
|-activate|p2a: I|move: Substitute|[damage]
|
|upkeep
|turn|23
|
|t:|1621209934
|move|p2a: I|Mystical Fire|p1a: Friendly Ball
|-damage|p1a: Friendly Ball|0 fnt
|faint|p1a: Friendly Ball
|
|upkeep
|
|t:|1621209938
|switch|p1a: Zoner|Magnezone|67\/100
|turn|24
|
|t:|1621209942
|move|p2a: I|Mystical Fire|p1a: Zoner
|-supereffective|p1a: Zoner
|-damage|p1a: Zoner|0 fnt
|faint|p1a: Zoner
|
|upkeep
|
|t:|1621209945
|switch|p1a: Drop a Draco|Latias, F|100\/100
|turn|25
|
|t:|1621209950
|move|p2a: I|Dazzling Gleam|p1a: Drop a Draco
|-supereffective|p1a: Drop a Draco
|-crit|p1a: Drop a Draco
|-damage|p1a: Drop a Draco|16\/100
|-start|p1a: Drop a Draco|Sticky Gel|[from] ability: Red Licorice|[of] p2a: I
|move|p1a: Drop a Draco|Calm Mind|p1a: Drop a Draco
|-boost|p1a: Drop a Draco|spa|1
|-boost|p1a: Drop a Draco|spd|1
|
|-heal|p1a: Drop a Draco|22\/100|[from] item: Leftovers
|upkeep
|turn|26
|l| Coppersmith
|
|t:|1621209961
|move|p2a: I|Dazzling Gleam|p1a: Drop a Draco
|-supereffective|p1a: Drop a Draco
|-damage|p1a: Drop a Draco|0 fnt
|faint|p1a: Drop a Draco
|
|upkeep
|
|t:|1621209965
|switch|p1a: Fidelis|Corviknight, F|13\/100
|-ability|p1a: Fidelis|Pressure
|turn|27
|c|☆TheRubySamurai|nope
|
|t:|1621209971
|move|p2a: I|Mystical Fire|p1a: Fidelis
|-supereffective|p1a: Fidelis
|-damage|p1a: Fidelis|0 fnt
|faint|p1a: Fidelis
|
|win|Princess BlueRay</script>
</div>
<div class="battle-log battle-log-inline"><div class="inner"><div class="battle-options"><div style="padding-top: 3px; padding-right: 3px; text-align: right"><button class="icon button" name="openBattleOptions" title="Options">Battle Options</button></div></div><div class="inner message-log"><div class="chat"><small>☆TheRubySamurai and ☆Princess BlueRay joined</small></div><div class=""><small>Format:</small> <br><strong>[Gen 8] Megas for All</strong></div><div class=""><small><em>HP Percentage Mod:</em> HP is shown in percentages</small></div><div class=""><small><em>Endless Battle Clause:</em> Forcing endless battles is banned</small></div><div class=""><small><em>OHKO Clause:</em> OHKO moves are banned</small></div><div class=""><small><em>Evasion Moves Clause:</em> Evasion moves are banned</small></div><div class=""><small><em>Species Clause:</em> Limit one of each Pokémon</small></div><div class=""><small><em>Dynamax Clause:</em> You cannot dynamax</small></div><div class=""><small><em>Sleep Clause Mod:</em> Limit one foe put to sleep</small></div><div class=""><small><em>Freeze Clause Mod:</em> Limit one foe frozen</small></div><div class="chat"><img src="https://www.smogon.com/forums/attachments/banner_2-png.302358/" height="65" width="381"></div><div class="spacer battle-history"><br></div><div class="battle-history"><small>Welcome to Megas for All!</small><br></div><div class="battle-history"><small>This is a National Dex-based format where we aim to give a new Mega Evolution to every Pokémon.</small><br></div><div class="battle-history"><small>Just like any official format, you can still only Mega Evolve one Pokémon per team!</small><br></div><div class="battle-history"><small>You can find our thread and metagame resources here:</small><br></div><div class="battle-history"><small>https://www.smogon.com/forums/threads/3671140/</small><br></div><div class="chat battle-history"><strong>TheRubySamurai's team:</strong> <em style="color:#445566;display:block;">Rillaboom / Gastrodon-East / Magnezone / Corviknight / Latias / Clefable</em></div><div class="chat battle-history"><strong>Princess BlueRay's team:</strong> <em style="color:#445566;display:block;">Corviknight / Simisear / Victini / Toxapex / Ferrothorn / Garchomp</em></div><div class="chat"><small> Ninjacid joined</small></div><div class="chat chatmessage-princessblueray mine"><strong style="color:#c4376b"><small>☆</small><span class="username" data-name="Princess BlueRay">Princess BlueRay</span>:</strong> <em>Glhf, my darling</em></div><div class="chat"><small> Sticky Fingaa joined</small></div><div class="chat chatmessage-ninjacid"><strong style="color:#c62447"><small> </small><span class="username" data-name="Ninjacid">Ninjacid</span>:</strong> <em>Good luck both of you but especially blue</em></div><div class="chat chatmessage-therubysamurai"><strong style="color:#de177a"><small>☆</small><span class="username" data-name="TheRubySamurai">TheRubySamurai</span>:</strong> <em>Glhf my princess</em></div><div class="chat"><small> Pupugugu joined</small></div><div class="chat chatmessage-ninjacid"><strong style="color:#c62447"><small> </small><span class="username" data-name="Ninjacid">Ninjacid</span>:</strong> <em>lol</em></div><div class="chat chatmessage-stickyfingaa"><strong style="color:#e76311"><small> </small><span class="username" data-name="Sticky Fingaa">Sticky Fingaa</span>:</strong> <em>glhf both</em></div><div class="chat"><small> TEST do .bos joined</small></div><div class="chat chatmessage-ninjacid"><strong style="color:#c62447"><small> </small><span class="username" data-name="Ninjacid">Ninjacid</span>:</strong> <em>pda</em></div><div class="chat chatmessage-pupugugu"><strong style="color:#2b7b91"><small> </small><span class="username" data-name="Pupugugu">Pupugugu</span>:</strong> <em>Go paauulll</em></div><div class="spacer battle-history"><br></div><div class="battle-history">Battle started between TheRubySamurai and Princess BlueRay!<br></div><div class="spacer battle-history"><br></div><div class="battle-history">TheRubySamurai sent out Friendly Ball (<strong>Clefable</strong>)!<br></div><div class="spacer battle-history"><br></div><div class="battle-history">Go! Choose (<strong>Victini</strong>)!<br></div><div class="spacer battle-history"><br></div><h2 class="battle-history">Turn 1</h2><div class="chat"><small> JosJet joined</small></div><div class="spacer battle-history"><br></div><div class="battle-history">Choose used <strong>Trick</strong>!<br></div><div class="battle-history"><small>Choose switched items with its target!</small><br></div><div class="battle-history"><small>The opposing Friendly Ball obtained one Choice Scarf.</small><br></div><div class="battle-history"><small>Choose obtained one Life Orb.</small><br></div><div class="spacer battle-history"><br></div><div class="battle-history">The opposing Friendly Ball used <strong>Stealth Rock</strong>!<br></div><div class="battle-history"><small>Pointed stones float in the air around your team!</small><br></div><div class="spacer battle-history"><br></div><h2 class="battle-history">Turn 2</h2><div class="chat chatmessage-josjet"><strong style="color:#41b2b6"><small> </small><span class="username" data-name="JosJet">JosJet</span>:</strong> <em>have fun!!</em></div><div class="spacer battle-history"><br></div><div class="battle-history">TheRubySamurai withdrew Friendly Ball!<br></div><div class="battle-history">TheRubySamurai sent out Mathmagician (<strong>Gastrodon-East</strong>)!<br></div><div class="spacer battle-history"><br></div><div class="battle-history">Choose used <strong>U-turn</strong>!<br></div><div class="battle-history"><small>(The opposing Mathmagician lost 26% of its health!)</small><br></div><div class="battle-history"><small>Choose lost some of its HP!</small><br></div><div class="spacer battle-history"><br></div><div class="battle-history">Choose went back to Princess BlueRay!<br></div><div class="battle-history">Go! Or (<strong>Ferrothorn</strong>)!<br></div><div class="battle-history"><small>Pointed stones dug into Or!</small><br></div><div class="spacer battle-history"><br></div><div class="battle-history"><small>The opposing Mathmagician restored a little HP using its Leftovers!</small><br></div><div class="battle-history"><small>Or restored a little HP using its Leftovers!</small><br></div><div class="spacer battle-history"><br></div><h2 class="battle-history">Turn 3</h2><div class="spacer battle-history"><br></div><div class="battle-history">The opposing Mathmagician used <strong>Recover</strong>!<br></div><div class="battle-history"><small>The opposing Mathmagician had its HP restored.</small><br></div><div class="spacer battle-history"><br></div><div class="battle-history">Or used <strong>Leech Seed</strong>!<br></div><div class="battle-history"><small>The opposing Mathmagician was seeded!</small><br></div><div class="spacer battle-history"><br></div><div class="battle-history"><small>The opposing Mathmagician's health is sapped by Leech Seed!</small><br></div><div class="spacer battle-history"><br></div><h2 class="battle-history">Turn 4</h2><div class="spacer battle-history"><br></div><div class="battle-history">TheRubySamurai withdrew Mathmagician!<br></div><div class="battle-history">TheRubySamurai sent out Zoner (<strong>Magnezone</strong>)!<br></div><div class="spacer battle-history"><br></div><div class="battle-history">Or used <strong>Knock Off</strong>!<br></div><div class="battle-history"><small>(The opposing Zoner lost 21% of its health!)</small><br></div><div class="battle-history"><small>Or knocked off the opposing Zoner's Choice Specs!</small><br></div><div class="spacer battle-history"><br></div><h2 class="battle-history">Turn 5</h2><div class="spacer battle-history"><br></div><div class="battle-history">The opposing Zoner used <strong>Hidden Power</strong>!<br></div><div class="battle-history"><small>It's super effective!</small><br></div><div class="battle-history"><small>(Or lost <abbr title="−212/352">60.2%</abbr> of its health!)</small><br></div><div class="spacer battle-history"><br></div><div class="battle-history">Or used <strong>Leech Seed</strong>!<br></div><div class="battle-history"><small>The opposing Zoner was seeded!</small><br></div><div class="spacer battle-history"><br></div><div class="battle-history"><small>Or restored a little HP using its Leftovers!</small><br></div><div class="battle-history"><small>The opposing Zoner's health is sapped by Leech Seed!</small><br></div><div class="spacer battle-history"><br></div><h2 class="battle-history">Turn 6</h2><div class="spacer battle-history"><br></div><div class="battle-history">The opposing Zoner used <strong>Hidden Power</strong>!<br></div><div class="battle-history"><small>It's super effective!</small><br></div><div class="battle-history"><small>(Or lost <abbr title="−197/352">56.0%</abbr> of its health!)</small><br></div><div class="spacer battle-history"><br></div><div class="battle-history">Or fainted!<br></div><div class="chat"><small> Coppersmith joined</small></div><div class="chat chatmessage-coppersmith"><strong style="color:#0aa445"><small> </small><span class="username" data-name="Coppersmith">Coppersmith</span>:</strong> <em>Go PAUL</em></div><div class="spacer battle-history"><br></div><div class="battle-history">Go! Duty? (<strong>Garchomp</strong>)!<br></div><div class="battle-history"><small>Pointed stones dug into Duty?!</small><br></div><div class="spacer battle-history"><br></div><h2 class="battle-history">Turn 7</h2><div class="chat chatmessage-stickyfingaa"><strong style="color:#e76311"><small> </small><span class="username" data-name="Sticky Fingaa">Sticky Fingaa</span>:</strong> <em>GO BLUE</em></div><div class="spacer battle-history"><br></div><div class="battle-history">TheRubySamurai withdrew Zoner!<br></div><div class="battle-history">TheRubySamurai sent out Fidelis (<strong>Corviknight</strong>)!<br></div><div class="battle-history">[The opposing Fidelis's Pressure]<br><small>The opposing Fidelis is exerting its pressure!</small><br></div><div class="spacer battle-history"><br></div><div class="battle-history">Duty? used <strong>Swords Dance</strong>!<br></div><div class="battle-history"><small>Duty?'s Attack rose sharply!</small><br></div><div class="spacer battle-history"><br></div><h2 class="battle-history">Turn 8</h2><div class="chat chatmessage-coppersmith"><strong style="color:#0aa445"><small> </small><span class="username" data-name="Coppersmith">Coppersmith</span>:</strong> <em>You killed Ferro! Good work!</em></div><div class="spacer battle-history"><br></div><div class="battle-history">TheRubySamurai withdrew Fidelis!<br></div><div class="battle-history">TheRubySamurai sent out Mathmagician (<strong>Gastrodon-East</strong>)!<br></div><div class="spacer battle-history"><br></div><div class="battle-history">Duty? used <strong>Stealth Rock</strong>!<br></div><div class="battle-history"><small>Pointed stones float in the air around the opposing team!</small><br></div><div class="spacer battle-history"><br></div><div class="battle-history"><small>The opposing Mathmagician restored a little HP using its Leftovers!</small><br></div><div class="spacer battle-history"><br></div><h2 class="battle-history">Turn 9</h2><div class="spacer battle-history"><br></div><div class="battle-history">Duty? used <strong>Earthquake</strong>!<br></div><div class="battle-history"><small>(The opposing Mathmagician lost 94% of its health!)</small><br></div><div class="spacer battle-history"><br></div><div class="battle-history">The opposing Mathmagician fainted!<br></div><div class="spacer battle-history"><br></div><div class="battle-history">TheRubySamurai sent out Copeland (<strong>Rillaboom</strong>)!<br></div><div class="battle-history"><small>Pointed stones dug into the opposing Copeland!</small><br></div><div class="battle-history">[The opposing Copeland's Grassy Surge]<br><small>Grass grew to cover the battlefield!</small><br></div><div class="spacer battle-history"><br></div><h2 class="battle-history">Turn 10</h2><div class="spacer battle-history"><br></div><div class="battle-history"><small>The opposing Copeland's Rillaboomite is reacting to the Key Stone!</small><br>The opposing Copeland has Mega Evolved into Mega Rillaboom!<br></div><div class="battle-history"><small>The grass disappeared from the battlefield.</small><br></div><div class="battle-history">[The opposing Copeland's Arena Rock]<br><small>Grass grew to cover the battlefield!</small><br></div><div class="chat"><ul class="utilichart"><li class="result"><span class="col pokemonnamecol" style="white-space: nowrap">Rillaboom-Mega</span> <span class="col typecol"><img src="https://play.pokemonshowdown.com/sprites/types/Grass.png" alt="Grass" height="14" width="32"></span> <span style="float: left ; min-height: 26px"><span class="col abilitycol">Arena Rock</span><span class="col abilitycol"></span></span><span style="float: left ; min-height: 26px"><span class="col statcol"><em>HP</em><br>100</span> <span class="col statcol"><em>Atk</em><br>135</span> <span class="col statcol"><em>Def</em><br>110</span> <span class="col statcol"><em>SpA</em><br>80</span> <span class="col statcol"><em>SpD</em><br>110</span> <span class="col statcol"><em>Spe</em><br>95</span> </span></li><li style="clear: both"></li></ul></div><div class="spacer battle-history"><br></div><div class="battle-history">The opposing Copeland used <strong>Grassy Glide</strong>!<br></div><div class="battle-history"><small>(Duty? lost <abbr title="−199/357">55.7%</abbr> of its health!)</small><br></div><div class="battle-history">[Duty?'s Rough Skin]<br><small>The opposing Copeland was hurt!</small><br></div><div class="battle-history"><small>Duty? surrounded itself with its Z-Power!</small><br></div><div class="spacer battle-history"><br></div><div class="battle-history"><small>Duty? unleashes its full-force Z-Move!</small><br>Duty? used <strong>Continental Crush</strong>!<br></div><div class="battle-history"><small>(The opposing Copeland lost 76% of its health!)</small><br></div><div class="spacer battle-history"><br></div><div class="battle-history">The opposing Copeland fainted!<br></div><div class="battle-history"><small>Duty?'s HP was restored.</small><br></div><div class="battle-history"><small>The grass disappeared from the battlefield.</small><br></div><div class="spacer battle-history"><br></div><div class="battle-history">TheRubySamurai sent out Fidelis (<strong>Corviknight</strong>)!<br></div><div class="battle-history"><small>Pointed stones dug into the opposing Fidelis!</small><br></div><div class="battle-history">[The opposing Fidelis's Pressure]<br><small>The opposing Fidelis is exerting its pressure!</small><br></div><div class="spacer battle-history"><br></div><h2 class="battle-history">Turn 11</h2><div class="spacer battle-history"><br></div><div class="battle-history">Duty? used <strong>Swords Dance</strong>!<br></div><div class="battle-history"><small>Duty?'s Attack rose sharply!</small><br></div><div class="spacer battle-history"><br></div><div class="battle-history">The opposing Fidelis used <strong>Defog</strong>!<br></div><div class="battle-history"><small>Duty?'s evasiveness fell!</small><br></div><div class="battle-history"><small>The pointed stones disappeared from around your team!</small><br></div><div class="battle-history"><small>The pointed stones disappeared from around the opposing team!</small><br></div><div class="spacer battle-history"><br></div><div class="battle-history"><small>The opposing Fidelis restored a little HP using its Leftovers!</small><br></div><div class="spacer battle-history"><br></div><h2 class="battle-history">Turn 12</h2><div class="chat chatmessage-coppersmith"><strong style="color:#0aa445"><small> </small><span class="username" data-name="Coppersmith">Coppersmith</span>:</strong> <em>NEVER SURRENDER! IT ISNT OVER!</em></div><div class="spacer battle-history"><br></div><div class="battle-history">Duty? used <strong>Stone Edge</strong>!<br></div><div class="battle-history"><small>(The opposing Fidelis lost 68% of its health!)</small><br></div><div class="spacer battle-history"><br></div><div class="battle-history">The opposing Fidelis used <strong>U-turn</strong>!<br></div><div class="battle-history"><small>(Duty? lost <abbr title="−47/357">13.2%</abbr> of its health!)</small><br></div><div class="battle-history">[Duty?'s Rough Skin]<br><small>The opposing Fidelis was hurt!</small><br></div><div class="spacer battle-history"><br></div><div class="battle-history">The opposing Fidelis went back to TheRubySamurai!<br></div><div class="battle-history">TheRubySamurai sent out Drop a Draco (<strong>Latias</strong>)!<br></div><div class="spacer battle-history"><br></div><h2 class="battle-history">Turn 13</h2><div class="spacer battle-history"><br></div><div class="battle-history">The opposing Drop a Draco used <strong>Ice Beam</strong>!<br></div><div class="battle-history"><small>It's super effective!</small><br></div><div class="battle-history"><small>(Duty? lost <abbr title="−111/357">31.1%</abbr> of its health!)</small><br></div><div class="spacer battle-history"><br></div><div class="battle-history">Duty? fainted!<br></div><div class="spacer battle-history"><br></div><div class="battle-history">Go! I (<strong>Simisear</strong>)!<br></div><div class="spacer battle-history"><br></div><h2 class="battle-history">Turn 14</h2><div class="chat chatmessage-coppersmith"><strong style="color:#0aa445"><small> </small><span class="username" data-name="Coppersmith">Coppersmith</span>:</strong> <em>Let’s GOOOOOO</em></div><div class="spacer battle-history"><br></div><div class="battle-history">TheRubySamurai withdrew Drop a Draco!<br></div><div class="battle-history">TheRubySamurai sent out Friendly Ball (<strong>Clefable</strong>)!<br></div><div class="spacer battle-history"><br></div><div class="battle-history"><small>I's Simisearite is reacting to the Key Stone!</small><br>I has Mega Evolved into Mega Simisear!<br></div><div class="chat"><ul class="utilichart"><li class="result"><span class="col pokemonnamecol" style="white-space: nowrap">Simisear-Mega</span> <span class="col typecol"><img src="https://play.pokemonshowdown.com/sprites/types/Fire.png" alt="Fire" height="14" width="32"><img src="https://play.pokemonshowdown.com/sprites/types/Fairy.png" alt="Fairy" height="14" width="32"></span> <span style="float: left ; min-height: 26px"><span class="col abilitycol">Red Licorice</span><span class="col abilitycol"></span></span><span style="float: left ; min-height: 26px"><span class="col statcol"><em>HP</em><br>75</span> <span class="col statcol"><em>Atk</em><br>123</span> <span class="col statcol"><em>Def</em><br>68</span> <span class="col statcol"><em>SpA</em><br>123</span> <span class="col statcol"><em>SpD</em><br>88</span> <span class="col statcol"><em>Spe</em><br>121</span> </span></li><li style="clear: both"></li></ul></div><div class="spacer battle-history"><br></div><div class="battle-history">I used <strong>Dazzling Gleam</strong>!<br></div><div class="battle-history"><small>(The opposing Friendly Ball lost 38% of its health!)</small><br></div><div class="battle-history">[I's Red Licorice]<br><small>(Sticky Gel started on the opposing Friendly Ball!)</small><br></div><div class="spacer battle-history"><br></div><h2 class="battle-history">Turn 15</h2><div class="spacer battle-history"><br></div><div class="battle-history">I used <strong>Substitute</strong>!<br></div><div class="battle-history"><small>I put in a substitute!</small><br></div><div class="battle-history"><small>(I lost <abbr title="−72/291">24.7%</abbr> of its health!)</small><br></div><div class="spacer battle-history"><br></div><div class="battle-history">The opposing Friendly Ball used <strong>Moonblast</strong>!<br></div><div class="battle-history"><small>It's not very effective...</small><br></div><div class="battle-history"><small>A critical hit!</small><br></div><div class="battle-history"><small>I's substitute faded!</small><br></div><div class="spacer battle-history"><br></div><h2 class="battle-history">Turn 16</h2><div class="spacer battle-history"><br></div><div class="battle-history">I used <strong>Substitute</strong>!<br></div><div class="battle-history"><small>I put in a substitute!</small><br></div><div class="battle-history"><small>(I lost <abbr title="−72/291">24.7%</abbr> of its health!)</small><br></div><div class="spacer battle-history"><br></div><div class="battle-history">The opposing Friendly Ball used <strong>Moonblast</strong>!<br></div><div class="battle-history"><small>It's not very effective...</small><br></div><div class="battle-history"><small>The substitute took damage for I!</small><br></div><div class="spacer battle-history"><br></div><h2 class="battle-history">Turn 17</h2><div class="spacer battle-history"><br></div><div class="battle-history">I used <strong>Mystical Fire</strong>!<br></div><div class="battle-history"><small>(The opposing Friendly Ball lost 54% of its health!)</small><br></div><div class="battle-history"><small>The opposing Friendly Ball's Sp. Atk fell!</small><br></div><div class="battle-history"><small>(The sticky gel ignited!)</small><br></div><div class="battle-history"><small>The opposing Friendly Ball was burned!</small><br></div><div class="spacer battle-history"><br></div><div class="battle-history">The opposing Friendly Ball used <strong>Moonblast</strong>!<br></div><div class="battle-history"><small>It's not very effective...</small><br></div><div class="battle-history"><small>I's substitute faded!</small><br></div><div class="spacer battle-history"><br></div><h2 class="battle-history">Turn 18</h2><div class="spacer battle-history"><br></div><div class="battle-history">I used <strong>Substitute</strong>!<br></div><div class="battle-history"><small>I put in a substitute!</small><br></div><div class="battle-history"><small>(I lost <abbr title="−72/291">24.7%</abbr> of its health!)</small><br></div><div class="spacer battle-history"><br></div><div class="battle-history">The opposing Friendly Ball used <strong>Moonblast</strong>!<br></div><div class="battle-history"><small>It's not very effective...</small><br></div><div class="battle-history"><small>A critical hit!</small><br></div><div class="battle-history"><small>I's substitute faded!</small><br></div><div class="spacer battle-history"><br></div><h2 class="battle-history">Turn 19</h2><div class="spacer battle-history"><br></div><div class="battle-history">I used <strong>Slack Off</strong>!<br></div><div class="battle-history"><small>I had its HP restored.</small><br></div><div class="spacer battle-history"><br></div><div class="battle-history">The opposing Friendly Ball used <strong>Moonblast</strong>!<br></div><div class="battle-history"><small>It's not very effective...</small><br></div><div class="battle-history"><small>(I lost <abbr title="−41/291">14.1%</abbr> of its health!)</small><br></div><div class="spacer battle-history"><br></div><h2 class="battle-history">Turn 20</h2><div class="spacer battle-history"><br></div><div class="battle-history">I used <strong>Substitute</strong>!<br></div><div class="battle-history"><small>I put in a substitute!</small><br></div><div class="battle-history"><small>(I lost <abbr title="−72/291">24.7%</abbr> of its health!)</small><br></div><div class="spacer battle-history"><br></div><div class="battle-history">The opposing Friendly Ball used <strong>Moonblast</strong>!<br></div><div class="battle-history"><small>It's not very effective...</small><br></div><div class="battle-history"><small>The substitute took damage for I!</small><br></div><div class="spacer battle-history"><br></div><h2 class="battle-history">Turn 21</h2><div class="spacer battle-history"><br></div><div class="battle-history">I used <strong>Slack Off</strong>!<br></div><div class="battle-history"><small>I had its HP restored.</small><br></div><div class="spacer battle-history"><br></div><div class="battle-history">The opposing Friendly Ball used <strong>Moonblast</strong>!<br></div><div class="battle-history"><small>It's not very effective...</small><br></div><div class="battle-history"><small>I's substitute faded!</small><br></div><div class="spacer battle-history"><br></div><h2 class="battle-history">Turn 22</h2><div class="spacer battle-history"><br></div><div class="battle-history">I used <strong>Substitute</strong>!<br></div><div class="battle-history"><small>I put in a substitute!</small><br></div><div class="battle-history"><small>(I lost <abbr title="−72/291">24.7%</abbr> of its health!)</small><br></div><div class="spacer battle-history"><br></div><div class="battle-history">The opposing Friendly Ball used <strong>Moonblast</strong>!<br></div><div class="battle-history"><small>It's not very effective...</small><br></div><div class="battle-history"><small>The substitute took damage for I!</small><br></div><div class="spacer battle-history"><br></div><h2 class="battle-history">Turn 23</h2><div class="spacer battle-history"><br></div><div class="battle-history">I used <strong>Mystical Fire</strong>!<br></div><div class="battle-history"><small>(The opposing Friendly Ball lost 8% of its health!)</small><br></div><div class="spacer battle-history"><br></div><div class="battle-history">The opposing Friendly Ball fainted!<br></div><div class="spacer battle-history"><br></div><div class="battle-history">TheRubySamurai sent out Zoner (<strong>Magnezone</strong>)!<br></div><div class="spacer battle-history"><br></div><h2 class="battle-history">Turn 24</h2><div class="spacer battle-history"><br></div><div class="battle-history">I used <strong>Mystical Fire</strong>!<br></div><div class="battle-history"><small>It's super effective!</small><br></div><div class="battle-history"><small>(The opposing Zoner lost 67% of its health!)</small><br></div><div class="spacer battle-history"><br></div><div class="battle-history">The opposing Zoner fainted!<br></div><div class="spacer battle-history"><br></div><div class="battle-history">TheRubySamurai sent out Drop a Draco (<strong>Latias</strong>)!<br></div><div class="spacer battle-history"><br></div><h2 class="battle-history">Turn 25</h2><div class="spacer battle-history"><br></div><div class="battle-history">I used <strong>Dazzling Gleam</strong>!<br></div><div class="battle-history"><small>It's super effective!</small><br></div><div class="battle-history"><small>A critical hit!</small><br></div><div class="battle-history"><small>(The opposing Drop a Draco lost 84% of its health!)</small><br></div><div class="battle-history">[I's Red Licorice]<br><small>(Sticky Gel started on the opposing Drop a Draco!)</small><br></div><div class="spacer battle-history"><br></div><div class="battle-history">The opposing Drop a Draco used <strong>Calm Mind</strong>!<br></div><div class="battle-history"><small>The opposing Drop a Draco's Sp. Atk rose!</small><br></div><div class="battle-history"><small>The opposing Drop a Draco's Sp. Def rose!</small><br></div><div class="spacer battle-history"><br></div><div class="battle-history"><small>The opposing Drop a Draco restored a little HP using its Leftovers!</small><br></div><div class="spacer battle-history"><br></div><h2 class="battle-history">Turn 26</h2><div class="chat"><small> Coppersmith left</small></div><div class="spacer battle-history"><br></div><div class="battle-history">I used <strong>Dazzling Gleam</strong>!<br></div><div class="battle-history"><small>It's super effective!</small><br></div><div class="battle-history"><small>(The opposing Drop a Draco lost 22% of its health!)</small><br></div><div class="spacer battle-history"><br></div><div class="battle-history">The opposing Drop a Draco fainted!<br></div><div class="spacer battle-history"><br></div><div class="battle-history">TheRubySamurai sent out Fidelis (<strong>Corviknight</strong>)!<br></div><div class="battle-history">[The opposing Fidelis's Pressure]<br><small>The opposing Fidelis is exerting its pressure!</small><br></div><div class="spacer battle-history"><br></div><h2 class="battle-history">Turn 27</h2><div class="chat chatmessage-therubysamurai"><strong style="color:#de177a"><small>☆</small><span class="username" data-name="TheRubySamurai">TheRubySamurai</span>:</strong> <em>nope</em></div><div class="spacer battle-history"><br></div><div class="battle-history">I used <strong>Mystical Fire</strong>!<br></div><div class="battle-history"><small>It's super effective!</small><br></div><div class="battle-history"><small>(The opposing Fidelis lost 13% of its health!)</small><br></div><div class="spacer battle-history"><br></div><div class="battle-history">The opposing Fidelis fainted!<br></div><div class="spacer battle-history"><br></div><div class="battle-history"><strong>Princess BlueRay</strong> won the battle!<br></div></div><div class="inner-preempt message-log"></div></div></div>
</div>
<script>
let daily = Math.floor(Date.now()/1000/60/60/24);document.write('<script src="https://dragonheaven.herokuapp.com/js/replay-embed.js?version'+daily+'"></'+'script>');
</script>
