<!DOCTYPE html>
<meta charset="utf-8" />
<!-- version 1 -->
<title>[Gen 8] Megas for All replay: Mossy Sandwich vs. pokisokis</title>
<style>
html,body {font-family:Verdana, sans-serif;font-size:10pt;margin:0;padding:0;}body{padding:12px 0;} .battle-log {font-family:Verdana, sans-serif;font-size:10pt;} .battle-log-inline {border:1px solid #AAAAAA;background:#EEF2F5;color:black;max-width:640px;margin:0 auto 80px;padding-bottom:5px;} .battle-log .inner {padding:4px 8px 0px 8px;} .battle-log .inner-preempt {padding:0 8px 4px 8px;} .battle-log .inner-after {margin-top:0.5em;} .battle-log h2 {margin:0.5em -8px;padding:4px 8px;border:1px solid #AAAAAA;background:#E0E7EA;border-left:0;border-right:0;font-family:Verdana, sans-serif;font-size:13pt;} .battle-log .chat {vertical-align:middle;padding:3px 0 3px 0;font-size:8pt;} .battle-log .chat strong {color:#40576A;} .battle-log .chat em {padding:1px 4px 1px 3px;color:#000000;font-style:normal;} .chat.mine {background:rgba(0,0,0,0.05);margin-left:-8px;margin-right:-8px;padding-left:8px;padding-right:8px;} .spoiler {color:#BBBBBB;background:#BBBBBB;padding:0px 3px;} .spoiler:hover, .spoiler:active, .spoiler-shown {color:#000000;background:#E2E2E2;padding:0px 3px;} .spoiler a {color:#BBBBBB;} .spoiler:hover a, .spoiler:active a, .spoiler-shown a {color:#2288CC;} .chat code, .chat .spoiler:hover code, .chat .spoiler:active code, .chat .spoiler-shown code {border:1px solid #C0C0C0;background:#EEEEEE;color:black;padding:0 2px;} .chat .spoiler code {border:1px solid #CCCCCC;background:#CCCCCC;color:#CCCCCC;} .battle-log .rated {padding:3px 4px;} .battle-log .rated strong {color:white;background:#89A;padding:1px 4px;border-radius:4px;} .spacer {margin-top:0.5em;} .message-announce {background:#6688AA;color:white;padding:1px 4px 2px;} .message-announce a, .broadcast-green a, .broadcast-blue a, .broadcast-red a {color:#DDEEFF;} .broadcast-green {background-color:#559955;color:white;padding:2px 4px;} .broadcast-blue {background-color:#6688AA;color:white;padding:2px 4px;} .infobox {border:1px solid #6688AA;padding:2px 4px;} .infobox-limited {max-height:200px;overflow:auto;overflow-x:hidden;} .broadcast-red {background-color:#AA5544;color:white;padding:2px 4px;} .message-learn-canlearn {font-weight:bold;color:#228822;text-decoration:underline;} .message-learn-cannotlearn {font-weight:bold;color:#CC2222;text-decoration:underline;} .message-effect-weak {font-weight:bold;color:#CC2222;} .message-effect-resist {font-weight:bold;color:#6688AA;} .message-effect-immune {font-weight:bold;color:#666666;} .message-learn-list {margin-top:0;margin-bottom:0;} .message-throttle-notice, .message-error {color:#992222;} .message-overflow, .chat small.message-overflow {font-size:0pt;} .message-overflow::before {font-size:9pt;content:'...';} .subtle {color:#3A4A66;}
</style>
<div class="wrapper replay-wrapper" style="max-width:1180px;margin:0 auto">
<input type="hidden" name="replayid" value="dragonheaven-gen8megasforall-320" />
<div class="battle"></div><div class="battle-log"></div><div class="replay-controls"></div><div class="replay-controls-2"></div>
<h1 style="font-weight:normal;text-align:center"><strong>[Gen 8] Megas for All</strong><br /><a href="http://pokemonshowdown.com/users/mossysandwich" class="subtle" target="_blank">Mossy Sandwich</a> vs. <a href="http://pokemonshowdown.com/users/pokisokis" class="subtle" target="_blank">pokisokis</a></h1>
<script type="text/plain" class="battle-log-data">|j|☆Mossy Sandwich
|j|☆pokisokis
|t:|1609888515
|player|p1|Mossy Sandwich|266|
|player|p2|pokisokis|101|
|teamsize|p1|6
|teamsize|p2|6
|gametype|singles
|gen|8
|tier|[Gen 8] Megas for All
|clearpoke
|poke|p1|Meganium, M|
|poke|p1|Torkoal, M|
|poke|p1|Landorus-Therian, M|
|poke|p1|Charizard, M|
|poke|p1|Tapu Fini|
|poke|p1|Venusaur, M|
|poke|p2|Pelipper, M|
|poke|p2|Barraskewda, F|
|poke|p2|Zapdos|
|poke|p2|Ferrothorn, M|
|poke|p2|Clefable, F|
|poke|p2|Walrein, M|
|rule|HP Percentage Mod: HP is shown in percentages
|rule|Endless Battle Clause: Forcing endless battles is banned
|rule|OHKO Clause: OHKO moves are banned
|rule|Evasion Moves Clause: Evasion moves are banned
|rule|Species Clause: Limit one of each Pokémon
|rule|Dynamax Clause: You cannot dynamax
|rule|Sleep Clause Mod: Limit one foe put to sleep
|rule|Freeze Clause Mod: Limit one foe frozen
|teampreview
|c|☆Mossy Sandwich|gl hf!
|c|☆pokisokis|glhf
|
|t:|1609888533
|start
|switch|p1a: Venusaur|Venusaur, M|100\/100
|switch|p2a: Tusky Boi|Walrein, M|100\/100
|turn|1
|
|t:|1609888543
|switch|p1a: Tapu Fini|Tapu Fini|100\/100
|-fieldstart|move: Misty Terrain|[from] ability: Misty Surge|[of] p1a: Tapu Fini
|switch|p2a: Deez Nuts|Ferrothorn, M|100\/100
|
|upkeep
|turn|2
|
|t:|1609888554
|move|p1a: Tapu Fini|Taunt|p2a: Deez Nuts
|-start|p2a: Deez Nuts|move: Taunt
|cant|p2a: Deez Nuts|move: Taunt|Spikes
|
|upkeep
|turn|3
|
|t:|1609888559
|move|p1a: Tapu Fini|Knock Off|p2a: Deez Nuts
|-damage|p2a: Deez Nuts|90\/100
|-damage|p1a: Tapu Fini|88\/100|[from] ability: Iron Barbs|[of] p2a: Deez Nuts
|-enditem|p2a: Deez Nuts|Leftovers|[from] move: Knock Off|[of] p1a: Tapu Fini
|move|p2a: Deez Nuts|Knock Off|p1a: Tapu Fini
|-resisted|p1a: Tapu Fini
|-damage|p1a: Tapu Fini|79\/100
|-enditem|p1a: Tapu Fini|Leftovers|[from] move: Knock Off|[of] p2a: Deez Nuts
|
|upkeep
|turn|4
|j| inkbug1

|
|t:|1609888569
|switch|p1a: Meganium|Meganium, M|100\/100
|move|p2a: Deez Nuts|Power Whip|p1a: Meganium
|-resisted|p1a: Meganium
|-damage|p1a: Meganium|80\/100
|
|-end|p2a: Deez Nuts|move: Taunt
|upkeep
|turn|5
|
|t:|1609888583
|switch|p2a: Tusky Boi|Walrein, M|100\/100
|move|p1a: Meganium|Dragon Dance|p1a: Meganium
|-boost|p1a: Meganium|atk|1
|-boost|p1a: Meganium|spe|1
|
|-fieldend|Misty Terrain
|upkeep
|turn|6
|
|t:|1609888597
|detailschange|p1a: Meganium|Meganium-Mega, M
|-mega|p1a: Meganium|Meganium|Meganiumite
|-start|p1a: Meganium|typechange|Grass|[silent]
|raw|<ul class="utilichart"><li class="result"><span class="col pokemonnamecol" style="white-space: nowrap">Meganium-Mega<\/span> <span class="col typecol"><img src="https:\/\/play.pokemonshowdown.com\/sprites\/types\/Grass.png" alt="Grass" height="14" width="32"><\/span> <span style="float: left ; min-height: 26px"><span class="col abilitycol">Flower Gift<\/span><span class="col abilitycol"><\/span><\/span><span style="float: left ; min-height: 26px"><span class="col statcol"><em>HP<\/em><br>80<\/span> <span class="col statcol"><em>Atk<\/em><br>117<\/span> <span class="col statcol"><em>Def<\/em><br>110<\/span> <span class="col statcol"><em>SpA<\/em><br>118<\/span> <span class="col statcol"><em>SpD<\/em><br>120<\/span> <span class="col statcol"><em>Spe<\/em><br>80<\/span> <\/span><\/li><li style="clear: both"><\/li><\/ul>
|detailschange|p2a: Tusky Boi|Walrein-Mega, M
|-mega|p2a: Tusky Boi|Walrein|Walreinite
|-weather|RainDance|[from] ability: Drizzle|[of] p2a: Tusky Boi
|-start|p2a: Tusky Boi|typechange|Ice\/Water|[silent]
|raw|<ul class="utilichart"><li class="result"><span class="col pokemonnamecol" style="white-space: nowrap">Walrein-Mega<\/span> <span class="col typecol"><img src="https:\/\/play.pokemonshowdown.com\/sprites\/types\/Ice.png" alt="Ice" height="14" width="32"><img src="https:\/\/play.pokemonshowdown.com\/sprites\/types\/Water.png" alt="Water" height="14" width="32"><\/span> <span style="float: left ; min-height: 26px"><span class="col abilitycol">Drizzle<\/span><span class="col abilitycol"><\/span><\/span><span style="float: left ; min-height: 26px"><span class="col statcol"><em>HP<\/em><br>110<\/span> <span class="col statcol"><em>Atk<\/em><br>110<\/span> <span class="col statcol"><em>Def<\/em><br>90<\/span> <span class="col statcol"><em>SpA<\/em><br>145<\/span> <span class="col statcol"><em>SpD<\/em><br>90<\/span> <span class="col statcol"><em>Spe<\/em><br>85<\/span> <\/span><\/li><li style="clear: both"><\/li><\/ul>
|move|p1a: Meganium|Earthquake|p2a: Tusky Boi
|-damage|p2a: Tusky Boi|55\/100
|move|p2a: Tusky Boi|Freeze-Dry|p1a: Meganium
|-supereffective|p1a: Meganium
|-damage|p1a: Meganium|18\/100
|
|-weather|RainDance|[upkeep]
|upkeep
|turn|7
|
|t:|1609888608
|move|p1a: Meganium|Earthquake|p2a: Tusky Boi
|-damage|p2a: Tusky Boi|6\/100
|move|p2a: Tusky Boi|Flip Turn|p1a: Meganium
|-resisted|p1a: Meganium
|-damage|p1a: Meganium|2\/100
|
|t:|1609888615
|switch|p2a: Incoming|Barraskewda, F, shiny|100\/100|[from]move: Flip Turn
|
|-weather|RainDance|[upkeep]
|upkeep
|turn|8
|
|t:|1609888621
|switch|p1a: Torkoal|Torkoal, M|100\/100
|-weather|SunnyDay|[from] ability: Drought|[of] p1a: Torkoal
|move|p2a: Incoming|Flip Turn|p1a: Torkoal
|-supereffective|p1a: Torkoal
|-damage|p1a: Torkoal|73\/100
|
|t:|1609888628
|switch|p2a: Tusky Boi|Walrein-Mega, M|6\/100|[from]move: Flip Turn
|-start|p2a: Tusky Boi|typechange|Ice\/Water|[silent]
|-weather|RainDance|[from] ability: Drizzle|[of] p2a: Tusky Boi
|
|-weather|RainDance|[upkeep]
|upkeep
|turn|9
|
|t:|1609888633
|switch|p1a: Meganium|Meganium-Mega, M|2\/100
|-start|p1a: Meganium|typechange|Grass|[silent]
|move|p2a: Tusky Boi|Slack Off|p2a: Tusky Boi
|-heal|p2a: Tusky Boi|56\/100
|
|-weather|RainDance|[upkeep]
|upkeep
|turn|10
|c|☆Mossy Sandwich|This matchup sucks
|
|t:|1609888645
|switch|p2a: Dunder Birb|Zapdos, shiny|100\/100
|move|p1a: Meganium|Earthquake|p2a: Dunder Birb
|-immune|p2a: Dunder Birb
|
|-weather|RainDance|[upkeep]
|upkeep
|turn|11
|
|t:|1609888663
|move|p1a: Meganium|Dragon Dance|p1a: Meganium
|-boost|p1a: Meganium|atk|1
|-boost|p1a: Meganium|spe|1
|move|p2a: Dunder Birb|Thunder|p1a: Meganium
|-resisted|p1a: Meganium
|-damage|p1a: Meganium|0 fnt
|faint|p1a: Meganium
|
|-weather|RainDance|[upkeep]
|upkeep
|
|t:|1609888668
|switch|p1a: Torkoal|Torkoal, M|73\/100
|-weather|SunnyDay|[from] ability: Drought|[of] p1a: Torkoal
|turn|12
|
|t:|1609888679
|switch|p2a: Singin'|Pelipper, M|100\/100
|-weather|RainDance|[from] ability: Drizzle|[of] p2a: Singin'
|move|p1a: Torkoal|Stealth Rock|p2a: Singin'
|-sidestart|p2: pokisokis|move: Stealth Rock
|
|-weather|RainDance|[upkeep]
|upkeep
|turn|13
|
|t:|1609888692
|switch|p1a: Tapu Fini|Tapu Fini|79\/100
|-fieldstart|move: Misty Terrain|[from] ability: Misty Surge|[of] p1a: Tapu Fini
|move|p2a: Singin'|Defog|p1a: Tapu Fini
|-unboost|p1a: Tapu Fini|evasion|1
|-sideend|p2: pokisokis|Stealth Rock|[from] move: Defog|[of] p2a: Singin'
|-fieldend|Misty Terrain
|
|-weather|RainDance|[upkeep]
|upkeep
|turn|14
|
|t:|1609888703
|move|p1a: Tapu Fini|Moonblast|p2a: Singin'
|-damage|p2a: Singin'|57\/100
|move|p2a: Singin'|U-turn|p1a: Tapu Fini
|-resisted|p1a: Tapu Fini
|-damage|p1a: Tapu Fini|75\/100
|
|t:|1609888710
|switch|p2a: Dunder Birb|Zapdos, shiny|100\/100|[from]move: U-turn
|
|-weather|RainDance|[upkeep]
|upkeep
|turn|15
|
|t:|1609888714
|switch|p1a: Torkoal|Torkoal, M|73\/100
|-weather|SunnyDay|[from] ability: Drought|[of] p1a: Torkoal
|move|p2a: Dunder Birb|Hurricane|p1a: Torkoal
|-damage|p1a: Torkoal|0 fnt
|faint|p1a: Torkoal
|
|-weather|SunnyDay|[upkeep]
|upkeep
|
|t:|1609888717
|switch|p1a: Venusaur|Venusaur, M|100\/100
|turn|16
|
|t:|1609888726
|move|p1a: Venusaur|Growth|p1a: Venusaur
|-boost|p1a: Venusaur|atk|2
|-boost|p1a: Venusaur|spa|2
|move|p2a: Dunder Birb|Weather Ball|p1a: Venusaur
|-supereffective|p1a: Venusaur
|-damage|p1a: Venusaur|0 fnt
|faint|p1a: Venusaur
|
|-weather|SunnyDay|[upkeep]
|upkeep
|
|t:|1609888730
|switch|p1a: Charizard|Charizard, M|100\/100
|turn|17
|
|t:|1609888752
|switch|p2a: Tusky Boi|Walrein-Mega, M|56\/100
|-start|p2a: Tusky Boi|typechange|Ice\/Water|[silent]
|-weather|RainDance|[from] ability: Drizzle|[of] p2a: Tusky Boi
|move|p1a: Charizard|Weather Ball|p2a: Tusky Boi
|-resisted|p2a: Tusky Boi
|-damage|p2a: Tusky Boi|33\/100
|
|-weather|RainDance|[upkeep]
|upkeep
|turn|18
|
|t:|1609888761
|switch|p1a: Landorus|Landorus-Therian, M|100\/100
|-ability|p1a: Landorus|Intimidate|boost
|-unboost|p2a: Tusky Boi|atk|1
|move|p2a: Tusky Boi|Slack Off|p2a: Tusky Boi
|-heal|p2a: Tusky Boi|83\/100
|
|-weather|RainDance|[upkeep]
|upkeep
|turn|19
|
|t:|1609888769
|move|p1a: Landorus|Stealth Rock|p2a: Tusky Boi
|-sidestart|p2: pokisokis|move: Stealth Rock
|move|p2a: Tusky Boi|Freeze-Dry|p1a: Landorus
|-supereffective|p1a: Landorus
|-damage|p1a: Landorus|0 fnt
|faint|p1a: Landorus
|
|-weather|RainDance|[upkeep]
|upkeep
|
|t:|1609888772
|switch|p1a: Charizard|Charizard, M|100\/100
|turn|20
|c|☆pokisokis|2 rockers?
|
|t:|1609888779
|move|p1a: Charizard|Overheat|p2a: Tusky Boi
|-damage|p2a: Tusky Boi|55\/100
|-unboost|p1a: Charizard|spa|2
|move|p2a: Tusky Boi|Flip Turn|p1a: Charizard
|-supereffective|p1a: Charizard
|-damage|p1a: Charizard|41\/100
|c|☆Mossy Sandwich|torkoal isn't reliable
|
|t:|1609888789
|switch|p2a: Incoming|Barraskewda, F, shiny|100\/100|[from]move: Flip Turn
|-damage|p2a: Incoming|88\/100|[from] Stealth Rock
|
|-weather|RainDance|[upkeep]
|upkeep
|turn|21
|
|t:|1609888795
|switch|p1a: Tapu Fini|Tapu Fini|75\/100
|-fieldstart|move: Misty Terrain|[from] ability: Misty Surge|[of] p1a: Tapu Fini
|move|p2a: Incoming|Waterfall|p1a: Tapu Fini
|-resisted|p1a: Tapu Fini
|-damage|p1a: Tapu Fini|31\/100
|
|-weather|none
|upkeep
|turn|22
|
|t:|1609888807
|switch|p2a: Singin'|Pelipper, M|57\/100
|-weather|RainDance|[from] ability: Drizzle|[of] p2a: Singin'
|move|p1a: Tapu Fini|Moonblast|p2a: Singin'
|-damage|p2a: Singin'|12\/100
|-unboost|p2a: Singin'|spa|1
|
|-weather|RainDance|[upkeep]
|upkeep
|turn|23
|
|t:|1609888818
|move|p1a: Tapu Fini|Moonblast|p2a: Singin'
|-crit|p2a: Singin'
|-damage|p2a: Singin'|0 fnt
|faint|p2a: Singin'
|
|-weather|RainDance|[upkeep]
|upkeep
|
|t:|1609888824
|switch|p2a: Incoming|Barraskewda, F, shiny|88\/100
|-damage|p2a: Incoming|76\/100|[from] Stealth Rock
|turn|24
|
|t:|1609888828
|move|p2a: Incoming|Waterfall|p1a: Tapu Fini
|-resisted|p1a: Tapu Fini
|-crit|p1a: Tapu Fini
|-damage|p1a: Tapu Fini|0 fnt
|faint|p1a: Tapu Fini
|
|-weather|RainDance|[upkeep]
|upkeep
|c|☆Mossy Sandwich|gg
|
|t:|1609888832
|switch|p1a: Charizard|Charizard, M|41\/100
|turn|25
|c|☆pokisokis|gg
|
|t:|1609888835
|move|p2a: Incoming|Waterfall|p1a: Charizard
|-supereffective|p1a: Charizard
|-damage|p1a: Charizard|0 fnt
|faint|p1a: Charizard
|
|win|pokisokis
|l|☆Mossy Sandwich
|l|☆pokisokis</script>
</div>
<div class="battle-log battle-log-inline"><div class="inner"><div class="battle-options"><div style="padding-top: 3px; padding-right: 3px; text-align: right"><button class="icon button" name="openBattleOptions" title="Options">Battle Options</button></div></div><div class="inner message-log"><div class="chat"><small>☆Mossy Sandwich and ☆pokisokis joined</small></div><div class=""><small>Format:</small> <br><strong>[Gen 8] Megas for All</strong></div><div class=""><small><em>HP Percentage Mod:</em> HP is shown in percentages</small></div><div class=""><small><em>Endless Battle Clause:</em> Forcing endless battles is banned</small></div><div class=""><small><em>OHKO Clause:</em> OHKO moves are banned</small></div><div class=""><small><em>Evasion Moves Clause:</em> Evasion moves are banned</small></div><div class=""><small><em>Species Clause:</em> Limit one of each Pokémon</small></div><div class=""><small><em>Dynamax Clause:</em> You cannot dynamax</small></div><div class=""><small><em>Sleep Clause Mod:</em> Limit one foe put to sleep</small></div><div class=""><small><em>Freeze Clause Mod:</em> Limit one foe frozen</small></div><div class="chat battle-history"><strong>Mossy Sandwich's team:</strong> <em style="color:#445566;display:block;">Meganium / Torkoal / Landorus-Therian / Charizard / Tapu Fini / Venusaur</em></div><div class="chat battle-history"><strong>pokisokis's team:</strong> <em style="color:#445566;display:block;">Pelipper / Barraskewda / Zapdos / Ferrothorn / Clefable / Walrein</em></div><div class="chat chatmessage-mossysandwich"><strong style="color:#ba49a2"><small>☆</small><span class="username" data-name="Mossy Sandwich">Mossy Sandwich</span>:</strong> <em>gl hf!</em></div><div class="chat chatmessage-pokisokis"><strong style="color:#12adbe"><small>☆</small><span class="username" data-name="pokisokis">pokisokis</span>:</strong> <em>glhf</em></div><div class="spacer battle-history"><br></div><div class="battle-history">Battle started between Mossy Sandwich and pokisokis!<br></div><div class="spacer battle-history"><br></div><div class="battle-history">Go! <strong>Venusaur</strong>!<br></div><div class="spacer battle-history"><br></div><div class="battle-history">pokisokis sent out Tusky Boi (<strong>Walrein</strong>)!<br></div><div class="spacer battle-history"><br></div><h2 class="battle-history">Turn 1</h2><div class="spacer battle-history"><br></div><div class="battle-history">Venusaur, come back!<br></div><div class="battle-history">Go! <strong>Tapu Fini</strong>!<br></div><div class="battle-history">[Tapu Fini's Misty Surge]<br><small>Mist swirled around the battlefield!</small><br></div><div class="spacer battle-history"><br></div><div class="battle-history">pokisokis withdrew Tusky Boi!<br></div><div class="battle-history">pokisokis sent out Deez Nuts (<strong>Ferrothorn</strong>)!<br></div><div class="spacer battle-history"><br></div><h2 class="battle-history">Turn 2</h2><div class="spacer battle-history"><br></div><div class="battle-history">Tapu Fini used <strong>Taunt</strong>!<br></div><div class="battle-history"><small>The opposing Deez Nuts fell for the taunt!</small><br></div><div class="spacer battle-history"><br></div><div class="battle-history">The opposing Deez Nuts can't use Spikes after the taunt!<br></div><div class="spacer battle-history"><br></div><h2 class="battle-history">Turn 3</h2><div class="spacer battle-history"><br></div><div class="battle-history">Tapu Fini used <strong>Knock Off</strong>!<br></div><div class="battle-history"><small>(The opposing Deez Nuts lost 10% of its health!)</small><br></div><div class="battle-history">[The opposing Deez Nuts's Iron Barbs]<br><small>Tapu Fini was hurt!</small><br></div><div class="battle-history"><small>Tapu Fini knocked off the opposing Deez Nuts's Leftovers!</small><br></div><div class="spacer battle-history"><br></div><div class="battle-history">The opposing Deez Nuts used <strong>Knock Off</strong>!<br></div><div class="battle-history"><small>It's not very effective...</small><br></div><div class="battle-history"><small>(Tapu Fini lost 9% of its health!)</small><br></div><div class="battle-history"><small>The opposing Deez Nuts knocked off Tapu Fini's Leftovers!</small><br></div><div class="spacer battle-history"><br></div><h2 class="battle-history">Turn 4</h2><div class="chat"><small> inkbug1 joined</small></div><div class="spacer battle-history"><br></div><div class="battle-history">Tapu Fini, come back!<br></div><div class="battle-history">Go! <strong>Meganium</strong>!<br></div><div class="spacer battle-history"><br></div><div class="battle-history">The opposing Deez Nuts used <strong>Power Whip</strong>!<br></div><div class="battle-history"><small>It's not very effective...</small><br></div><div class="battle-history"><small>(Meganium lost 20% of its health!)</small><br></div><div class="spacer battle-history"><br></div><div class="battle-history"><small>The opposing Deez Nuts shook off the taunt!</small><br></div><div class="spacer battle-history"><br></div><h2 class="battle-history">Turn 5</h2><div class="spacer battle-history"><br></div><div class="battle-history">pokisokis withdrew Deez Nuts!<br></div><div class="battle-history">pokisokis sent out Tusky Boi (<strong>Walrein</strong>)!<br></div><div class="spacer battle-history"><br></div><div class="battle-history">Meganium used <strong>Dragon Dance</strong>!<br></div><div class="battle-history"><small>Meganium's Attack rose!</small><br></div><div class="battle-history"><small>Meganium's Speed rose!</small><br></div><div class="spacer battle-history"><br></div><div class="battle-history"><small>The mist disappeared from the battlefield.</small><br></div><div class="spacer battle-history"><br></div><h2 class="battle-history">Turn 6</h2><div class="spacer battle-history"><br></div><div class="battle-history"><small>Meganium's Meganiumite is reacting to the Key Stone!</small><br>Meganium has Mega Evolved into Mega Meganium!<br></div><div class="chat"><ul class="utilichart"><li class="result"><span class="col pokemonnamecol" style="white-space: nowrap">Meganium-Mega</span> <span class="col typecol"><img src="https://play.pokemonshowdown.com/sprites/types/Grass.png" alt="Grass" height="14" width="32"></span> <span style="float: left ; min-height: 26px"><span class="col abilitycol">Flower Gift</span><span class="col abilitycol"></span></span><span style="float: left ; min-height: 26px"><span class="col statcol"><em>HP</em><br>80</span> <span class="col statcol"><em>Atk</em><br>117</span> <span class="col statcol"><em>Def</em><br>110</span> <span class="col statcol"><em>SpA</em><br>118</span> <span class="col statcol"><em>SpD</em><br>120</span> <span class="col statcol"><em>Spe</em><br>80</span> </span></li><li style="clear: both"></li></ul></div><div class="spacer battle-history"><br></div><div class="battle-history"><small>The opposing Tusky Boi's Walreinite is reacting to the Key Stone!</small><br>The opposing Tusky Boi has Mega Evolved into Mega Walrein!<br></div><div class="battle-history">[The opposing Tusky Boi's Drizzle]<br><small>It started to rain!</small><br></div><div class="chat"><ul class="utilichart"><li class="result"><span class="col pokemonnamecol" style="white-space: nowrap">Walrein-Mega</span> <span class="col typecol"><img src="https://play.pokemonshowdown.com/sprites/types/Ice.png" alt="Ice" height="14" width="32"><img src="https://play.pokemonshowdown.com/sprites/types/Water.png" alt="Water" height="14" width="32"></span> <span style="float: left ; min-height: 26px"><span class="col abilitycol">Drizzle</span><span class="col abilitycol"></span></span><span style="float: left ; min-height: 26px"><span class="col statcol"><em>HP</em><br>110</span> <span class="col statcol"><em>Atk</em><br>110</span> <span class="col statcol"><em>Def</em><br>90</span> <span class="col statcol"><em>SpA</em><br>145</span> <span class="col statcol"><em>SpD</em><br>90</span> <span class="col statcol"><em>Spe</em><br>85</span> </span></li><li style="clear: both"></li></ul></div><div class="spacer battle-history"><br></div><div class="battle-history">Meganium used <strong>Earthquake</strong>!<br></div><div class="battle-history"><small>(The opposing Tusky Boi lost 45% of its health!)</small><br></div><div class="spacer battle-history"><br></div><div class="battle-history">The opposing Tusky Boi used <strong>Freeze-Dry</strong>!<br></div><div class="battle-history"><small>It's super effective!</small><br></div><div class="battle-history"><small>(Meganium lost 62% of its health!)</small><br></div><div class="spacer battle-history"><br></div><div class="battle-history"><small>(Rain continues to fall.)</small><br></div><div class="spacer battle-history"><br></div><h2 class="battle-history">Turn 7</h2><div class="spacer battle-history"><br></div><div class="battle-history">Meganium used <strong>Earthquake</strong>!<br></div><div class="battle-history"><small>(The opposing Tusky Boi lost 49% of its health!)</small><br></div><div class="spacer battle-history"><br></div><div class="battle-history">The opposing Tusky Boi used <strong>Flip Turn</strong>!<br></div><div class="battle-history"><small>It's not very effective...</small><br></div><div class="battle-history"><small>(Meganium lost 16% of its health!)</small><br></div><div class="spacer battle-history"><br></div><div class="battle-history">pokisokis withdrew Tusky Boi!<br></div><div class="battle-history">pokisokis sent out Incoming (<strong>Barraskewda</strong>)!<br></div><div class="spacer battle-history"><br></div><div class="battle-history"><small>(Rain continues to fall.)</small><br></div><div class="spacer battle-history"><br></div><h2 class="battle-history">Turn 8</h2><div class="spacer battle-history"><br></div><div class="battle-history">Meganium, come back!<br></div><div class="battle-history">Go! <strong>Torkoal</strong>!<br></div><div class="battle-history">[Torkoal's Drought]<br><small>The sunlight turned harsh!</small><br></div><div class="spacer battle-history"><br></div><div class="battle-history">The opposing Incoming used <strong>Flip Turn</strong>!<br></div><div class="battle-history"><small>It's super effective!</small><br></div><div class="battle-history"><small>(Torkoal lost 27% of its health!)</small><br></div><div class="spacer battle-history"><br></div><div class="battle-history">pokisokis withdrew Incoming!<br></div><div class="battle-history">pokisokis sent out Tusky Boi (<strong>Walrein-Mega</strong>)!<br></div><div class="battle-history">[The opposing Tusky Boi's Drizzle]<br><small>It started to rain!</small><br></div><div class="spacer battle-history"><br></div><div class="battle-history"><small>(Rain continues to fall.)</small><br></div><div class="spacer battle-history"><br></div><h2 class="battle-history">Turn 9</h2><div class="spacer battle-history"><br></div><div class="battle-history">Torkoal, come back!<br></div><div class="battle-history">Go! Meganium (<strong>Meganium-Mega</strong>)!<br></div><div class="spacer battle-history"><br></div><div class="battle-history">The opposing Tusky Boi used <strong>Slack Off</strong>!<br></div><div class="battle-history"><small>The opposing Tusky Boi had its HP restored.</small><br></div><div class="spacer battle-history"><br></div><div class="battle-history"><small>(Rain continues to fall.)</small><br></div><div class="spacer battle-history"><br></div><h2 class="battle-history">Turn 10</h2><div class="chat chatmessage-mossysandwich"><strong style="color:#ba49a2"><small>☆</small><span class="username" data-name="Mossy Sandwich">Mossy Sandwich</span>:</strong> <em>This matchup sucks</em></div><div class="spacer battle-history"><br></div><div class="battle-history">pokisokis withdrew Tusky Boi!<br></div><div class="battle-history">pokisokis sent out Dunder Birb (<strong>Zapdos</strong>)!<br></div><div class="spacer battle-history"><br></div><div class="battle-history">Meganium used <strong>Earthquake</strong>!<br></div><div class="battle-history"><small>It doesn't affect the opposing Dunder Birb...</small><br></div><div class="spacer battle-history"><br></div><div class="battle-history"><small>(Rain continues to fall.)</small><br></div><div class="spacer battle-history"><br></div><h2 class="battle-history">Turn 11</h2><div class="spacer battle-history"><br></div><div class="battle-history">Meganium used <strong>Dragon Dance</strong>!<br></div><div class="battle-history"><small>Meganium's Attack rose!</small><br></div><div class="battle-history"><small>Meganium's Speed rose!</small><br></div><div class="spacer battle-history"><br></div><div class="battle-history">The opposing Dunder Birb used <strong>Thunder</strong>!<br></div><div class="battle-history"><small>It's not very effective...</small><br></div><div class="battle-history"><small>(Meganium lost 2% of its health!)</small><br></div><div class="spacer battle-history"><br></div><div class="battle-history">Meganium fainted!<br></div><div class="spacer battle-history"><br></div><div class="battle-history"><small>(Rain continues to fall.)</small><br></div><div class="spacer battle-history"><br></div><div class="battle-history">Go! <strong>Torkoal</strong>!<br></div><div class="battle-history">[Torkoal's Drought]<br><small>The sunlight turned harsh!</small><br></div><div class="spacer battle-history"><br></div><h2 class="battle-history">Turn 12</h2><div class="spacer battle-history"><br></div><div class="battle-history">pokisokis withdrew Dunder Birb!<br></div><div class="battle-history">pokisokis sent out Singin' (<strong>Pelipper</strong>)!<br></div><div class="battle-history">[The opposing Singin''s Drizzle]<br><small>It started to rain!</small><br></div><div class="spacer battle-history"><br></div><div class="battle-history">Torkoal used <strong>Stealth Rock</strong>!<br></div><div class="battle-history"><small>Pointed stones float in the air around the opposing team!</small><br></div><div class="spacer battle-history"><br></div><div class="battle-history"><small>(Rain continues to fall.)</small><br></div><div class="spacer battle-history"><br></div><h2 class="battle-history">Turn 13</h2><div class="spacer battle-history"><br></div><div class="battle-history">Torkoal, come back!<br></div><div class="battle-history">Go! <strong>Tapu Fini</strong>!<br></div><div class="battle-history">[Tapu Fini's Misty Surge]<br><small>Mist swirled around the battlefield!</small><br></div><div class="spacer battle-history"><br></div><div class="battle-history">The opposing Singin' used <strong>Defog</strong>!<br></div><div class="battle-history"><small>Tapu Fini's evasiveness fell!</small><br></div><div class="battle-history"><small>The pointed stones disappeared from around the opposing team!</small><br></div><div class="battle-history"><small>The mist disappeared from the battlefield.</small><br></div><div class="spacer battle-history"><br></div><div class="battle-history"><small>(Rain continues to fall.)</small><br></div><div class="spacer battle-history"><br></div><h2 class="battle-history">Turn 14</h2><div class="spacer battle-history"><br></div><div class="battle-history">Tapu Fini used <strong>Moonblast</strong>!<br></div><div class="battle-history"><small>(The opposing Singin' lost 43% of its health!)</small><br></div><div class="spacer battle-history"><br></div><div class="battle-history">The opposing Singin' used <strong>U-turn</strong>!<br></div><div class="battle-history"><small>It's not very effective...</small><br></div><div class="battle-history"><small>(Tapu Fini lost 4% of its health!)</small><br></div><div class="spacer battle-history"><br></div><div class="battle-history">The opposing Singin' went back to pokisokis!<br></div><div class="battle-history">pokisokis sent out Dunder Birb (<strong>Zapdos</strong>)!<br></div><div class="spacer battle-history"><br></div><div class="battle-history"><small>(Rain continues to fall.)</small><br></div><div class="spacer battle-history"><br></div><h2 class="battle-history">Turn 15</h2><div class="spacer battle-history"><br></div><div class="battle-history">Tapu Fini, come back!<br></div><div class="battle-history">Go! <strong>Torkoal</strong>!<br></div><div class="battle-history">[Torkoal's Drought]<br><small>The sunlight turned harsh!</small><br></div><div class="spacer battle-history"><br></div><div class="battle-history">The opposing Dunder Birb used <strong>Hurricane</strong>!<br></div><div class="battle-history"><small>(Torkoal lost 73% of its health!)</small><br></div><div class="spacer battle-history"><br></div><div class="battle-history">Torkoal fainted!<br></div><div class="spacer battle-history"><br></div><div class="battle-history"><small>(The sunlight is strong.)</small><br></div><div class="spacer battle-history"><br></div><div class="battle-history">Go! <strong>Venusaur</strong>!<br></div><div class="spacer battle-history"><br></div><h2 class="battle-history">Turn 16</h2><div class="spacer battle-history"><br></div><div class="battle-history">Venusaur used <strong>Growth</strong>!<br></div><div class="battle-history"><small>Venusaur's Attack rose sharply!</small><br></div><div class="battle-history"><small>Venusaur's Sp. Atk rose sharply!</small><br></div><div class="spacer battle-history"><br></div><div class="battle-history">The opposing Dunder Birb used <strong>Weather Ball</strong>!<br></div><div class="battle-history"><small>It's super effective!</small><br></div><div class="battle-history"><small>(Venusaur lost 100% of its health!)</small><br></div><div class="spacer battle-history"><br></div><div class="battle-history">Venusaur fainted!<br></div><div class="spacer battle-history"><br></div><div class="battle-history"><small>(The sunlight is strong.)</small><br></div><div class="spacer battle-history"><br></div><div class="battle-history">Go! <strong>Charizard</strong>!<br></div><div class="spacer battle-history"><br></div><h2 class="battle-history">Turn 17</h2><div class="spacer battle-history"><br></div><div class="battle-history">pokisokis withdrew Dunder Birb!<br></div><div class="battle-history">pokisokis sent out Tusky Boi (<strong>Walrein-Mega</strong>)!<br></div><div class="battle-history">[The opposing Tusky Boi's Drizzle]<br><small>It started to rain!</small><br></div><div class="spacer battle-history"><br></div><div class="battle-history">Charizard used <strong>Weather Ball</strong>!<br></div><div class="battle-history"><small>It's not very effective...</small><br></div><div class="battle-history"><small>(The opposing Tusky Boi lost 23% of its health!)</small><br></div><div class="spacer battle-history"><br></div><div class="battle-history"><small>(Rain continues to fall.)</small><br></div><div class="spacer battle-history"><br></div><h2 class="battle-history">Turn 18</h2><div class="spacer battle-history"><br></div><div class="battle-history">Charizard, come back!<br></div><div class="battle-history">Go! Landorus (<strong>Landorus-Therian</strong>)!<br></div><div class="battle-history">[Landorus's Intimidate]<br></div><div class="battle-history"><small>The opposing Tusky Boi's Attack fell!</small><br></div><div class="spacer battle-history"><br></div><div class="battle-history">The opposing Tusky Boi used <strong>Slack Off</strong>!<br></div><div class="battle-history"><small>The opposing Tusky Boi had its HP restored.</small><br></div><div class="spacer battle-history"><br></div><div class="battle-history"><small>(Rain continues to fall.)</small><br></div><div class="spacer battle-history"><br></div><h2 class="battle-history">Turn 19</h2><div class="spacer battle-history"><br></div><div class="battle-history">Landorus used <strong>Stealth Rock</strong>!<br></div><div class="battle-history"><small>Pointed stones float in the air around the opposing team!</small><br></div><div class="spacer battle-history"><br></div><div class="battle-history">The opposing Tusky Boi used <strong>Freeze-Dry</strong>!<br></div><div class="battle-history"><small>It's super effective!</small><br></div><div class="battle-history"><small>(Landorus lost 100% of its health!)</small><br></div><div class="spacer battle-history"><br></div><div class="battle-history">Landorus fainted!<br></div><div class="spacer battle-history"><br></div><div class="battle-history"><small>(Rain continues to fall.)</small><br></div><div class="spacer battle-history"><br></div><div class="battle-history">Go! <strong>Charizard</strong>!<br></div><div class="spacer battle-history"><br></div><h2 class="battle-history">Turn 20</h2><div class="chat chatmessage-pokisokis"><strong style="color:#12adbe"><small>☆</small><span class="username" data-name="pokisokis">pokisokis</span>:</strong> <em>2 rockers?</em></div><div class="spacer battle-history"><br></div><div class="battle-history">Charizard used <strong>Overheat</strong>!<br></div><div class="battle-history"><small>(The opposing Tusky Boi lost 28% of its health!)</small><br></div><div class="battle-history"><small>Charizard's Sp. Atk fell harshly!</small><br></div><div class="spacer battle-history"><br></div><div class="battle-history">The opposing Tusky Boi used <strong>Flip Turn</strong>!<br></div><div class="battle-history"><small>It's super effective!</small><br></div><div class="battle-history"><small>(Charizard lost 59% of its health!)</small><br></div><div class="chat chatmessage-mossysandwich"><strong style="color:#ba49a2"><small>☆</small><span class="username" data-name="Mossy Sandwich">Mossy Sandwich</span>:</strong> <em>torkoal isn't reliable</em></div><div class="spacer battle-history"><br></div><div class="battle-history">pokisokis withdrew Tusky Boi!<br></div><div class="battle-history">pokisokis sent out Incoming (<strong>Barraskewda</strong>)!<br></div><div class="battle-history"><small>Pointed stones dug into the opposing Incoming!</small><br></div><div class="spacer battle-history"><br></div><div class="battle-history"><small>(Rain continues to fall.)</small><br></div><div class="spacer battle-history"><br></div><h2 class="battle-history">Turn 21</h2><div class="spacer battle-history"><br></div><div class="battle-history">Charizard, come back!<br></div><div class="battle-history">Go! <strong>Tapu Fini</strong>!<br></div><div class="battle-history">[Tapu Fini's Misty Surge]<br><small>Mist swirled around the battlefield!</small><br></div><div class="spacer battle-history"><br></div><div class="battle-history">The opposing Incoming used <strong>Waterfall</strong>!<br></div><div class="battle-history"><small>It's not very effective...</small><br></div><div class="battle-history"><small>(Tapu Fini lost 44% of its health!)</small><br></div><div class="spacer battle-history"><br></div><div class="battle-history"><small>The rain stopped.</small><br></div><div class="spacer battle-history"><br></div><h2 class="battle-history">Turn 22</h2><div class="spacer battle-history"><br></div><div class="battle-history">pokisokis withdrew Incoming!<br></div><div class="battle-history">pokisokis sent out Singin' (<strong>Pelipper</strong>)!<br></div><div class="battle-history">[The opposing Singin''s Drizzle]<br><small>It started to rain!</small><br></div><div class="spacer battle-history"><br></div><div class="battle-history">Tapu Fini used <strong>Moonblast</strong>!<br></div><div class="battle-history"><small>(The opposing Singin' lost 45% of its health!)</small><br></div><div class="battle-history"><small>The opposing Singin''s Sp. Atk fell!</small><br></div><div class="spacer battle-history"><br></div><div class="battle-history"><small>(Rain continues to fall.)</small><br></div><div class="spacer battle-history"><br></div><h2 class="battle-history">Turn 23</h2><div class="spacer battle-history"><br></div><div class="battle-history">Tapu Fini used <strong>Moonblast</strong>!<br></div><div class="battle-history"><small>A critical hit!</small><br></div><div class="battle-history"><small>(The opposing Singin' lost 12% of its health!)</small><br></div><div class="spacer battle-history"><br></div><div class="battle-history">The opposing Singin' fainted!<br></div><div class="spacer battle-history"><br></div><div class="battle-history"><small>(Rain continues to fall.)</small><br></div><div class="spacer battle-history"><br></div><div class="battle-history">pokisokis sent out Incoming (<strong>Barraskewda</strong>)!<br></div><div class="battle-history"><small>Pointed stones dug into the opposing Incoming!</small><br></div><div class="spacer battle-history"><br></div><h2 class="battle-history">Turn 24</h2><div class="spacer battle-history"><br></div><div class="battle-history">The opposing Incoming used <strong>Waterfall</strong>!<br></div><div class="battle-history"><small>It's not very effective...</small><br></div><div class="battle-history"><small>A critical hit!</small><br></div><div class="battle-history"><small>(Tapu Fini lost 31% of its health!)</small><br></div><div class="spacer battle-history"><br></div><div class="battle-history">Tapu Fini fainted!<br></div><div class="spacer battle-history"><br></div><div class="battle-history"><small>(Rain continues to fall.)</small><br></div><div class="chat chatmessage-mossysandwich"><strong style="color:#ba49a2"><small>☆</small><span class="username" data-name="Mossy Sandwich">Mossy Sandwich</span>:</strong> <em>gg</em></div><div class="spacer battle-history"><br></div><div class="battle-history">Go! <strong>Charizard</strong>!<br></div><div class="spacer battle-history"><br></div><h2 class="battle-history">Turn 25</h2><div class="chat chatmessage-pokisokis"><strong style="color:#12adbe"><small>☆</small><span class="username" data-name="pokisokis">pokisokis</span>:</strong> <em>gg</em></div><div class="spacer battle-history"><br></div><div class="battle-history">The opposing Incoming used <strong>Waterfall</strong>!<br></div><div class="battle-history"><small>It's super effective!</small><br></div><div class="battle-history"><small>(Charizard lost 41% of its health!)</small><br></div><div class="spacer battle-history"><br></div><div class="battle-history">Charizard fainted!<br></div><div class="spacer battle-history"><br></div><div class="battle-history"><strong>pokisokis</strong> won the battle!<br></div><div class="chat"><small>☆Mossy Sandwich and ☆pokisokis left</small></div></div><div class="inner-preempt message-log"></div></div></div>
</div>
<script>
let daily = Math.floor(Date.now()/1000/60/60/24);document.write('<script src="https://dragonheaven.herokuapp.com/js/replay-embed.js?version'+daily+'"></'+'script>');
</script>
