<!DOCTYPE html>
<meta charset="utf-8" />
<!-- version 1 -->
<title>[Gen 8] M4A Suspect replay: wooperson's vs. TheRubySamurai</title>
<style>
html,body {font-family:Verdana, sans-serif;font-size:10pt;margin:0;padding:0;}body{padding:12px 0;} .battle-log {font-family:Verdana, sans-serif;font-size:10pt;} .battle-log-inline {border:1px solid #AAAAAA;background:#EEF2F5;color:black;max-width:640px;margin:0 auto 80px;padding-bottom:5px;} .battle-log .inner {padding:4px 8px 0px 8px;} .battle-log .inner-preempt {padding:0 8px 4px 8px;} .battle-log .inner-after {margin-top:0.5em;} .battle-log h2 {margin:0.5em -8px;padding:4px 8px;border:1px solid #AAAAAA;background:#E0E7EA;border-left:0;border-right:0;font-family:Verdana, sans-serif;font-size:13pt;} .battle-log .chat {vertical-align:middle;padding:3px 0 3px 0;font-size:8pt;} .battle-log .chat strong {color:#40576A;} .battle-log .chat em {padding:1px 4px 1px 3px;color:#000000;font-style:normal;} .chat.mine {background:rgba(0,0,0,0.05);margin-left:-8px;margin-right:-8px;padding-left:8px;padding-right:8px;} .spoiler {color:#BBBBBB;background:#BBBBBB;padding:0px 3px;} .spoiler:hover, .spoiler:active, .spoiler-shown {color:#000000;background:#E2E2E2;padding:0px 3px;} .spoiler a {color:#BBBBBB;} .spoiler:hover a, .spoiler:active a, .spoiler-shown a {color:#2288CC;} .chat code, .chat .spoiler:hover code, .chat .spoiler:active code, .chat .spoiler-shown code {border:1px solid #C0C0C0;background:#EEEEEE;color:black;padding:0 2px;} .chat .spoiler code {border:1px solid #CCCCCC;background:#CCCCCC;color:#CCCCCC;} .battle-log .rated {padding:3px 4px;} .battle-log .rated strong {color:white;background:#89A;padding:1px 4px;border-radius:4px;} .spacer {margin-top:0.5em;} .message-announce {background:#6688AA;color:white;padding:1px 4px 2px;} .message-announce a, .broadcast-green a, .broadcast-blue a, .broadcast-red a {color:#DDEEFF;} .broadcast-green {background-color:#559955;color:white;padding:2px 4px;} .broadcast-blue {background-color:#6688AA;color:white;padding:2px 4px;} .infobox {border:1px solid #6688AA;padding:2px 4px;} .infobox-limited {max-height:200px;overflow:auto;overflow-x:hidden;} .broadcast-red {background-color:#AA5544;color:white;padding:2px 4px;} .message-learn-canlearn {font-weight:bold;color:#228822;text-decoration:underline;} .message-learn-cannotlearn {font-weight:bold;color:#CC2222;text-decoration:underline;} .message-effect-weak {font-weight:bold;color:#CC2222;} .message-effect-resist {font-weight:bold;color:#6688AA;} .message-effect-immune {font-weight:bold;color:#666666;} .message-learn-list {margin-top:0;margin-bottom:0;} .message-throttle-notice, .message-error {color:#992222;} .message-overflow, .chat small.message-overflow {font-size:0pt;} .message-overflow::before {font-size:9pt;content:'...';} .subtle {color:#3A4A66;}
</style>
<div class="wrapper replay-wrapper" style="max-width:1180px;margin:0 auto">
<input type="hidden" name="replayid" value="dragonheaven-gen8m4asuspect-401" />
<div class="battle"></div><div class="battle-log"></div><div class="replay-controls"></div><div class="replay-controls-2"></div>
<h1 style="font-weight:normal;text-align:center"><strong>[Gen 8] M4A Suspect</strong><br /><a href="http://pokemonshowdown.com/users/woopersons" class="subtle" target="_blank">wooperson's</a> vs. <a href="http://pokemonshowdown.com/users/therubysamurai" class="subtle" target="_blank">TheRubySamurai</a></h1>
<script type="text/plain" class="battle-log-data">|j|☆wooperson's
|j|☆TheRubySamurai
|t:|1621625028
|player|p1|wooperson's|chili|
|player|p2|TheRubySamurai|skyla|
|teamsize|p1|6
|teamsize|p2|6
|gametype|singles
|gen|8
|tier|[Gen 8] M4A Suspect
|rated|Tournament battle
|clearpoke
|poke|p1|Greninja, M|
|poke|p1|Noivern, M|
|poke|p1|Pelipper, M|
|poke|p1|Manaphy|
|poke|p1|Magnezone|
|poke|p1|Zamazenta-Crowned|
|poke|p2|Zamazenta-Crowned|
|poke|p2|Tapu Koko|
|poke|p2|Hawlucha, F|
|poke|p2|Garchomp, F|
|poke|p2|Azumarill, M|
|poke|p2|Scizor, M|
|rule|HP Percentage Mod: HP is shown in percentages
|rule|Endless Battle Clause: Forcing endless battles is banned
|rule|OHKO Clause: OHKO moves are banned
|rule|Evasion Moves Clause: Evasion moves are banned
|rule|Species Clause: Limit one of each Pokémon
|rule|Dynamax Clause: You cannot dynamax
|rule|Sleep Clause Mod: Limit one foe put to sleep
|rule|Freeze Clause Mod: Limit one foe frozen
|raw|<img src="https:\/\/www.smogon.com\/forums\/attachments\/banner_2-png.302358\/" height="65" width="381">
|-message|Welcome to Megas for All!
|-message|This is a National Dex-based format where we aim to give a new Mega Evolution to every Pokémon.
|-message|Just like any official format, you can still only Mega Evolve one Pokémon per team!
|-message|You can find our thread and metagame resources here:
|-message|https:\/\/www.smogon.com\/forums\/threads\/3671140\/
|teampreview
|j|#inkbug1

|c|☆wooperson's|gl
|c|☆TheRubySamurai|glhf
|
|t:|1621625072
|start
|switch|p1a: Pelipper|Pelipper, M|100\/100
|switch|p2a: Scizor|Scizor, M|100\/100
|-weather|RainDance|[from] ability: Drizzle|[of] p1a: Pelipper
|turn|1
|
|t:|1621625085
|detailschange|p2a: Scizor|Scizor-Mega, M
|-mega|p2a: Scizor|Scizor|Scizorite
|-start|p2a: Scizor|typechange|Bug\/Steel|[silent]
|raw|<ul class="utilichart"><li class="result"><span class="col pokemonnamecol" style="white-space: nowrap">Scizor-Mega<\/span> <span class="col typecol"><img src="https:\/\/play.pokemonshowdown.com\/sprites\/types\/Bug.png" alt="Bug" height="14" width="32"><img src="https:\/\/play.pokemonshowdown.com\/sprites\/types\/Steel.png" alt="Steel" height="14" width="32"><\/span> <span style="float: left ; min-height: 26px"><span class="col abilitycol">Technician<\/span><span class="col abilitycol"><\/span><\/span><span style="float: left ; min-height: 26px"><span class="col statcol"><em>HP<\/em><br>70<\/span> <span class="col statcol"><em>Atk<\/em><br>150<\/span> <span class="col statcol"><em>Def<\/em><br>140<\/span> <span class="col statcol"><em>SpA<\/em><br>65<\/span> <span class="col statcol"><em>SpD<\/em><br>100<\/span> <span class="col statcol"><em>Spe<\/em><br>75<\/span> <\/span><\/li><li style="clear: both"><\/li><\/ul>
|move|p2a: Scizor|Swords Dance|p2a: Scizor
|-boost|p2a: Scizor|atk|2
|move|p1a: Pelipper|U-turn|p2a: Scizor
|-resisted|p2a: Scizor
|-damage|p2a: Scizor|97\/100
|
|t:|1621625092
|switch|p1a: Manaphy|Manaphy|100\/100|[from]move: U-turn
|
|-weather|RainDance|[upkeep]
|upkeep
|turn|2
|
|t:|1621625176
|-zpower|p1a: Manaphy
|move|p1a: Manaphy|Hydro Vortex|p2a: Scizor|[zeffect]
|-damage|p2a: Scizor|0 fnt
|faint|p2a: Scizor
|
|-weather|RainDance|[upkeep]
|upkeep
|
|t:|1621625180
|switch|p2a: Puff|Tapu Koko|100\/100
|-fieldstart|move: Electric Terrain|[from] ability: Electric Surge|[of] p2a: Puff
|turn|3
|
|t:|1621625191
|switch|p1a: Magnezone|Magnezone|100\/100
|move|p2a: Puff|Light Screen|p2a: Puff
|-sidestart|p2: TheRubySamurai|move: Light Screen
|
|-weather|RainDance|[upkeep]
|upkeep
|turn|4
|
|t:|1621625216
|move|p2a: Puff|Light Screen||[still]
|-fail|p2a: Puff
|move|p1a: Magnezone|Substitute|p1a: Magnezone
|-start|p1a: Magnezone|Substitute
|-damage|p1a: Magnezone|76\/100
|
|-weather|RainDance|[upkeep]
|-heal|p1a: Magnezone|82\/100|[from] item: Leftovers
|upkeep
|turn|5
|
|t:|1621625227
|switch|p2a: Puppy|Zamazenta-Crowned|100\/100
|-ability|p2a: Puppy|Dauntless Shield|boost
|-boost|p2a: Puppy|def|1
|move|p1a: Magnezone|Flash Cannon|p2a: Puppy
|-resisted|p2a: Puppy
|-damage|p2a: Puppy|89\/100
|
|-weather|RainDance|[upkeep]
|-heal|p1a: Magnezone|88\/100|[from] item: Leftovers
|upkeep
|turn|6
|
|t:|1621625235
|move|p2a: Puppy|Close Combat|p1a: Magnezone
|-supereffective|p1a: Magnezone
|-end|p1a: Magnezone|Substitute
|-unboost|p2a: Puppy|def|1
|-unboost|p2a: Puppy|spd|1
|move|p1a: Magnezone|Thunderbolt|p2a: Puppy
|-damage|p2a: Puppy|38\/100
|
|-weather|RainDance|[upkeep]
|-heal|p1a: Magnezone|94\/100|[from] item: Leftovers
|upkeep
|turn|7
|
|t:|1621625248
|switch|p1a: Noivern|Noivern, M|100\/100
|move|p2a: Puppy|Close Combat|p1a: Noivern
|-resisted|p1a: Noivern
|-damage|p1a: Noivern|55\/100
|-unboost|p2a: Puppy|def|1
|-unboost|p2a: Puppy|spd|1
|
|-weather|RainDance|[upkeep]
|-fieldend|move: Electric Terrain
|upkeep
|turn|8
|
|t:|1621625293
|switch|p2a: Puff|Tapu Koko|100\/100
|-fieldstart|move: Electric Terrain|[from] ability: Electric Surge|[of] p2a: Puff
|detailschange|p1a: Noivern|Noivern-Mega, M
|-mega|p1a: Noivern|Noivern|Noivernite
|-start|p1a: Noivern|typechange|Psychic\/Dragon|[silent]
|raw|<ul class="utilichart"><li class="result"><span class="col pokemonnamecol" style="white-space: nowrap">Noivern-Mega<\/span> <span class="col typecol"><img src="https:\/\/play.pokemonshowdown.com\/sprites\/types\/Psychic.png" alt="Psychic" height="14" width="32"><img src="https:\/\/play.pokemonshowdown.com\/sprites\/types\/Dragon.png" alt="Dragon" height="14" width="32"><\/span> <span style="float: left ; min-height: 26px"><span class="col abilitycol">Trace<\/span><span class="col abilitycol"><\/span><\/span><span style="float: left ; min-height: 26px"><span class="col statcol"><em>HP<\/em><br>85<\/span> <span class="col statcol"><em>Atk<\/em><br>70<\/span> <span class="col statcol"><em>Def<\/em><br>95<\/span> <span class="col statcol"><em>SpA<\/em><br>120<\/span> <span class="col statcol"><em>SpD<\/em><br>95<\/span> <span class="col statcol"><em>Spe<\/em><br>170<\/span> <\/span><\/li><li style="clear: both"><\/li><\/ul>
|-ability|p1a: Noivern|Electric Surge|[from] ability: Trace|[of] p2a: Puff
|move|p1a: Noivern|Psyshock|p2a: Puff
|-damage|p2a: Puff|75\/100
|
|-weather|none
|upkeep
|turn|9
|
|t:|1621625315
|move|p1a: Noivern|U-turn|p2a: Puff
|-resisted|p2a: Puff
|-damage|p2a: Puff|68\/100
|
|t:|1621625320
|switch|p1a: Zamazenta|Zamazenta-Crowned|100\/100|[from]move: U-turn
|-ability|p1a: Zamazenta|Dauntless Shield|boost
|-boost|p1a: Zamazenta|def|1
|move|p2a: Puff|Reflect|p2a: Puff
|-sidestart|p2: TheRubySamurai|Reflect
|
|upkeep
|turn|10
|
|t:|1621625328
|move|p2a: Puff|U-turn|p1a: Zamazenta
|-resisted|p1a: Zamazenta
|-damage|p1a: Zamazenta|99\/100
|
|t:|1621625352
|switch|p2a: Puppy|Zamazenta-Crowned|38\/100|[from]move: U-turn
|-ability|p2a: Puppy|Dauntless Shield|boost
|-boost|p2a: Puppy|def|1
|move|p1a: Zamazenta|Howl|p1a: Zamazenta
|-boost|p1a: Zamazenta|atk|1
|
|-sideend|p2: TheRubySamurai|move: Light Screen
|upkeep
|turn|11
|
|t:|1621625361
|move|p2a: Puppy|Close Combat|p1a: Zamazenta
|-supereffective|p1a: Zamazenta
|-crit|p1a: Zamazenta
|-damage|p1a: Zamazenta|0 fnt
|-unboost|p2a: Puppy|def|1
|-unboost|p2a: Puppy|spd|1
|faint|p1a: Zamazenta
|
|upkeep
|
|t:|1621625370
|switch|p1a: gottapoko???|Greninja, M|100\/100
|turn|12
|
|t:|1621625413
|move|p1a: gottapoko???|Hydro Pump|p2a: Puppy
|-damage|p2a: Puppy|0 fnt
|faint|p2a: Puppy
|-activate|p1a: gottapoko???|ability: Battle Bond
|detailschange|p1a: gottapoko???|Greninja-Ash, M
|
|-fieldend|move: Electric Terrain
|upkeep
|
|t:|1621625417
|switch|p2a: Puff|Tapu Koko|68\/100
|-fieldstart|move: Electric Terrain|[from] ability: Electric Surge|[of] p2a: Puff
|turn|13
|
|t:|1621625423
|move|p1a: gottapoko???|Hydro Pump|p2a: Puff|[miss]
|-miss|p1a: gottapoko???|p2a: Puff
|move|p2a: Puff|Thunderbolt|p1a: gottapoko???
|-supereffective|p1a: gottapoko???
|-damage|p1a: gottapoko???|0 fnt
|faint|p1a: gottapoko???
|
|upkeep
|
|t:|1621625430
|switch|p1a: Noivern|Noivern-Mega, M|55\/100
|-start|p1a: Noivern|typechange|Psychic\/Dragon|[silent]
|-ability|p1a: Noivern|Electric Surge|[from] ability: Trace|[of] p2a: Puff
|turn|14
|
|t:|1621625443
|move|p1a: Noivern|Boomburst|p2a: Puff
|-damage|p2a: Puff|0 fnt
|faint|p2a: Puff
|
|upkeep
|
|t:|1621625451
|switch|p2a: Nacho|Hawlucha, F|100\/100
|-enditem|p2a: Nacho|Electric Seed
|-boost|p2a: Nacho|def|1|[from] item: Electric Seed
|turn|15
|
|t:|1621625456
|move|p2a: Nacho|Swords Dance|p2a: Nacho
|-boost|p2a: Nacho|atk|2
|move|p1a: Noivern|Psyshock|p2a: Nacho
|-supereffective|p2a: Nacho
|-damage|p2a: Nacho|31\/100
|
|upkeep
|turn|16
|
|t:|1621625465
|move|p2a: Nacho|Acrobatics|p1a: Noivern
|-damage|p1a: Noivern|0 fnt
|faint|p1a: Noivern
|
|-sideend|p2: TheRubySamurai|Reflect
|upkeep
|
|t:|1621625472
|switch|p1a: Pelipper|Pelipper, M|100\/100
|-weather|RainDance|[from] ability: Drizzle|[of] p1a: Pelipper
|turn|17
|
|t:|1621625477
|move|p2a: Nacho|Stone Edge|p1a: Pelipper
|-supereffective|p1a: Pelipper
|-damage|p1a: Pelipper|4\/100
|move|p1a: Pelipper|Scald|p2a: Nacho
|-damage|p2a: Nacho|0 fnt
|faint|p2a: Nacho
|
|-weather|RainDance|[upkeep]
|-fieldend|move: Electric Terrain
|upkeep
|
|t:|1621625482
|switch|p2a: Hello I Bunny|Azumarill, M|100\/100
|turn|18
|
|t:|1621625487
|move|p2a: Hello I Bunny|Belly Drum|p2a: Hello I Bunny
|-damage|p2a: Hello I Bunny|50\/100
|-setboost|p2a: Hello I Bunny|atk|6|[from] move: Belly Drum
|move|p1a: Pelipper|Roost|p1a: Pelipper
|-heal|p1a: Pelipper|54\/100
|-singleturn|p1a: Pelipper|move: Roost
|
|-weather|RainDance|[upkeep]
|upkeep
|turn|19
|
|t:|1621625494
|move|p2a: Hello I Bunny|Knock Off|p1a: Pelipper
|-damage|p1a: Pelipper|0 fnt
|-enditem|p1a: Pelipper|Damp Rock|[from] move: Knock Off|[of] p2a: Hello I Bunny
|faint|p1a: Pelipper
|
|-weather|RainDance|[upkeep]
|upkeep
|
|t:|1621625497
|switch|p1a: Manaphy|Manaphy|100\/100
|turn|20
|
|t:|1621625502
|move|p1a: Manaphy|Psychic|p2a: Hello I Bunny
|-damage|p2a: Hello I Bunny|20\/100
|move|p2a: Hello I Bunny|Knock Off|p1a: Manaphy
|-damage|p1a: Manaphy|6\/100
|
|-weather|RainDance|[upkeep]
|upkeep
|turn|21
|
|t:|1621625506
|move|p2a: Hello I Bunny|Aqua Jet|p1a: Manaphy
|-resisted|p1a: Manaphy
|-damage|p1a: Manaphy|0 fnt
|faint|p1a: Manaphy
|
|-weather|RainDance|[upkeep]
|upkeep
|
|t:|1621625509
|switch|p1a: Magnezone|Magnezone|94\/100
|turn|22
|
|t:|1621625512
|move|p2a: Hello I Bunny|Aqua Jet|p1a: Magnezone
|-damage|p1a: Magnezone|0 fnt
|faint|p1a: Magnezone
|
|win|TheRubySamurai
|c|☆TheRubySamurai|gg
|c|☆wooperson's|gg
|l|☆wooperson's</script>
</div>
<div class="battle-log battle-log-inline"><div class="inner"><div class="battle-options"><div style="padding-top: 3px; padding-right: 3px; text-align: right"><button class="icon button" name="openBattleOptions" title="Options">Battle Options</button></div></div><div class="inner message-log"><div class="chat"><small>☆wooperson's and ☆TheRubySamurai joined</small></div><div class=""><small>Format:</small> <br><strong>[Gen 8] M4A Suspect</strong></div><div class="rated"><strong>Tournament battle</strong></div><div class=""><small><em>HP Percentage Mod:</em> HP is shown in percentages</small></div><div class=""><small><em>Endless Battle Clause:</em> Forcing endless battles is banned</small></div><div class=""><small><em>OHKO Clause:</em> OHKO moves are banned</small></div><div class=""><small><em>Evasion Moves Clause:</em> Evasion moves are banned</small></div><div class=""><small><em>Species Clause:</em> Limit one of each Pokémon</small></div><div class=""><small><em>Dynamax Clause:</em> You cannot dynamax</small></div><div class=""><small><em>Sleep Clause Mod:</em> Limit one foe put to sleep</small></div><div class=""><small><em>Freeze Clause Mod:</em> Limit one foe frozen</small></div><div class="chat"><img src="https://www.smogon.com/forums/attachments/banner_2-png.302358/" height="65" width="381"></div><div class="spacer battle-history"><br></div><div class="battle-history"><small>Welcome to Megas for All!</small><br></div><div class="battle-history"><small>This is a National Dex-based format where we aim to give a new Mega Evolution to every Pokémon.</small><br></div><div class="battle-history"><small>Just like any official format, you can still only Mega Evolve one Pokémon per team!</small><br></div><div class="battle-history"><small>You can find our thread and metagame resources here:</small><br></div><div class="battle-history"><small>https://www.smogon.com/forums/threads/3671140/</small><br></div><div class="chat battle-history"><strong>wooperson's's team:</strong> <em style="color:#445566;display:block;">Greninja / Noivern / Pelipper / Manaphy / Magnezone / Zamazenta-Crowned</em></div><div class="chat battle-history"><strong>TheRubySamurai's team:</strong> <em style="color:#445566;display:block;">Zamazenta-Crowned / Tapu Koko / Hawlucha / Garchomp / Azumarill / Scizor</em></div><div class="chat"><small>#inkbug1 joined</small></div><div class="chat chatmessage-woopersons"><strong style="color:#578235"><small>☆</small><span class="username" data-name="wooperson's">wooperson's</span>:</strong> <em>gl</em></div><div class="chat chatmessage-therubysamurai"><strong style="color:#de177a"><small>☆</small><span class="username" data-name="TheRubySamurai">TheRubySamurai</span>:</strong> <em>glhf</em></div><div class="spacer battle-history"><br></div><div class="battle-history">Battle started between wooperson's and TheRubySamurai!<br></div><div class="spacer battle-history"><br></div><div class="battle-history">Go! <strong>Pelipper</strong>!<br></div><div class="spacer battle-history"><br></div><div class="battle-history">TheRubySamurai sent out <strong>Scizor</strong>!<br></div><div class="battle-history">[Pelipper's Drizzle]<br><small>It started to rain!</small><br></div><div class="spacer battle-history"><br></div><h2 class="battle-history">Turn 1</h2><div class="spacer battle-history"><br></div><div class="battle-history"><small>The opposing Scizor's Scizorite is reacting to the Key Stone!</small><br>The opposing Scizor has Mega Evolved into Mega Scizor!<br></div><div class="chat"><ul class="utilichart"><li class="result"><span class="col pokemonnamecol" style="white-space: nowrap">Scizor-Mega</span> <span class="col typecol"><img src="https://play.pokemonshowdown.com/sprites/types/Bug.png" alt="Bug" height="14" width="32"><img src="https://play.pokemonshowdown.com/sprites/types/Steel.png" alt="Steel" height="14" width="32"></span> <span style="float: left ; min-height: 26px"><span class="col abilitycol">Technician</span><span class="col abilitycol"></span></span><span style="float: left ; min-height: 26px"><span class="col statcol"><em>HP</em><br>70</span> <span class="col statcol"><em>Atk</em><br>150</span> <span class="col statcol"><em>Def</em><br>140</span> <span class="col statcol"><em>SpA</em><br>65</span> <span class="col statcol"><em>SpD</em><br>100</span> <span class="col statcol"><em>Spe</em><br>75</span> </span></li><li style="clear: both"></li></ul></div><div class="spacer battle-history"><br></div><div class="battle-history">The opposing Scizor used <strong>Swords Dance</strong>!<br></div><div class="battle-history"><small>The opposing Scizor's Attack rose sharply!</small><br></div><div class="spacer battle-history"><br></div><div class="battle-history">Pelipper used <strong>U-turn</strong>!<br></div><div class="battle-history"><small>It's not very effective...</small><br></div><div class="battle-history"><small>(The opposing Scizor lost 3% of its health!)</small><br></div><div class="spacer battle-history"><br></div><div class="battle-history">Pelipper went back to wooperson's!<br></div><div class="battle-history">Go! <strong>Manaphy</strong>!<br></div><div class="spacer battle-history"><br></div><div class="battle-history"><small>(Rain continues to fall.)</small><br></div><div class="spacer battle-history"><br></div><h2 class="battle-history">Turn 2</h2><div class="spacer battle-history"><br></div><div class="battle-history"><small>Manaphy surrounded itself with its Z-Power!</small><br></div><div class="spacer battle-history"><br></div><div class="battle-history"><small>Manaphy unleashes its full-force Z-Move!</small><br>Manaphy used <strong>Hydro Vortex</strong>!<br></div><div class="battle-history"><small>(The opposing Scizor lost 97% of its health!)</small><br></div><div class="spacer battle-history"><br></div><div class="battle-history">The opposing Scizor fainted!<br></div><div class="spacer battle-history"><br></div><div class="battle-history"><small>(Rain continues to fall.)</small><br></div><div class="spacer battle-history"><br></div><div class="battle-history">TheRubySamurai sent out Puff (<strong>Tapu Koko</strong>)!<br></div><div class="battle-history">[The opposing Puff's Electric Surge]<br><small>An electric current ran across the battlefield!</small><br></div><div class="spacer battle-history"><br></div><h2 class="battle-history">Turn 3</h2><div class="spacer battle-history"><br></div><div class="battle-history">Manaphy, come back!<br></div><div class="battle-history">Go! <strong>Magnezone</strong>!<br></div><div class="spacer battle-history"><br></div><div class="battle-history">The opposing Puff used <strong>Light Screen</strong>!<br></div><div class="battle-history"><small>Light Screen made the opposing team stronger against special moves!</small><br></div><div class="spacer battle-history"><br></div><div class="battle-history"><small>(Rain continues to fall.)</small><br></div><div class="spacer battle-history"><br></div><h2 class="battle-history">Turn 4</h2><div class="spacer battle-history"><br></div><div class="battle-history">The opposing Puff used <strong>Light Screen</strong>!<br></div><div class="battle-history"><small>But it failed!</small><br></div><div class="spacer battle-history"><br></div><div class="battle-history">Magnezone used <strong>Substitute</strong>!<br></div><div class="battle-history"><small>Magnezone put in a substitute!</small><br></div><div class="battle-history"><small>(Magnezone lost 24% of its health!)</small><br></div><div class="spacer battle-history"><br></div><div class="battle-history"><small>(Rain continues to fall.)</small><br></div><div class="battle-history"><small>Magnezone restored a little HP using its Leftovers!</small><br></div><div class="spacer battle-history"><br></div><h2 class="battle-history">Turn 5</h2><div class="spacer battle-history"><br></div><div class="battle-history">TheRubySamurai withdrew Puff!<br></div><div class="battle-history">TheRubySamurai sent out Puppy (<strong>Zamazenta-Crowned</strong>)!<br></div><div class="battle-history">[The opposing Puppy's Dauntless Shield]<br></div><div class="battle-history"><small>The opposing Puppy's Defense rose!</small><br></div><div class="spacer battle-history"><br></div><div class="battle-history">Magnezone used <strong>Flash Cannon</strong>!<br></div><div class="battle-history"><small>It's not very effective...</small><br></div><div class="battle-history"><small>(The opposing Puppy lost 11% of its health!)</small><br></div><div class="spacer battle-history"><br></div><div class="battle-history"><small>(Rain continues to fall.)</small><br></div><div class="battle-history"><small>Magnezone restored a little HP using its Leftovers!</small><br></div><div class="spacer battle-history"><br></div><h2 class="battle-history">Turn 6</h2><div class="spacer battle-history"><br></div><div class="battle-history">The opposing Puppy used <strong>Close Combat</strong>!<br></div><div class="battle-history"><small>It's super effective!</small><br></div><div class="battle-history"><small>Magnezone's substitute faded!</small><br></div><div class="battle-history"><small>The opposing Puppy's Defense fell!</small><br></div><div class="battle-history"><small>The opposing Puppy's Sp. Def fell!</small><br></div><div class="spacer battle-history"><br></div><div class="battle-history">Magnezone used <strong>Thunderbolt</strong>!<br></div><div class="battle-history"><small>(The opposing Puppy lost 51% of its health!)</small><br></div><div class="spacer battle-history"><br></div><div class="battle-history"><small>(Rain continues to fall.)</small><br></div><div class="battle-history"><small>Magnezone restored a little HP using its Leftovers!</small><br></div><div class="spacer battle-history"><br></div><h2 class="battle-history">Turn 7</h2><div class="spacer battle-history"><br></div><div class="battle-history">Magnezone, come back!<br></div><div class="battle-history">Go! <strong>Noivern</strong>!<br></div><div class="spacer battle-history"><br></div><div class="battle-history">The opposing Puppy used <strong>Close Combat</strong>!<br></div><div class="battle-history"><small>It's not very effective...</small><br></div><div class="battle-history"><small>(Noivern lost 45% of its health!)</small><br></div><div class="battle-history"><small>The opposing Puppy's Defense fell!</small><br></div><div class="battle-history"><small>The opposing Puppy's Sp. Def fell!</small><br></div><div class="spacer battle-history"><br></div><div class="battle-history"><small>(Rain continues to fall.)</small><br></div><div class="battle-history"><small>The electricity disappeared from the battlefield.</small><br></div><div class="spacer battle-history"><br></div><h2 class="battle-history">Turn 8</h2><div class="spacer battle-history"><br></div><div class="battle-history">TheRubySamurai withdrew Puppy!<br></div><div class="battle-history">TheRubySamurai sent out Puff (<strong>Tapu Koko</strong>)!<br></div><div class="battle-history">[The opposing Puff's Electric Surge]<br><small>An electric current ran across the battlefield!</small><br></div><div class="spacer battle-history"><br></div><div class="battle-history"><small>Noivern's Noivernite is reacting to the Key Stone!</small><br>Noivern has Mega Evolved into Mega Noivern!<br></div><div class="chat"><ul class="utilichart"><li class="result"><span class="col pokemonnamecol" style="white-space: nowrap">Noivern-Mega</span> <span class="col typecol"><img src="https://play.pokemonshowdown.com/sprites/types/Psychic.png" alt="Psychic" height="14" width="32"><img src="https://play.pokemonshowdown.com/sprites/types/Dragon.png" alt="Dragon" height="14" width="32"></span> <span style="float: left ; min-height: 26px"><span class="col abilitycol">Trace</span><span class="col abilitycol"></span></span><span style="float: left ; min-height: 26px"><span class="col statcol"><em>HP</em><br>85</span> <span class="col statcol"><em>Atk</em><br>70</span> <span class="col statcol"><em>Def</em><br>95</span> <span class="col statcol"><em>SpA</em><br>120</span> <span class="col statcol"><em>SpD</em><br>95</span> <span class="col statcol"><em>Spe</em><br>170</span> </span></li><li style="clear: both"></li></ul></div><div class="battle-history">[Noivern's Trace]<br>[Noivern's Electric Surge]<br><small>Noivern traced the opposing Puff's Electric Surge!</small><br></div><div class="spacer battle-history"><br></div><div class="battle-history">Noivern used <strong>Psyshock</strong>!<br></div><div class="battle-history"><small>(The opposing Puff lost 25% of its health!)</small><br></div><div class="spacer battle-history"><br></div><div class="battle-history"><small>The rain stopped.</small><br></div><div class="spacer battle-history"><br></div><h2 class="battle-history">Turn 9</h2><div class="spacer battle-history"><br></div><div class="battle-history">Noivern used <strong>U-turn</strong>!<br></div><div class="battle-history"><small>It's not very effective...</small><br></div><div class="battle-history"><small>(The opposing Puff lost 7% of its health!)</small><br></div><div class="spacer battle-history"><br></div><div class="battle-history">Noivern went back to wooperson's!<br></div><div class="battle-history">Go! Zamazenta (<strong>Zamazenta-Crowned</strong>)!<br></div><div class="battle-history">[Zamazenta's Dauntless Shield]<br></div><div class="battle-history"><small>Zamazenta's Defense rose!</small><br></div><div class="spacer battle-history"><br></div><div class="battle-history">The opposing Puff used <strong>Reflect</strong>!<br></div><div class="battle-history"><small>Reflect made the opposing team stronger against physical moves!</small><br></div><div class="spacer battle-history"><br></div><h2 class="battle-history">Turn 10</h2><div class="spacer battle-history"><br></div><div class="battle-history">The opposing Puff used <strong>U-turn</strong>!<br></div><div class="battle-history"><small>It's not very effective...</small><br></div><div class="battle-history"><small>(Zamazenta lost 1% of its health!)</small><br></div><div class="spacer battle-history"><br></div><div class="battle-history">The opposing Puff went back to TheRubySamurai!<br></div><div class="battle-history">TheRubySamurai sent out Puppy (<strong>Zamazenta-Crowned</strong>)!<br></div><div class="battle-history">[The opposing Puppy's Dauntless Shield]<br></div><div class="battle-history"><small>The opposing Puppy's Defense rose!</small><br></div><div class="spacer battle-history"><br></div><div class="battle-history">Zamazenta used <strong>Howl</strong>!<br></div><div class="battle-history"><small>Zamazenta's Attack rose!</small><br></div><div class="spacer battle-history"><br></div><div class="battle-history"><small>The opposing team's Light Screen wore off!</small><br></div><div class="spacer battle-history"><br></div><h2 class="battle-history">Turn 11</h2><div class="spacer battle-history"><br></div><div class="battle-history">The opposing Puppy used <strong>Close Combat</strong>!<br></div><div class="battle-history"><small>It's super effective!</small><br></div><div class="battle-history"><small>A critical hit!</small><br></div><div class="battle-history"><small>(Zamazenta lost 99% of its health!)</small><br></div><div class="battle-history"><small>The opposing Puppy's Defense fell!</small><br></div><div class="battle-history"><small>The opposing Puppy's Sp. Def fell!</small><br></div><div class="spacer battle-history"><br></div><div class="battle-history">Zamazenta fainted!<br></div><div class="spacer battle-history"><br></div><div class="battle-history">Go! gottapoko??? (<strong>Greninja</strong>)!<br></div><div class="spacer battle-history"><br></div><h2 class="battle-history">Turn 12</h2><div class="spacer battle-history"><br></div><div class="battle-history">gottapoko??? used <strong>Hydro Pump</strong>!<br></div><div class="battle-history"><small>(The opposing Puppy lost 38% of its health!)</small><br></div><div class="spacer battle-history"><br></div><div class="battle-history">The opposing Puppy fainted!<br></div><div class="battle-history">[gottapoko???'s Battle Bond]<br><small>gottapoko??? became fully charged due to its bond with its Trainer!</small><br></div><div class="battle-history">gottapoko??? became Ash-Greninja!<br></div><div class="spacer battle-history"><br></div><div class="battle-history"><small>The electricity disappeared from the battlefield.</small><br></div><div class="spacer battle-history"><br></div><div class="battle-history">TheRubySamurai sent out Puff (<strong>Tapu Koko</strong>)!<br></div><div class="battle-history">[The opposing Puff's Electric Surge]<br><small>An electric current ran across the battlefield!</small><br></div><div class="spacer battle-history"><br></div><h2 class="battle-history">Turn 13</h2><div class="spacer battle-history"><br></div><div class="battle-history">gottapoko??? used <strong>Hydro Pump</strong>!<br></div><div class="battle-history"><small>The opposing Puff avoided the attack!</small><br></div><div class="spacer battle-history"><br></div><div class="battle-history">The opposing Puff used <strong>Thunderbolt</strong>!<br></div><div class="battle-history"><small>It's super effective!</small><br></div><div class="battle-history"><small>(gottapoko??? lost 100% of its health!)</small><br></div><div class="spacer battle-history"><br></div><div class="battle-history">gottapoko??? fainted!<br></div><div class="spacer battle-history"><br></div><div class="battle-history">Go! Noivern (<strong>Noivern-Mega</strong>)!<br></div><div class="battle-history">[Noivern's Trace]<br>[Noivern's Electric Surge]<br><small>Noivern traced the opposing Puff's Electric Surge!</small><br></div><div class="spacer battle-history"><br></div><h2 class="battle-history">Turn 14</h2><div class="spacer battle-history"><br></div><div class="battle-history">Noivern used <strong>Boomburst</strong>!<br></div><div class="battle-history"><small>(The opposing Puff lost 68% of its health!)</small><br></div><div class="spacer battle-history"><br></div><div class="battle-history">The opposing Puff fainted!<br></div><div class="spacer battle-history"><br></div><div class="battle-history">TheRubySamurai sent out Nacho (<strong>Hawlucha</strong>)!<br></div><div class="battle-history"><small>(The opposing Nacho used its Electric Seed!)</small><br></div><div class="battle-history"><small>The Electric Seed raised the opposing Nacho's Defense!</small><br></div><div class="spacer battle-history"><br></div><h2 class="battle-history">Turn 15</h2><div class="spacer battle-history"><br></div><div class="battle-history">The opposing Nacho used <strong>Swords Dance</strong>!<br></div><div class="battle-history"><small>The opposing Nacho's Attack rose sharply!</small><br></div><div class="spacer battle-history"><br></div><div class="battle-history">Noivern used <strong>Psyshock</strong>!<br></div><div class="battle-history"><small>It's super effective!</small><br></div><div class="battle-history"><small>(The opposing Nacho lost 69% of its health!)</small><br></div><div class="spacer battle-history"><br></div><h2 class="battle-history">Turn 16</h2><div class="spacer battle-history"><br></div><div class="battle-history">The opposing Nacho used <strong>Acrobatics</strong>!<br></div><div class="battle-history"><small>(Noivern lost 55% of its health!)</small><br></div><div class="spacer battle-history"><br></div><div class="battle-history">Noivern fainted!<br></div><div class="spacer battle-history"><br></div><div class="battle-history"><small>The opposing team's Reflect wore off!</small><br></div><div class="spacer battle-history"><br></div><div class="battle-history">Go! <strong>Pelipper</strong>!<br></div><div class="battle-history">[Pelipper's Drizzle]<br><small>It started to rain!</small><br></div><div class="spacer battle-history"><br></div><h2 class="battle-history">Turn 17</h2><div class="spacer battle-history"><br></div><div class="battle-history">The opposing Nacho used <strong>Stone Edge</strong>!<br></div><div class="battle-history"><small>It's super effective!</small><br></div><div class="battle-history"><small>(Pelipper lost 96% of its health!)</small><br></div><div class="spacer battle-history"><br></div><div class="battle-history">Pelipper used <strong>Scald</strong>!<br></div><div class="battle-history"><small>(The opposing Nacho lost 31% of its health!)</small><br></div><div class="spacer battle-history"><br></div><div class="battle-history">The opposing Nacho fainted!<br></div><div class="spacer battle-history"><br></div><div class="battle-history"><small>(Rain continues to fall.)</small><br></div><div class="battle-history"><small>The electricity disappeared from the battlefield.</small><br></div><div class="spacer battle-history"><br></div><div class="battle-history">TheRubySamurai sent out Hello I Bunny (<strong>Azumarill</strong>)!<br></div><div class="spacer battle-history"><br></div><h2 class="battle-history">Turn 18</h2><div class="spacer battle-history"><br></div><div class="battle-history">The opposing Hello I Bunny used <strong>Belly Drum</strong>!<br></div><div class="battle-history"><small>(The opposing Hello I Bunny lost 50% of its health!)</small><br></div><div class="battle-history"><small>The opposing Hello I Bunny cut its own HP and maximized its Attack!</small><br></div><div class="spacer battle-history"><br></div><div class="battle-history">Pelipper used <strong>Roost</strong>!<br></div><div class="battle-history"><small>Pelipper had its HP restored.</small><br></div><div class="battle-history"><small>(Pelipper loses Flying type this turn.)</small><br></div><div class="spacer battle-history"><br></div><div class="battle-history"><small>(Rain continues to fall.)</small><br></div><div class="spacer battle-history"><br></div><h2 class="battle-history">Turn 19</h2><div class="spacer battle-history"><br></div><div class="battle-history">The opposing Hello I Bunny used <strong>Knock Off</strong>!<br></div><div class="battle-history"><small>(Pelipper lost 54% of its health!)</small><br></div><div class="battle-history"><small>The opposing Hello I Bunny knocked off Pelipper's Damp Rock!</small><br></div><div class="spacer battle-history"><br></div><div class="battle-history">Pelipper fainted!<br></div><div class="spacer battle-history"><br></div><div class="battle-history"><small>(Rain continues to fall.)</small><br></div><div class="spacer battle-history"><br></div><div class="battle-history">Go! <strong>Manaphy</strong>!<br></div><div class="spacer battle-history"><br></div><h2 class="battle-history">Turn 20</h2><div class="spacer battle-history"><br></div><div class="battle-history">Manaphy used <strong>Psychic</strong>!<br></div><div class="battle-history"><small>(The opposing Hello I Bunny lost 30% of its health!)</small><br></div><div class="spacer battle-history"><br></div><div class="battle-history">The opposing Hello I Bunny used <strong>Knock Off</strong>!<br></div><div class="battle-history"><small>(Manaphy lost 94% of its health!)</small><br></div><div class="spacer battle-history"><br></div><div class="battle-history"><small>(Rain continues to fall.)</small><br></div><div class="spacer battle-history"><br></div><h2 class="battle-history">Turn 21</h2><div class="spacer battle-history"><br></div><div class="battle-history">The opposing Hello I Bunny used <strong>Aqua Jet</strong>!<br></div><div class="battle-history"><small>It's not very effective...</small><br></div><div class="battle-history"><small>(Manaphy lost 6% of its health!)</small><br></div><div class="spacer battle-history"><br></div><div class="battle-history">Manaphy fainted!<br></div><div class="spacer battle-history"><br></div><div class="battle-history"><small>(Rain continues to fall.)</small><br></div><div class="spacer battle-history"><br></div><div class="battle-history">Go! <strong>Magnezone</strong>!<br></div><div class="spacer battle-history"><br></div><h2 class="battle-history">Turn 22</h2><div class="spacer battle-history"><br></div><div class="battle-history">The opposing Hello I Bunny used <strong>Aqua Jet</strong>!<br></div><div class="battle-history"><small>(Magnezone lost 94% of its health!)</small><br></div><div class="spacer battle-history"><br></div><div class="battle-history">Magnezone fainted!<br></div><div class="spacer battle-history"><br></div><div class="battle-history"><strong>TheRubySamurai</strong> won the battle!<br></div><div class="chat chatmessage-therubysamurai"><strong style="color:#de177a"><small>☆</small><span class="username" data-name="TheRubySamurai">TheRubySamurai</span>:</strong> <em>gg</em></div><div class="chat chatmessage-woopersons"><strong style="color:#578235"><small>☆</small><span class="username" data-name="wooperson's">wooperson's</span>:</strong> <em>gg</em></div><div class="chat"><small>☆wooperson's left</small></div></div><div class="inner-preempt message-log"></div></div></div>
</div>
<script>
let daily = Math.floor(Date.now()/1000/60/60/24);document.write('<script src="https://dragonheaven.herokuapp.com/js/replay-embed.js?version'+daily+'"></'+'script>');
</script>
