<!DOCTYPE html>
<meta charset="utf-8" />
<!-- version 1 -->
<title>[Gen 8] Megas for All replay: Mateeus_1 vs. TheUltraFinder</title>
<style>
html,body {font-family:Verdana, sans-serif;font-size:10pt;margin:0;padding:0;}body{padding:12px 0;} .battle-log {font-family:Verdana, sans-serif;font-size:10pt;} .battle-log-inline {border:1px solid #AAAAAA;background:#EEF2F5;color:black;max-width:640px;margin:0 auto 80px;padding-bottom:5px;} .battle-log .inner {padding:4px 8px 0px 8px;} .battle-log .inner-preempt {padding:0 8px 4px 8px;} .battle-log .inner-after {margin-top:0.5em;} .battle-log h2 {margin:0.5em -8px;padding:4px 8px;border:1px solid #AAAAAA;background:#E0E7EA;border-left:0;border-right:0;font-family:Verdana, sans-serif;font-size:13pt;} .battle-log .chat {vertical-align:middle;padding:3px 0 3px 0;font-size:8pt;} .battle-log .chat strong {color:#40576A;} .battle-log .chat em {padding:1px 4px 1px 3px;color:#000000;font-style:normal;} .chat.mine {background:rgba(0,0,0,0.05);margin-left:-8px;margin-right:-8px;padding-left:8px;padding-right:8px;} .spoiler {color:#BBBBBB;background:#BBBBBB;padding:0px 3px;} .spoiler:hover, .spoiler:active, .spoiler-shown {color:#000000;background:#E2E2E2;padding:0px 3px;} .spoiler a {color:#BBBBBB;} .spoiler:hover a, .spoiler:active a, .spoiler-shown a {color:#2288CC;} .chat code, .chat .spoiler:hover code, .chat .spoiler:active code, .chat .spoiler-shown code {border:1px solid #C0C0C0;background:#EEEEEE;color:black;padding:0 2px;} .chat .spoiler code {border:1px solid #CCCCCC;background:#CCCCCC;color:#CCCCCC;} .battle-log .rated {padding:3px 4px;} .battle-log .rated strong {color:white;background:#89A;padding:1px 4px;border-radius:4px;} .spacer {margin-top:0.5em;} .message-announce {background:#6688AA;color:white;padding:1px 4px 2px;} .message-announce a, .broadcast-green a, .broadcast-blue a, .broadcast-red a {color:#DDEEFF;} .broadcast-green {background-color:#559955;color:white;padding:2px 4px;} .broadcast-blue {background-color:#6688AA;color:white;padding:2px 4px;} .infobox {border:1px solid #6688AA;padding:2px 4px;} .infobox-limited {max-height:200px;overflow:auto;overflow-x:hidden;} .broadcast-red {background-color:#AA5544;color:white;padding:2px 4px;} .message-learn-canlearn {font-weight:bold;color:#228822;text-decoration:underline;} .message-learn-cannotlearn {font-weight:bold;color:#CC2222;text-decoration:underline;} .message-effect-weak {font-weight:bold;color:#CC2222;} .message-effect-resist {font-weight:bold;color:#6688AA;} .message-effect-immune {font-weight:bold;color:#666666;} .message-learn-list {margin-top:0;margin-bottom:0;} .message-throttle-notice, .message-error {color:#992222;} .message-overflow, .chat small.message-overflow {font-size:0pt;} .message-overflow::before {font-size:9pt;content:'...';} .subtle {color:#3A4A66;}
</style>
<div class="wrapper replay-wrapper" style="max-width:1180px;margin:0 auto">
<input type="hidden" name="replayid" value="dragonheaven-gen8megasforall-4900" />
<div class="battle"></div><div class="battle-log"></div><div class="replay-controls"></div><div class="replay-controls-2"></div>
<h1 style="font-weight:normal;text-align:center"><strong>[Gen 8] Megas for All</strong><br /><a href="http://pokemonshowdown.com/users/mateeus1" class="subtle" target="_blank">Mateeus_1</a> vs. <a href="http://pokemonshowdown.com/users/theultrafinder" class="subtle" target="_blank">TheUltraFinder</a></h1>
<script type="text/plain" class="battle-log-data">|j|☆Mateeus_1
|j|☆TheUltraFinder
|player|p1|Mateeus_1|preschooler|
|player|p2|TheUltraFinder|101|
|teamsize|p1|6
|teamsize|p2|6
|gametype|singles
|gen|8
|tier|[Gen 8] Megas for All
|clearpoke
|poke|p1|Dragapult, M|
|poke|p1|Corviknight, M|
|poke|p1|Cinderace, F|
|poke|p1|Clefable, M|
|poke|p1|Toxapex, F|
|poke|p1|Garchomp, M|
|poke|p2|Vanilluxe, F|
|poke|p2|Lapras, M|
|poke|p2|Barraskewda, F|
|poke|p2|Avalugg, M|
|poke|p2|Froslass, F|
|poke|p2|Beartic, M|
|rule|HP Percentage Mod: HP is shown in percentages
|rule|Endless Battle Clause: Forcing endless battles is banned
|rule|OHKO Clause: OHKO moves are banned
|rule|Evasion Moves Clause: Evasion moves are banned
|rule|Species Clause: Limit one of each Pokémon
|rule|Dynamax Clause: You cannot dynamax
|rule|Sleep Clause Mod: Limit one foe put to sleep
|teampreview
|c|☆Mateeus_1|glhf
|c|☆TheUltraFinder|u2
|j| inkbug1


|
|start
|switch|p1a: Dragapult|Dragapult, M|100\/100
|switch|p2a: Fear The Ice Cream|Vanilluxe, F|100\/100
|-weather|Hail|[from] ability: Snow Warning|[of] p2a: Fear The Ice Cream
|turn|1


|
|detailschange|p1a: Dragapult|Dragapult-Mega, M
|-mega|p1a: Dragapult|Dragapult|Dragapultite
|-ability|p1a: Dragapult|Snow Warning|[from] ability: Trace|[of] p2a: Fear The Ice Cream
|detailschange|p2a: Fear The Ice Cream|Vanilluxe-Mega, F
|-mega|p2a: Fear The Ice Cream|Vanilluxe|Vanillite
|-ability|p2a: Fear The Ice Cream|Cold Sweat
|move|p1a: Dragapult|U-turn|p2a: Fear The Ice Cream
|-damage|p2a: Fear The Ice Cream|80\/100


|
|switch|p1a: Corviknight|Corviknight, M|100\/100|[from]move: U-turn
|-ability|p1a: Corviknight|Pressure
|move|p2a: Fear The Ice Cream|Weather Ball|p1a: Corviknight
|-crit|p1a: Corviknight
|-damage|p1a: Corviknight|0 fnt
|faint|p1a: Corviknight
|
|-weather|Hail|[upkeep]
|upkeep


|
|switch|p1a: Cinderace|Cinderace, F|100\/100
|turn|2


|
|switch|p2a: Lappy Boio|Lapras, M|100\/100
|move|p1a: Cinderace|Pyro Ball|p2a: Lappy Boio
|-damage|p2a: Lappy Boio|52\/100
|
|-weather|Hail|[upkeep]
|-damage|p1a: Cinderace|95\/100|[from] Hail
|upkeep
|turn|3


|
|move|p1a: Cinderace|High Jump Kick|p2a: Lappy Boio
|-start|p1a: Cinderace|typechange|Fighting|[from] ability: Libero
|-supereffective|p2a: Lappy Boio
|-damage|p2a: Lappy Boio|0 fnt
|faint|p2a: Lappy Boio
|
|-weather|Hail|[upkeep]
|-damage|p1a: Cinderace|89\/100|[from] Hail
|upkeep


|
|switch|p2a: Cramorant Fish|Barraskewda, F|100\/100
|turn|4


|
|switch|p1a: Toxapex|Toxapex, F|100\/100
|move|p2a: Cramorant Fish|Flip Turn|p1a: Toxapex
|-resisted|p1a: Toxapex
|-damage|p1a: Toxapex|82\/100


|
|switch|p2a: Elsa|Froslass, F|100\/100|[from]move: Flip Turn
|
|-weather|Hail|[upkeep]
|-damage|p1a: Toxapex|75\/100|[from] Hail
|-heal|p1a: Toxapex|82\/100|[from] item: Black Sludge
|upkeep
|turn|5


|
|move|p2a: Elsa|Poltergeist|p1a: Toxapex
|-activate|p1a: Toxapex|move: Poltergeist|Black Sludge
|-damage|p1a: Toxapex|30\/100
|move|p1a: Toxapex|Toxic|p2a: Elsa
|-status|p2a: Elsa|tox
|
|-weather|none
|-heal|p1a: Toxapex|36\/100|[from] item: Black Sludge
|-damage|p2a: Elsa|94\/100 tox|[from] psn
|upkeep
|turn|6


|
|switch|p2a: Fear The Ice Cream|Vanilluxe-Mega, F|80\/100
|-ability|p2a: Fear The Ice Cream|Cold Sweat
|-weather|Hail|[from] ability: Cold Sweat|[of] p2a: Fear The Ice Cream
|switch|p1a: Cinderace|Cinderace, F|89\/100
|
|-weather|Hail|[upkeep]
|-damage|p1a: Cinderace|83\/100|[from] Hail
|upkeep
|turn|7


|
|switch|p2a: Cramorant Fish|Barraskewda, F|100\/100
|move|p1a: Cinderace|High Jump Kick|p2a: Cramorant Fish
|-start|p1a: Cinderace|typechange|Fighting|[from] ability: Libero
|-damage|p2a: Cramorant Fish|0 fnt
|faint|p2a: Cramorant Fish
|
|-weather|Hail|[upkeep]
|-damage|p1a: Cinderace|77\/100|[from] Hail
|upkeep


|j| H2OPulse


|
|switch|p2a: Fear The Ice Cream|Vanilluxe-Mega, F|80\/100
|-weather|RainDance|[from] ability: Cold Sweat|[of] p2a: Fear The Ice Cream
|-ability|p2a: Fear The Ice Cream|Cold Sweat
|-weather|Hail|[from] ability: Cold Sweat|[of] p2a: Fear The Ice Cream
|-weather|RainDance|[from] ability: Cold Sweat|[of] p2a: Fear The Ice Cream
|turn|8


|c| H2OPulse|(I'm not part of the tour anyway so I'm just here to see what happens .w.)


|c|☆TheUltraFinder|(and there it goes)


|c| H2OPulse|Good luck, both!!!


|
|move|p1a: Cinderace|High Jump Kick|p2a: Fear The Ice Cream
|-supereffective|p2a: Fear The Ice Cream
|-damage|p2a: Fear The Ice Cream|0 fnt
|faint|p2a: Fear The Ice Cream
|
|-weather|RainDance|[upkeep]
|upkeep


|c|☆TheUltraFinder|ty


|
|switch|p2a: Elsa|Froslass, F|94\/100 tox
|turn|9


|
|move|p1a: Cinderace|Sucker Punch|p2a: Elsa
|-start|p1a: Cinderace|typechange|Dark|[from] ability: Libero
|-supereffective|p2a: Elsa
|-damage|p2a: Elsa|0 fnt
|faint|p2a: Elsa
|
|-weather|RainDance|[upkeep]
|upkeep


|
|switch|p2a: Iceberged|Avalugg, M|100\/100
|turn|10


|
|move|p1a: Cinderace|U-turn|p2a: Iceberged
|-start|p1a: Cinderace|typechange|Bug|[from] ability: Libero
|-damage|p2a: Iceberged|87\/100


|
|switch|p1a: Dragapult|Dragapult-Mega, M|100\/100|[from]move: U-turn
|-ability|p1a: Dragapult|Ice Body|[from] ability: Trace|[of] p2a: Iceberged
|move|p2a: Iceberged|Roar|p1a: Dragapult
|drag|p1a: Clefable|Clefable, M|100\/100
|
|-weather|RainDance|[upkeep]
|-heal|p2a: Iceberged|93\/100|[from] item: Leftovers
|upkeep
|turn|11


|
|move|p1a: Clefable|Moonblast|p2a: Iceberged
|-damage|p2a: Iceberged|2\/100
|-unboost|p2a: Iceberged|spa|1
|move|p2a: Iceberged|Rapid Spin|p1a: Clefable
|-damage|p1a: Clefable|87\/100
|-boost|p2a: Iceberged|spe|1
|
|-weather|RainDance|[upkeep]
|-heal|p2a: Iceberged|8\/100|[from] item: Leftovers
|upkeep
|turn|12


|
|move|p1a: Clefable|Moonblast|p2a: Iceberged
|-damage|p2a: Iceberged|0 fnt
|faint|p2a: Iceberged
|
|-weather|none
|upkeep


|
|switch|p2a: Chicago|Beartic, M|100\/100
|turn|13


|
|move|p1a: Clefable|Moonblast|p2a: Chicago
|-damage|p2a: Chicago|42\/100
|move|p2a: Chicago|Liquidation|p1a: Clefable
|-damage|p1a: Clefable|46\/100
|
|upkeep
|turn|14


|
|move|p1a: Clefable|Moonblast|p2a: Chicago
|-damage|p2a: Chicago|0 fnt
|faint|p2a: Chicago
|
|win|Mateeus_1


|c|☆TheUltraFinder|gg


|c|☆Mateeus_1|gg
</script>
</div>
<div class="battle-log battle-log-inline"><div class="inner"><div class="battle-options"><div style="padding-top: 3px; padding-right: 3px; text-align: right"><button class="icon button" name="openBattleOptions" title="Options">Battle Options</button></div></div><div class="inner message-log"><div class="chat"><small>☆Mateeus_1 and ☆TheUltraFinder joined</small></div><div class=""><small>Format:</small> <br><strong>[Gen 8] Megas for All</strong></div><div class=""><small><em>HP Percentage Mod:</em> HP is shown in percentages</small></div><div class=""><small><em>Endless Battle Clause:</em> Forcing endless battles is banned</small></div><div class=""><small><em>OHKO Clause:</em> OHKO moves are banned</small></div><div class=""><small><em>Evasion Moves Clause:</em> Evasion moves are banned</small></div><div class=""><small><em>Species Clause:</em> Limit one of each Pokémon</small></div><div class=""><small><em>Dynamax Clause:</em> You cannot dynamax</small></div><div class=""><small><em>Sleep Clause Mod:</em> Limit one foe put to sleep</small></div><div class="chat battle-history"><strong>Mateeus_1's team:</strong> <em style="color:#445566;display:block;">Dragapult / Corviknight / Cinderace / Clefable / Toxapex / Garchomp</em></div><div class="chat battle-history"><strong>TheUltraFinder's team:</strong> <em style="color:#445566;display:block;">Vanilluxe / Lapras / Barraskewda / Avalugg / Froslass / Beartic</em></div><div class="chat chatmessage-mateeus1"><strong style="color:#52903c"><small>☆</small><span class="username" data-name="Mateeus_1">Mateeus_1</span>:</strong> <em>glhf</em></div><div class="chat chatmessage-theultrafinder"><strong style="color:#946524"><small>☆</small><span class="username" data-name="TheUltraFinder">TheUltraFinder</span>:</strong> <em>u2</em></div><div class="chat"><small> inkbug1 joined</small></div><div class="spacer battle-history"><br></div><div class="battle-history">Battle started between Mateeus_1 and TheUltraFinder!<br></div><div class="spacer battle-history"><br></div><div class="battle-history">Go! <strong>Dragapult</strong>!<br></div><div class="spacer battle-history"><br></div><div class="battle-history">TheUltraFinder sent out Fear The Ice Cream (<strong>Vanilluxe</strong>)!<br></div><div class="battle-history">[The opposing Fear The Ice Cream's Snow Warning]<br><small>It started to hail!</small><br></div><div class="spacer battle-history"><br></div><h2 class="battle-history">Turn 1</h2><div class="spacer battle-history"><br></div><div class="battle-history"><small>Dragapult's Dragapultite is reacting to the Key Stone!</small><br>Dragapult has Mega Evolved into Mega Dragapult!<br></div><div class="battle-history">[Dragapult's Trace]<br>[Dragapult's Snow Warning]<br><small>Dragapult traced the opposing Fear The Ice Cream's Snow Warning!</small><br></div><div class="spacer battle-history"><br></div><div class="battle-history"><small>The opposing Fear The Ice Cream's Vanillite is reacting to the Key Stone!</small><br>The opposing Fear The Ice Cream has Mega Evolved into Mega Vanilluxe!<br></div><div class="battle-history">[The opposing Fear The Ice Cream's Cold Sweat]<br></div><div class="spacer battle-history"><br></div><div class="battle-history">Dragapult used <strong>U-turn</strong>!<br></div><div class="battle-history"><small>(The opposing Fear The Ice Cream lost 20% of its health!)</small><br></div><div class="spacer battle-history"><br></div><div class="battle-history">Dragapult went back to Mateeus_1!<br></div><div class="battle-history">Go! <strong>Corviknight</strong>!<br></div><div class="battle-history">[Corviknight's Pressure]<br><small>Corviknight is exerting its pressure!</small><br></div><div class="spacer battle-history"><br></div><div class="battle-history">The opposing Fear The Ice Cream used <strong>Weather Ball</strong>!<br></div><div class="battle-history"><small>A critical hit!</small><br></div><div class="battle-history"><small>(Corviknight lost 100% of its health!)</small><br></div><div class="spacer battle-history"><br></div><div class="battle-history">Corviknight fainted!<br></div><div class="spacer battle-history"><br></div><div class="battle-history"><small>(The hail is crashing down.)</small><br></div><div class="spacer battle-history"><br></div><div class="battle-history">Go! <strong>Cinderace</strong>!<br></div><div class="spacer battle-history"><br></div><h2 class="battle-history">Turn 2</h2><div class="spacer battle-history"><br></div><div class="battle-history">TheUltraFinder withdrew Fear The Ice Cream!<br></div><div class="battle-history">TheUltraFinder sent out Lappy Boio (<strong>Lapras</strong>)!<br></div><div class="spacer battle-history"><br></div><div class="battle-history">Cinderace used <strong>Pyro Ball</strong>!<br></div><div class="battle-history"><small>(The opposing Lappy Boio lost 48% of its health!)</small><br></div><div class="spacer battle-history"><br></div><div class="battle-history"><small>(The hail is crashing down.)</small><br></div><div class="battle-history"><small>Cinderace is buffeted by the hail!</small><br></div><div class="spacer battle-history"><br></div><h2 class="battle-history">Turn 3</h2><div class="spacer battle-history"><br></div><div class="battle-history">Cinderace used <strong>High Jump Kick</strong>!<br></div><div class="battle-history">[Cinderace's Libero]<br><small>Cinderace's type changed to Fighting!</small><br></div><div class="battle-history"><small>It's super effective!</small><br></div><div class="battle-history"><small>(The opposing Lappy Boio lost 52% of its health!)</small><br></div><div class="spacer battle-history"><br></div><div class="battle-history">The opposing Lappy Boio fainted!<br></div><div class="spacer battle-history"><br></div><div class="battle-history"><small>(The hail is crashing down.)</small><br></div><div class="battle-history"><small>Cinderace is buffeted by the hail!</small><br></div><div class="spacer battle-history"><br></div><div class="battle-history">TheUltraFinder sent out Cramorant Fish (<strong>Barraskewda</strong>)!<br></div><div class="spacer battle-history"><br></div><h2 class="battle-history">Turn 4</h2><div class="spacer battle-history"><br></div><div class="battle-history">Cinderace, come back!<br></div><div class="battle-history">Go! <strong>Toxapex</strong>!<br></div><div class="spacer battle-history"><br></div><div class="battle-history">The opposing Cramorant Fish used <strong>Flip Turn</strong>!<br></div><div class="battle-history"><small>It's not very effective...</small><br></div><div class="battle-history"><small>(Toxapex lost 18% of its health!)</small><br></div><div class="spacer battle-history"><br></div><div class="battle-history">TheUltraFinder withdrew Cramorant Fish!<br></div><div class="battle-history">TheUltraFinder sent out Elsa (<strong>Froslass</strong>)!<br></div><div class="spacer battle-history"><br></div><div class="battle-history"><small>(The hail is crashing down.)</small><br></div><div class="battle-history"><small>Toxapex is buffeted by the hail!</small><br></div><div class="battle-history"><small>Toxapex restored a little HP using its Black Sludge!</small><br></div><div class="spacer battle-history"><br></div><h2 class="battle-history">Turn 5</h2><div class="spacer battle-history"><br></div><div class="battle-history">The opposing Elsa used <strong>Poltergeist</strong>!<br></div><div class="battle-history"><small>Toxapex is about to be attacked by its Black Sludge!</small><br></div><div class="battle-history"><small>(Toxapex lost 52% of its health!)</small><br></div><div class="spacer battle-history"><br></div><div class="battle-history">Toxapex used <strong>Toxic</strong>!<br></div><div class="battle-history"><small>The opposing Elsa was badly poisoned!</small><br></div><div class="spacer battle-history"><br></div><div class="battle-history"><small>The hail stopped.</small><br></div><div class="battle-history"><small>Toxapex restored a little HP using its Black Sludge!</small><br></div><div class="battle-history"><small>The opposing Elsa was hurt by poison!</small><br></div><div class="spacer battle-history"><br></div><h2 class="battle-history">Turn 6</h2><div class="spacer battle-history"><br></div><div class="battle-history">TheUltraFinder withdrew Elsa!<br></div><div class="battle-history">TheUltraFinder sent out Fear The Ice Cream (<strong>Vanilluxe-Mega</strong>)!<br></div><div class="battle-history">[The opposing Fear The Ice Cream's Cold Sweat]<br></div><div class="battle-history">[The opposing Fear The Ice Cream's Cold Sweat]<br><small>It started to hail!</small><br></div><div class="spacer battle-history"><br></div><div class="battle-history">Toxapex, come back!<br></div><div class="battle-history">Go! <strong>Cinderace</strong>!<br></div><div class="spacer battle-history"><br></div><div class="battle-history"><small>(The hail is crashing down.)</small><br></div><div class="battle-history"><small>Cinderace is buffeted by the hail!</small><br></div><div class="spacer battle-history"><br></div><h2 class="battle-history">Turn 7</h2><div class="spacer battle-history"><br></div><div class="battle-history">TheUltraFinder withdrew Fear The Ice Cream!<br></div><div class="battle-history">TheUltraFinder sent out Cramorant Fish (<strong>Barraskewda</strong>)!<br></div><div class="spacer battle-history"><br></div><div class="battle-history">Cinderace used <strong>High Jump Kick</strong>!<br></div><div class="battle-history">[Cinderace's Libero]<br><small>Cinderace's type changed to Fighting!</small><br></div><div class="battle-history"><small>(The opposing Cramorant Fish lost 100% of its health!)</small><br></div><div class="spacer battle-history"><br></div><div class="battle-history">The opposing Cramorant Fish fainted!<br></div><div class="spacer battle-history"><br></div><div class="battle-history"><small>(The hail is crashing down.)</small><br></div><div class="battle-history"><small>Cinderace is buffeted by the hail!</small><br></div><div class="chat"><small> H2OPulse joined</small></div><div class="spacer battle-history"><br></div><div class="battle-history">TheUltraFinder sent out Fear The Ice Cream (<strong>Vanilluxe-Mega</strong>)!<br></div><div class="battle-history">[The opposing Fear The Ice Cream's Cold Sweat]<br><small>It started to rain!</small><br></div><div class="battle-history">[The opposing Fear The Ice Cream's Cold Sweat]<br></div><div class="battle-history">[The opposing Fear The Ice Cream's Cold Sweat]<br><small>It started to hail!</small><br></div><div class="battle-history">[The opposing Fear The Ice Cream's Cold Sweat]<br><small>It started to rain!</small><br></div><div class="spacer battle-history"><br></div><h2 class="battle-history">Turn 8</h2><div class="chat chatmessage-h2opulse"><strong style="color:#6e8c2b"><small> </small><span class="username" data-name="H2OPulse">H2OPulse</span>:</strong> <em>(I'm not part of the tour anyway so I'm just here to see what happens .w.)</em></div><div class="chat chatmessage-theultrafinder"><strong style="color:#946524"><small>☆</small><span class="username" data-name="TheUltraFinder">TheUltraFinder</span>:</strong> <em>(and there it goes)</em></div><div class="chat chatmessage-h2opulse"><strong style="color:#6e8c2b"><small> </small><span class="username" data-name="H2OPulse">H2OPulse</span>:</strong> <em>Good luck, both!!!</em></div><div class="spacer battle-history"><br></div><div class="battle-history">Cinderace used <strong>High Jump Kick</strong>!<br></div><div class="battle-history"><small>It's super effective!</small><br></div><div class="battle-history"><small>(The opposing Fear The Ice Cream lost 80% of its health!)</small><br></div><div class="spacer battle-history"><br></div><div class="battle-history">The opposing Fear The Ice Cream fainted!<br></div><div class="spacer battle-history"><br></div><div class="battle-history"><small>(Rain continues to fall.)</small><br></div><div class="chat chatmessage-theultrafinder"><strong style="color:#946524"><small>☆</small><span class="username" data-name="TheUltraFinder">TheUltraFinder</span>:</strong> <em>ty</em></div><div class="spacer battle-history"><br></div><div class="battle-history">TheUltraFinder sent out Elsa (<strong>Froslass</strong>)!<br></div><div class="spacer battle-history"><br></div><h2 class="battle-history">Turn 9</h2><div class="spacer battle-history"><br></div><div class="battle-history">Cinderace used <strong>Sucker Punch</strong>!<br></div><div class="battle-history">[Cinderace's Libero]<br><small>Cinderace's type changed to Dark!</small><br></div><div class="battle-history"><small>It's super effective!</small><br></div><div class="battle-history"><small>(The opposing Elsa lost 94% of its health!)</small><br></div><div class="spacer battle-history"><br></div><div class="battle-history">The opposing Elsa fainted!<br></div><div class="spacer battle-history"><br></div><div class="battle-history"><small>(Rain continues to fall.)</small><br></div><div class="spacer battle-history"><br></div><div class="battle-history">TheUltraFinder sent out Iceberged (<strong>Avalugg</strong>)!<br></div><div class="spacer battle-history"><br></div><h2 class="battle-history">Turn 10</h2><div class="spacer battle-history"><br></div><div class="battle-history">Cinderace used <strong>U-turn</strong>!<br></div><div class="battle-history">[Cinderace's Libero]<br><small>Cinderace's type changed to Bug!</small><br></div><div class="battle-history"><small>(The opposing Iceberged lost 13% of its health!)</small><br></div><div class="spacer battle-history"><br></div><div class="battle-history">Cinderace went back to Mateeus_1!<br></div><div class="battle-history">Go! Dragapult (<strong>Dragapult-Mega</strong>)!<br></div><div class="battle-history">[Dragapult's Trace]<br>[Dragapult's Ice Body]<br><small>Dragapult traced the opposing Iceberged's Ice Body!</small><br></div><div class="spacer battle-history"><br></div><div class="battle-history">The opposing Iceberged used <strong>Roar</strong>!<br></div><div class="spacer battle-history"><br></div><div class="battle-history"><strong>Clefable</strong> was dragged out!<br></div><div class="spacer battle-history"><br></div><div class="battle-history"><small>(Rain continues to fall.)</small><br></div><div class="battle-history"><small>The opposing Iceberged restored a little HP using its Leftovers!</small><br></div><div class="spacer battle-history"><br></div><h2 class="battle-history">Turn 11</h2><div class="spacer battle-history"><br></div><div class="battle-history">Clefable used <strong>Moonblast</strong>!<br></div><div class="battle-history"><small>(The opposing Iceberged lost 91% of its health!)</small><br></div><div class="battle-history"><small>The opposing Iceberged's Sp. Atk fell!</small><br></div><div class="spacer battle-history"><br></div><div class="battle-history">The opposing Iceberged used <strong>Rapid Spin</strong>!<br></div><div class="battle-history"><small>(Clefable lost 13% of its health!)</small><br></div><div class="battle-history"><small>The opposing Iceberged's Speed rose!</small><br></div><div class="spacer battle-history"><br></div><div class="battle-history"><small>(Rain continues to fall.)</small><br></div><div class="battle-history"><small>The opposing Iceberged restored a little HP using its Leftovers!</small><br></div><div class="spacer battle-history"><br></div><h2 class="battle-history">Turn 12</h2><div class="spacer battle-history"><br></div><div class="battle-history">Clefable used <strong>Moonblast</strong>!<br></div><div class="battle-history"><small>(The opposing Iceberged lost 8% of its health!)</small><br></div><div class="spacer battle-history"><br></div><div class="battle-history">The opposing Iceberged fainted!<br></div><div class="spacer battle-history"><br></div><div class="battle-history"><small>The rain stopped.</small><br></div><div class="spacer battle-history"><br></div><div class="battle-history">TheUltraFinder sent out Chicago (<strong>Beartic</strong>)!<br></div><div class="spacer battle-history"><br></div><h2 class="battle-history">Turn 13</h2><div class="spacer battle-history"><br></div><div class="battle-history">Clefable used <strong>Moonblast</strong>!<br></div><div class="battle-history"><small>(The opposing Chicago lost 58% of its health!)</small><br></div><div class="spacer battle-history"><br></div><div class="battle-history">The opposing Chicago used <strong>Liquidation</strong>!<br></div><div class="battle-history"><small>(Clefable lost 41% of its health!)</small><br></div><div class="spacer battle-history"><br></div><h2 class="battle-history">Turn 14</h2><div class="spacer battle-history"><br></div><div class="battle-history">Clefable used <strong>Moonblast</strong>!<br></div><div class="battle-history"><small>(The opposing Chicago lost 42% of its health!)</small><br></div><div class="spacer battle-history"><br></div><div class="battle-history">The opposing Chicago fainted!<br></div><div class="spacer battle-history"><br></div><div class="battle-history"><strong>Mateeus_1</strong> won the battle!<br></div><div class="chat chatmessage-theultrafinder"><strong style="color:#946524"><small>☆</small><span class="username" data-name="TheUltraFinder">TheUltraFinder</span>:</strong> <em>gg</em></div><div class="chat chatmessage-mateeus1"><strong style="color:#52903c"><small>☆</small><span class="username" data-name="Mateeus_1">Mateeus_1</span>:</strong> <em>gg</em></div></div><div class="inner-preempt message-log"></div></div></div>
</div>
<script>
let daily = Math.floor(Date.now()/1000/60/60/24);document.write('<script src="https://play.pokemonshowdown.com/js/replay-embed.js?version'+daily+'"></'+'script>');
</script>
