<!DOCTYPE html>
<meta charset="utf-8" />
<!-- version 1 -->
<title>[Gen 8] M4A Random Battle replay: BotwNerd745 vs. inkbug1</title>
<style>
html,body {font-family:Verdana, sans-serif;font-size:10pt;margin:0;padding:0;}body{padding:12px 0;} .battle-log {font-family:Verdana, sans-serif;font-size:10pt;} .battle-log-inline {border:1px solid #AAAAAA;background:#EEF2F5;color:black;max-width:640px;margin:0 auto 80px;padding-bottom:5px;} .battle-log .inner {padding:4px 8px 0px 8px;} .battle-log .inner-preempt {padding:0 8px 4px 8px;} .battle-log .inner-after {margin-top:0.5em;} .battle-log h2 {margin:0.5em -8px;padding:4px 8px;border:1px solid #AAAAAA;background:#E0E7EA;border-left:0;border-right:0;font-family:Verdana, sans-serif;font-size:13pt;} .battle-log .chat {vertical-align:middle;padding:3px 0 3px 0;font-size:8pt;} .battle-log .chat strong {color:#40576A;} .battle-log .chat em {padding:1px 4px 1px 3px;color:#000000;font-style:normal;} .chat.mine {background:rgba(0,0,0,0.05);margin-left:-8px;margin-right:-8px;padding-left:8px;padding-right:8px;} .spoiler {color:#BBBBBB;background:#BBBBBB;padding:0px 3px;} .spoiler:hover, .spoiler:active, .spoiler-shown {color:#000000;background:#E2E2E2;padding:0px 3px;} .spoiler a {color:#BBBBBB;} .spoiler:hover a, .spoiler:active a, .spoiler-shown a {color:#2288CC;} .chat code, .chat .spoiler:hover code, .chat .spoiler:active code, .chat .spoiler-shown code {border:1px solid #C0C0C0;background:#EEEEEE;color:black;padding:0 2px;} .chat .spoiler code {border:1px solid #CCCCCC;background:#CCCCCC;color:#CCCCCC;} .battle-log .rated {padding:3px 4px;} .battle-log .rated strong {color:white;background:#89A;padding:1px 4px;border-radius:4px;} .spacer {margin-top:0.5em;} .message-announce {background:#6688AA;color:white;padding:1px 4px 2px;} .message-announce a, .broadcast-green a, .broadcast-blue a, .broadcast-red a {color:#DDEEFF;} .broadcast-green {background-color:#559955;color:white;padding:2px 4px;} .broadcast-blue {background-color:#6688AA;color:white;padding:2px 4px;} .infobox {border:1px solid #6688AA;padding:2px 4px;} .infobox-limited {max-height:200px;overflow:auto;overflow-x:hidden;} .broadcast-red {background-color:#AA5544;color:white;padding:2px 4px;} .message-learn-canlearn {font-weight:bold;color:#228822;text-decoration:underline;} .message-learn-cannotlearn {font-weight:bold;color:#CC2222;text-decoration:underline;} .message-effect-weak {font-weight:bold;color:#CC2222;} .message-effect-resist {font-weight:bold;color:#6688AA;} .message-effect-immune {font-weight:bold;color:#666666;} .message-learn-list {margin-top:0;margin-bottom:0;} .message-throttle-notice, .message-error {color:#992222;} .message-overflow, .chat small.message-overflow {font-size:0pt;} .message-overflow::before {font-size:9pt;content:'...';} .subtle {color:#3A4A66;}
</style>
<div class="wrapper replay-wrapper" style="max-width:1180px;margin:0 auto">
<input type="hidden" name="replayid" value="dragonheaven-gen8m4arandombattle-332" />
<div class="battle"></div><div class="battle-log"></div><div class="replay-controls"></div><div class="replay-controls-2"></div>
<h1 style="font-weight:normal;text-align:center"><strong>[Gen 8] M4A Random Battle</strong><br /><a href="http://pokemonshowdown.com/users/botwnerd745" class="subtle" target="_blank">BotwNerd745</a> vs. <a href="http://pokemonshowdown.com/users/inkbug1" class="subtle" target="_blank">inkbug1</a></h1>
<script type="text/plain" class="battle-log-data">|j|☆BotwNerd745
|j|☆inkbug1

|t:|1608439117
|player|p1|BotwNerd745|hilda-dueldisk|
|player|p2|inkbug1|burgh|
|teamsize|p1|6
|teamsize|p2|6
|gametype|singles
|gen|8
|tier|[Gen 8] M4A Random Battle
|rule|Dynamax Clause: You cannot dynamax
|rule|Species Clause: Limit one of each Pokémon
|rule|HP Percentage Mod: HP is shown in percentages
|rule|Sleep Clause Mod: Limit one foe put to sleep
|
|t:|1608439117
|start
|switch|p1a: Linoone|Linoone, L84, F|100\/100
|switch|p2a: Simisear|Simisear, L88, F|275\/275
|turn|1
|j| H2OPulse
|c|☆inkbug1|yo what simisears tail is super poofy
|c|☆inkbug1|i have failed as an artist
|c|☆BotwNerd745|it is
|c| H2OPulse|Oh man it is
|
|t:|1608439160
|move|p2a: Simisear|Nasty Plot|p2a: Simisear
|-boost|p2a: Simisear|spa|2
|move|p1a: Linoone|Belly Drum|p1a: Linoone
|-damage|p1a: Linoone|50\/100
|-setboost|p1a: Linoone|atk|6|[from] move: Belly Drum
|-enditem|p1a: Linoone|Mago Berry|[eat]
|-heal|p1a: Linoone|83\/100|[from] item: Mago Berry
|
|upkeep
|turn|2
|
|t:|1608439169
|move|p2a: Simisear|Focus Blast|p1a: Linoone
|-supereffective|p1a: Linoone
|-damage|p1a: Linoone|0 fnt
|faint|p1a: Linoone
|
|upkeep
|c| H2OPulse|I love the double Gluttony leads here also
|c| H2OPulse|Welp
|c|☆BotwNerd745|did I misclick and not hit extreme speed
|c|☆BotwNerd745|oh well
|
|t:|1608439198
|switch|p1a: Sawsbuck|Sawsbuck-Autumn, L88, F|100\/100
|turn|3
|c|☆inkbug1|O: 
|c| H2OPulse|OOO:
|c|☆BotwNerd745|ooh ghost moves
|
|t:|1608439218
|detailschange|p1a: Sawsbuck|Sawsbuck-Autumn-Mega, L88, F
|-mega|p1a: Sawsbuck|Sawsbuck|Sawsbuckite
|raw|<ul class="utilichart"><li class="result"><span class="col pokemonnamecol" style="white-space: nowrap">Sawsbuck-Autumn-Mega<\/span> <span class="col typecol"><img src="https:\/\/play.pokemonshowdown.com\/sprites\/types\/Ghost.png" alt="Ghost" height="14" width="32"><img src="https:\/\/play.pokemonshowdown.com\/sprites\/types\/Grass.png" alt="Grass" height="14" width="32"><\/span> <span style="float: left ; min-height: 26px"><span class="col abilitycol">Autumn Leaves<\/span><span class="col abilitycol"><\/span><\/span><span style="float: left ; min-height: 26px"><span class="col statcol"><em>HP<\/em><br>80<\/span> <span class="col statcol"><em>Atk<\/em><br>110<\/span> <span class="col statcol"><em>Def<\/em><br>115<\/span> <span class="col statcol"><em>SpA<\/em><br>60<\/span> <span class="col statcol"><em>SpD<\/em><br>115<\/span> <span class="col statcol"><em>Spe<\/em><br>95<\/span> <\/span><\/li><li style="clear: both"><\/li><\/ul>
|move|p2a: Simisear|Fire Blast|p1a: Sawsbuck
|-supereffective|p1a: Sawsbuck
|-crit|p1a: Sawsbuck
|-damage|p1a: Sawsbuck|0 fnt
|faint|p1a: Sawsbuck
|
|upkeep
|c|☆inkbug1|WSDFSdf WHAT 
|
|t:|1608439233
|switch|p1a: Turtonator|Turtonator, L88, M|100\/100
|turn|4
|c| H2OPulse|(yeah I don't. know why it does that. with the sprite. it's just)
|c|☆inkbug1|wait
|c|☆inkbug1|wait hold on
|c|☆inkbug1|wh 
|c|☆inkbug1|okay? 
|c|☆inkbug1|jsgdfjsdfg
|c| H2OPulse|(the cosmetic forms are weird like that)
|c|☆inkbug1|thats so funny wtf
|c| H2OPulse|(was like that during testing too
|c| H2OPulse|they will all be spring :'D)
|
|t:|1608439254
|move|p2a: Simisear|Focus Blast|p1a: Turtonator|[miss]
|-miss|p2a: Simisear|p1a: Turtonator
|move|p1a: Turtonator|Shell Smash|p1a: Turtonator
|-unboost|p1a: Turtonator|def|1
|-unboost|p1a: Turtonator|spd|1
|-boost|p1a: Turtonator|atk|2
|-boost|p1a: Turtonator|spa|2
|-boost|p1a: Turtonator|spe|2
|-enditem|p1a: Turtonator|White Herb
|-clearnegativeboost|p1a: Turtonator|[silent]
|
|upkeep
|turn|5
|
|t:|1608439267
|move|p1a: Turtonator|Draco Meteor|p2a: Simisear
|-enditem|p2a: Simisear|Focus Sash
|-damage|p2a: Simisear|1\/275
|-unboost|p1a: Turtonator|spa|2
|move|p2a: Simisear|Focus Blast|p1a: Turtonator
|-damage|p1a: Turtonator|26\/100
|
|upkeep
|turn|6
|c| H2OPulse|(honestly it's a goshdarned miracle it even
|c| H2OPulse|let me give them different moves and stats in the first place)
|
|t:|1608439279
|move|p2a: Simisear|Fire Blast|p1a: Turtonator
|-resisted|p1a: Turtonator
|-damage|p1a: Turtonator|0 fnt
|faint|p1a: Turtonator
|
|upkeep
|c|☆inkbug1|honestly yeah 
|c| H2OPulse|Why is this Simisear so
|c|☆inkbug1|wait do we tie
|c|☆BotwNerd745|Do we speed tie?
|c|☆inkbug1|jhgsjdf
|c| H2OPulse|yOU DO
|c| H2OPulse|114 and 228
|c|☆inkbug1|thats so funny wtf
|
|t:|1608439319
|switch|p1a: Zekrom|Zekrom, L78|100\/100
|-ability|p1a: Zekrom|Teravolt
|turn|7
|
|t:|1608439327
|move|p2a: Simisear|Fire Blast|p1a: Zekrom
|-resisted|p1a: Zekrom
|-damage|p1a: Zekrom|35\/100
|move|p1a: Zekrom|Dragon Claw|p2a: Simisear
|-damage|p2a: Simisear|0 fnt
|faint|p2a: Simisear
|
|-heal|p1a: Zekrom|41\/100|[from] item: Leftovers
|upkeep
|c|☆inkbug1|its focus sash\/blaze\/nasty plot which is kinda sexy turns out???
|
|t:|1608439355
|switch|p2a: Ribombee|Ribombee, L84, M|238\/238
|turn|8
|c| H2OPulse|Man holy heck that was a resisted Fire Blast
|c|☆inkbug1|i might have to try that for real
|
|t:|1608439376
|move|p2a: Ribombee|Moonblast|p1a: Zekrom
|-supereffective|p1a: Zekrom
|-damage|p1a: Zekrom|0 fnt
|faint|p1a: Zekrom
|
|upkeep
|c| H2OPulse|Ohhhh Blaze that's neat
|
|t:|1608439381
|switch|p1a: Tapu Lele|Tapu Lele, L80|100\/100
|-fieldstart|move: Psychic Terrain|[from] ability: Psychic Surge|[of] p1a: Tapu Lele
|turn|9
|
|t:|1608439389
|move|p2a: Ribombee|Quiver Dance|p2a: Ribombee
|-boost|p2a: Ribombee|spa|1
|-boost|p2a: Ribombee|spd|1
|-boost|p2a: Ribombee|spe|1
|move|p1a: Tapu Lele|Psychic|p2a: Ribombee
|-damage|p2a: Ribombee|126\/238
|
|upkeep
|turn|10
|
|t:|1608439397
|move|p2a: Ribombee|Bug Buzz|p1a: Tapu Lele
|-damage|p1a: Tapu Lele|51\/100
|move|p1a: Tapu Lele|Taunt|p2a: Ribombee
|-start|p2a: Ribombee|move: Taunt
|
|-heal|p1a: Tapu Lele|57\/100|[from] item: Leftovers
|upkeep
|turn|11
|
|t:|1608439405
|move|p2a: Ribombee|Bug Buzz|p1a: Tapu Lele
|-damage|p1a: Tapu Lele|6\/100
|move|p1a: Tapu Lele|Psychic|p2a: Ribombee
|-damage|p2a: Ribombee|15\/238
|
|-heal|p1a: Tapu Lele|12\/100|[from] item: Leftovers
|upkeep
|turn|12
|
|t:|1608439415
|move|p2a: Ribombee|Bug Buzz|p1a: Tapu Lele
|-damage|p1a: Tapu Lele|0 fnt
|faint|p1a: Tapu Lele
|
|upkeep
|
|t:|1608439419
|switch|p1a: Sableye|Sableye, L88, M|100\/100
|turn|13
|error|[Invalid choice] Sorry, too late to cancel; the next turn has already started
|
|t:|1608439431
|move|p2a: Ribombee|Moonblast|p1a: Sableye
|-supereffective|p1a: Sableye
|-damage|p1a: Sableye|0 fnt
|faint|p1a: Sableye
|
|win|inkbug1
|c|☆BotwNerd745|gg
|c|☆BotwNerd745|rip
|c| H2OPulse|Genuinely curious what were your last four oh my heck
|c|☆inkbug1|i 
|c|☆inkbug1|i have already forgotten ngl
|c|☆inkbug1|im not sure i looked
|c| H2OPulse|Fjgfdh fai r</script>
</div>
<div class="battle-log battle-log-inline"><div class="inner"><div class="battle-options"><div style="padding-top: 3px; padding-right: 3px; text-align: right"><button class="icon button" name="openBattleOptions" title="Options">Battle Options</button></div></div><div class="inner message-log"><div class="chat"><small>☆BotwNerd745 and ☆inkbug1 joined</small></div><div class=""><small>Format:</small> <br><strong>[Gen 8] M4A Random Battle</strong></div><div class=""><small><em>Dynamax Clause:</em> You cannot dynamax</small></div><div class=""><small><em>Species Clause:</em> Limit one of each Pokémon</small></div><div class=""><small><em>HP Percentage Mod:</em> HP is shown in percentages</small></div><div class=""><small><em>Sleep Clause Mod:</em> Limit one foe put to sleep</small></div><div class="spacer battle-history"><br></div><div class="battle-history">Battle started between BotwNerd745 and inkbug1!<br></div><div class="spacer battle-history"><br></div><div class="battle-history">BotwNerd745 sent out <strong>Linoone</strong>!<br></div><div class="spacer battle-history"><br></div><div class="battle-history">Go! <strong>Simisear</strong>!<br></div><div class="spacer battle-history"><br></div><h2 class="battle-history">Turn 1</h2><div class="chat"><small> H2OPulse joined</small></div><div class="chat chatmessage-inkbug1 mine"><strong style="color:#e46e0f"><small>☆</small><span class="username" data-name="inkbug1">inkbug1</span>:</strong> <em>yo what simisears tail is super poofy</em></div><div class="chat chatmessage-inkbug1 mine"><strong style="color:#e46e0f"><small>☆</small><span class="username" data-name="inkbug1">inkbug1</span>:</strong> <em>i have failed as an artist</em></div><div class="chat chatmessage-botwnerd745"><strong style="color:#9835de"><small>☆</small><span class="username" data-name="BotwNerd745">BotwNerd745</span>:</strong> <em>it is</em></div><div class="chat chatmessage-h2opulse"><strong style="color:#6e8c2b"><small> </small><span class="username" data-name="H2OPulse">H2OPulse</span>:</strong> <em>Oh man it is</em></div><div class="spacer battle-history"><br></div><div class="battle-history">Simisear used <strong>Nasty Plot</strong>!<br></div><div class="battle-history"><small>Simisear's Sp. Atk rose sharply!</small><br></div><div class="spacer battle-history"><br></div><div class="battle-history">The opposing Linoone used <strong>Belly Drum</strong>!<br></div><div class="battle-history"><small>(The opposing Linoone lost 50% of its health!)</small><br></div><div class="battle-history"><small>The opposing Linoone cut its own HP and maximized its Attack!</small><br></div><div class="battle-history"><small>(The opposing Linoone ate its Mago Berry!)</small><br></div><div class="battle-history"><small>The opposing Linoone restored HP using its Mago Berry!</small><br></div><div class="spacer battle-history"><br></div><h2 class="battle-history">Turn 2</h2><div class="spacer battle-history"><br></div><div class="battle-history">Simisear used <strong>Focus Blast</strong>!<br></div><div class="battle-history"><small>It's super effective!</small><br></div><div class="battle-history"><small>(The opposing Linoone lost 83% of its health!)</small><br></div><div class="spacer battle-history"><br></div><div class="battle-history">The opposing Linoone fainted!<br></div><div class="chat chatmessage-h2opulse"><strong style="color:#6e8c2b"><small> </small><span class="username" data-name="H2OPulse">H2OPulse</span>:</strong> <em>I love the double Gluttony leads here also</em></div><div class="chat chatmessage-h2opulse"><strong style="color:#6e8c2b"><small> </small><span class="username" data-name="H2OPulse">H2OPulse</span>:</strong> <em>Welp</em></div><div class="chat chatmessage-botwnerd745"><strong style="color:#9835de"><small>☆</small><span class="username" data-name="BotwNerd745">BotwNerd745</span>:</strong> <em>did I misclick and not hit extreme speed</em></div><div class="chat chatmessage-botwnerd745"><strong style="color:#9835de"><small>☆</small><span class="username" data-name="BotwNerd745">BotwNerd745</span>:</strong> <em>oh well</em></div><div class="spacer battle-history"><br></div><div class="battle-history">BotwNerd745 sent out Sawsbuck (<strong>Sawsbuck-Autumn</strong>)!<br></div><div class="spacer battle-history"><br></div><h2 class="battle-history">Turn 3</h2><div class="chat chatmessage-inkbug1 mine"><strong style="color:#e46e0f"><small>☆</small><span class="username" data-name="inkbug1">inkbug1</span>:</strong> <em>O: </em></div><div class="chat chatmessage-h2opulse"><strong style="color:#6e8c2b"><small> </small><span class="username" data-name="H2OPulse">H2OPulse</span>:</strong> <em>OOO:</em></div><div class="chat chatmessage-botwnerd745"><strong style="color:#9835de"><small>☆</small><span class="username" data-name="BotwNerd745">BotwNerd745</span>:</strong> <em>ooh ghost moves</em></div><div class="spacer battle-history"><br></div><div class="battle-history"><small>The opposing Sawsbuck's Sawsbuckite is reacting to the Key Stone!</small><br>The opposing Sawsbuck has Mega Evolved into Mega Sawsbuck!<br></div><div class="chat"><ul class="utilichart"><li class="result"><span class="col pokemonnamecol" style="white-space: nowrap">Sawsbuck-Autumn-Mega</span> <span class="col typecol"><img src="https://play.pokemonshowdown.com/sprites/types/Ghost.png" alt="Ghost" height="14" width="32"><img src="https://play.pokemonshowdown.com/sprites/types/Grass.png" alt="Grass" height="14" width="32"></span> <span style="float: left ; min-height: 26px"><span class="col abilitycol">Autumn Leaves</span><span class="col abilitycol"></span></span><span style="float: left ; min-height: 26px"><span class="col statcol"><em>HP</em><br>80</span> <span class="col statcol"><em>Atk</em><br>110</span> <span class="col statcol"><em>Def</em><br>115</span> <span class="col statcol"><em>SpA</em><br>60</span> <span class="col statcol"><em>SpD</em><br>115</span> <span class="col statcol"><em>Spe</em><br>95</span> </span></li><li style="clear: both"></li></ul></div><div class="spacer battle-history"><br></div><div class="battle-history">Simisear used <strong>Fire Blast</strong>!<br></div><div class="battle-history"><small>It's super effective!</small><br></div><div class="battle-history"><small>A critical hit!</small><br></div><div class="battle-history"><small>(The opposing Sawsbuck lost 100% of its health!)</small><br></div><div class="spacer battle-history"><br></div><div class="battle-history">The opposing Sawsbuck fainted!<br></div><div class="chat chatmessage-inkbug1 mine"><strong style="color:#e46e0f"><small>☆</small><span class="username" data-name="inkbug1">inkbug1</span>:</strong> <em>WSDFSdf WHAT </em></div><div class="spacer battle-history"><br></div><div class="battle-history">BotwNerd745 sent out <strong>Turtonator</strong>!<br></div><div class="spacer battle-history"><br></div><h2 class="battle-history">Turn 4</h2><div class="chat chatmessage-h2opulse"><strong style="color:#6e8c2b"><small> </small><span class="username" data-name="H2OPulse">H2OPulse</span>:</strong> <em>(yeah I don't. know why it does that. with the sprite. it's just)</em></div><div class="chat chatmessage-inkbug1 mine"><strong style="color:#e46e0f"><small>☆</small><span class="username" data-name="inkbug1">inkbug1</span>:</strong> <em>wait</em></div><div class="chat chatmessage-inkbug1 mine"><strong style="color:#e46e0f"><small>☆</small><span class="username" data-name="inkbug1">inkbug1</span>:</strong> <em>wait hold on</em></div><div class="chat chatmessage-inkbug1 mine"><strong style="color:#e46e0f"><small>☆</small><span class="username" data-name="inkbug1">inkbug1</span>:</strong> <em>wh </em></div><div class="chat chatmessage-inkbug1 mine"><strong style="color:#e46e0f"><small>☆</small><span class="username" data-name="inkbug1">inkbug1</span>:</strong> <em>okay? </em></div><div class="chat chatmessage-inkbug1 mine"><strong style="color:#e46e0f"><small>☆</small><span class="username" data-name="inkbug1">inkbug1</span>:</strong> <em>jsgdfjsdfg</em></div><div class="chat chatmessage-h2opulse"><strong style="color:#6e8c2b"><small> </small><span class="username" data-name="H2OPulse">H2OPulse</span>:</strong> <em>(the cosmetic forms are weird like that)</em></div><div class="chat chatmessage-inkbug1 mine"><strong style="color:#e46e0f"><small>☆</small><span class="username" data-name="inkbug1">inkbug1</span>:</strong> <em>thats so funny wtf</em></div><div class="chat chatmessage-h2opulse"><strong style="color:#6e8c2b"><small> </small><span class="username" data-name="H2OPulse">H2OPulse</span>:</strong> <em>(was like that during testing too</em></div><div class="chat chatmessage-h2opulse"><strong style="color:#6e8c2b"><small> </small><span class="username" data-name="H2OPulse">H2OPulse</span>:</strong> <em>they will all be spring :'D)</em></div><div class="spacer battle-history"><br></div><div class="battle-history">Simisear used <strong>Focus Blast</strong>!<br></div><div class="battle-history"><small>The opposing Turtonator avoided the attack!</small><br></div><div class="spacer battle-history"><br></div><div class="battle-history">The opposing Turtonator used <strong>Shell Smash</strong>!<br></div><div class="battle-history"><small>The opposing Turtonator's Defense fell!</small><br></div><div class="battle-history"><small>The opposing Turtonator's Sp. Def fell!</small><br></div><div class="battle-history"><small>The opposing Turtonator's Attack rose sharply!</small><br></div><div class="battle-history"><small>The opposing Turtonator's Sp. Atk rose sharply!</small><br></div><div class="battle-history"><small>The opposing Turtonator's Speed rose sharply!</small><br></div><div class="battle-history"><small>The opposing Turtonator returned its stats to normal using its White Herb!</small><br></div><div class="spacer battle-history"><br></div><h2 class="battle-history">Turn 5</h2><div class="spacer battle-history"><br></div><div class="battle-history">The opposing Turtonator used <strong>Draco Meteor</strong>!<br></div><div class="battle-history"><small>Simisear hung on using its Focus Sash!</small><br></div><div class="battle-history"><small>(Simisear lost <abbr title="−274/275">99.6%</abbr> of its health!)</small><br></div><div class="battle-history"><small>The opposing Turtonator's Sp. Atk fell harshly!</small><br></div><div class="spacer battle-history"><br></div><div class="battle-history">Simisear used <strong>Focus Blast</strong>!<br></div><div class="battle-history"><small>(The opposing Turtonator lost 74% of its health!)</small><br></div><div class="spacer battle-history"><br></div><h2 class="battle-history">Turn 6</h2><div class="chat chatmessage-h2opulse"><strong style="color:#6e8c2b"><small> </small><span class="username" data-name="H2OPulse">H2OPulse</span>:</strong> <em>(honestly it's a goshdarned miracle it even</em></div><div class="chat chatmessage-h2opulse"><strong style="color:#6e8c2b"><small> </small><span class="username" data-name="H2OPulse">H2OPulse</span>:</strong> <em>let me give them different moves and stats in the first place)</em></div><div class="spacer battle-history"><br></div><div class="battle-history">Simisear used <strong>Fire Blast</strong>!<br></div><div class="battle-history"><small>It's not very effective...</small><br></div><div class="battle-history"><small>(The opposing Turtonator lost 26% of its health!)</small><br></div><div class="spacer battle-history"><br></div><div class="battle-history">The opposing Turtonator fainted!<br></div><div class="chat chatmessage-inkbug1 mine"><strong style="color:#e46e0f"><small>☆</small><span class="username" data-name="inkbug1">inkbug1</span>:</strong> <em>honestly yeah </em></div><div class="chat chatmessage-h2opulse"><strong style="color:#6e8c2b"><small> </small><span class="username" data-name="H2OPulse">H2OPulse</span>:</strong> <em>Why is this Simisear so</em></div><div class="chat chatmessage-inkbug1 mine"><strong style="color:#e46e0f"><small>☆</small><span class="username" data-name="inkbug1">inkbug1</span>:</strong> <em>wait do we tie</em></div><div class="chat chatmessage-botwnerd745"><strong style="color:#9835de"><small>☆</small><span class="username" data-name="BotwNerd745">BotwNerd745</span>:</strong> <em>Do we speed tie?</em></div><div class="chat chatmessage-inkbug1 mine"><strong style="color:#e46e0f"><small>☆</small><span class="username" data-name="inkbug1">inkbug1</span>:</strong> <em>jhgsjdf</em></div><div class="chat chatmessage-h2opulse"><strong style="color:#6e8c2b"><small> </small><span class="username" data-name="H2OPulse">H2OPulse</span>:</strong> <em>yOU DO</em></div><div class="chat chatmessage-h2opulse"><strong style="color:#6e8c2b"><small> </small><span class="username" data-name="H2OPulse">H2OPulse</span>:</strong> <em>114 and 228</em></div><div class="chat chatmessage-inkbug1 mine"><strong style="color:#e46e0f"><small>☆</small><span class="username" data-name="inkbug1">inkbug1</span>:</strong> <em>thats so funny wtf</em></div><div class="spacer battle-history"><br></div><div class="battle-history">BotwNerd745 sent out <strong>Zekrom</strong>!<br></div><div class="battle-history">[The opposing Zekrom's Teravolt]<br><small>The opposing Zekrom is radiating a bursting aura!</small><br></div><div class="spacer battle-history"><br></div><h2 class="battle-history">Turn 7</h2><div class="spacer battle-history"><br></div><div class="battle-history">Simisear used <strong>Fire Blast</strong>!<br></div><div class="battle-history"><small>It's not very effective...</small><br></div><div class="battle-history"><small>(The opposing Zekrom lost 65% of its health!)</small><br></div><div class="spacer battle-history"><br></div><div class="battle-history">The opposing Zekrom used <strong>Dragon Claw</strong>!<br></div><div class="battle-history"><small>(Simisear lost <abbr title="−1/275">0.4%</abbr> of its health!)</small><br></div><div class="spacer battle-history"><br></div><div class="battle-history">Simisear fainted!<br></div><div class="spacer battle-history"><br></div><div class="battle-history"><small>The opposing Zekrom restored a little HP using its Leftovers!</small><br></div><div class="chat chatmessage-inkbug1 mine"><strong style="color:#e46e0f"><small>☆</small><span class="username" data-name="inkbug1">inkbug1</span>:</strong> <em>its focus sash/blaze/nasty plot which is kinda sexy turns out???</em></div><div class="spacer battle-history"><br></div><div class="battle-history">Go! <strong>Ribombee</strong>!<br></div><div class="spacer battle-history"><br></div><h2 class="battle-history">Turn 8</h2><div class="chat chatmessage-h2opulse"><strong style="color:#6e8c2b"><small> </small><span class="username" data-name="H2OPulse">H2OPulse</span>:</strong> <em>Man holy heck that was a resisted Fire Blast</em></div><div class="chat chatmessage-inkbug1 mine"><strong style="color:#e46e0f"><small>☆</small><span class="username" data-name="inkbug1">inkbug1</span>:</strong> <em>i might have to try that for real</em></div><div class="spacer battle-history"><br></div><div class="battle-history">Ribombee used <strong>Moonblast</strong>!<br></div><div class="battle-history"><small>It's super effective!</small><br></div><div class="battle-history"><small>(The opposing Zekrom lost 41% of its health!)</small><br></div><div class="spacer battle-history"><br></div><div class="battle-history">The opposing Zekrom fainted!<br></div><div class="chat chatmessage-h2opulse"><strong style="color:#6e8c2b"><small> </small><span class="username" data-name="H2OPulse">H2OPulse</span>:</strong> <em>Ohhhh Blaze that's neat</em></div><div class="spacer battle-history"><br></div><div class="battle-history">BotwNerd745 sent out <strong>Tapu Lele</strong>!<br></div><div class="battle-history">[The opposing Tapu Lele's Psychic Surge]<br><small>The battlefield got weird!</small><br></div><div class="spacer battle-history"><br></div><h2 class="battle-history">Turn 9</h2><div class="spacer battle-history"><br></div><div class="battle-history">Ribombee used <strong>Quiver Dance</strong>!<br></div><div class="battle-history"><small>Ribombee's Sp. Atk rose!</small><br></div><div class="battle-history"><small>Ribombee's Sp. Def rose!</small><br></div><div class="battle-history"><small>Ribombee's Speed rose!</small><br></div><div class="spacer battle-history"><br></div><div class="battle-history">The opposing Tapu Lele used <strong>Psychic</strong>!<br></div><div class="battle-history"><small>(Ribombee lost <abbr title="−112/238">47.1%</abbr> of its health!)</small><br></div><div class="spacer battle-history"><br></div><h2 class="battle-history">Turn 10</h2><div class="spacer battle-history"><br></div><div class="battle-history">Ribombee used <strong>Bug Buzz</strong>!<br></div><div class="battle-history"><small>(The opposing Tapu Lele lost 49% of its health!)</small><br></div><div class="spacer battle-history"><br></div><div class="battle-history">The opposing Tapu Lele used <strong>Taunt</strong>!<br></div><div class="battle-history"><small>Ribombee fell for the taunt!</small><br></div><div class="spacer battle-history"><br></div><div class="battle-history"><small>The opposing Tapu Lele restored a little HP using its Leftovers!</small><br></div><div class="spacer battle-history"><br></div><h2 class="battle-history">Turn 11</h2><div class="spacer battle-history"><br></div><div class="battle-history">Ribombee used <strong>Bug Buzz</strong>!<br></div><div class="battle-history"><small>(The opposing Tapu Lele lost 51% of its health!)</small><br></div><div class="spacer battle-history"><br></div><div class="battle-history">The opposing Tapu Lele used <strong>Psychic</strong>!<br></div><div class="battle-history"><small>(Ribombee lost <abbr title="−111/238">46.6%</abbr> of its health!)</small><br></div><div class="spacer battle-history"><br></div><div class="battle-history"><small>The opposing Tapu Lele restored a little HP using its Leftovers!</small><br></div><div class="spacer battle-history"><br></div><h2 class="battle-history">Turn 12</h2><div class="spacer battle-history"><br></div><div class="battle-history">Ribombee used <strong>Bug Buzz</strong>!<br></div><div class="battle-history"><small>(The opposing Tapu Lele lost 12% of its health!)</small><br></div><div class="spacer battle-history"><br></div><div class="battle-history">The opposing Tapu Lele fainted!<br></div><div class="spacer battle-history"><br></div><div class="battle-history">BotwNerd745 sent out <strong>Sableye</strong>!<br></div><div class="spacer battle-history"><br></div><h2 class="battle-history">Turn 13</h2><div class="chat message-error">[Invalid choice] Sorry, too late to cancel; the next turn has already started</div><div class="spacer battle-history"><br></div><div class="battle-history">Ribombee used <strong>Moonblast</strong>!<br></div><div class="battle-history"><small>It's super effective!</small><br></div><div class="battle-history"><small>(The opposing Sableye lost 100% of its health!)</small><br></div><div class="spacer battle-history"><br></div><div class="battle-history">The opposing Sableye fainted!<br></div><div class="spacer battle-history"><br></div><div class="battle-history"><strong>inkbug1</strong> won the battle!<br></div><div class="chat chatmessage-botwnerd745"><strong style="color:#9835de"><small>☆</small><span class="username" data-name="BotwNerd745">BotwNerd745</span>:</strong> <em>gg</em></div><div class="chat chatmessage-botwnerd745"><strong style="color:#9835de"><small>☆</small><span class="username" data-name="BotwNerd745">BotwNerd745</span>:</strong> <em>rip</em></div><div class="chat chatmessage-h2opulse"><strong style="color:#6e8c2b"><small> </small><span class="username" data-name="H2OPulse">H2OPulse</span>:</strong> <em>Genuinely curious what were your last four oh my heck</em></div><div class="chat chatmessage-inkbug1 mine"><strong style="color:#e46e0f"><small>☆</small><span class="username" data-name="inkbug1">inkbug1</span>:</strong> <em>i </em></div><div class="chat chatmessage-inkbug1 mine"><strong style="color:#e46e0f"><small>☆</small><span class="username" data-name="inkbug1">inkbug1</span>:</strong> <em>i have already forgotten ngl</em></div><div class="chat chatmessage-inkbug1 mine"><strong style="color:#e46e0f"><small>☆</small><span class="username" data-name="inkbug1">inkbug1</span>:</strong> <em>im not sure i looked</em></div><div class="chat chatmessage-h2opulse"><strong style="color:#6e8c2b"><small> </small><span class="username" data-name="H2OPulse">H2OPulse</span>:</strong> <em>Fjgfdh fai r</em></div></div><div class="inner-preempt message-log"></div></div></div>
</div>
<script>
let daily = Math.floor(Date.now()/1000/60/60/24);document.write('<script src="https://play.pokemonshowdown.com/js/replay-embed.js?version'+daily+'"></'+'script>');
</script>
