<!DOCTYPE html>
<meta charset="utf-8" />
<!-- version 1 -->
<title>[Gen 8] Megas for All replay: inkbug1 vs. BotwNerd745</title>
<style>
html,body {font-family:Verdana, sans-serif;font-size:10pt;margin:0;padding:0;}body{padding:12px 0;} .battle-log {font-family:Verdana, sans-serif;font-size:10pt;} .battle-log-inline {border:1px solid #AAAAAA;background:#EEF2F5;color:black;max-width:640px;margin:0 auto 80px;padding-bottom:5px;} .battle-log .inner {padding:4px 8px 0px 8px;} .battle-log .inner-preempt {padding:0 8px 4px 8px;} .battle-log .inner-after {margin-top:0.5em;} .battle-log h2 {margin:0.5em -8px;padding:4px 8px;border:1px solid #AAAAAA;background:#E0E7EA;border-left:0;border-right:0;font-family:Verdana, sans-serif;font-size:13pt;} .battle-log .chat {vertical-align:middle;padding:3px 0 3px 0;font-size:8pt;} .battle-log .chat strong {color:#40576A;} .battle-log .chat em {padding:1px 4px 1px 3px;color:#000000;font-style:normal;} .chat.mine {background:rgba(0,0,0,0.05);margin-left:-8px;margin-right:-8px;padding-left:8px;padding-right:8px;} .spoiler {color:#BBBBBB;background:#BBBBBB;padding:0px 3px;} .spoiler:hover, .spoiler:active, .spoiler-shown {color:#000000;background:#E2E2E2;padding:0px 3px;} .spoiler a {color:#BBBBBB;} .spoiler:hover a, .spoiler:active a, .spoiler-shown a {color:#2288CC;} .chat code, .chat .spoiler:hover code, .chat .spoiler:active code, .chat .spoiler-shown code {border:1px solid #C0C0C0;background:#EEEEEE;color:black;padding:0 2px;} .chat .spoiler code {border:1px solid #CCCCCC;background:#CCCCCC;color:#CCCCCC;} .battle-log .rated {padding:3px 4px;} .battle-log .rated strong {color:white;background:#89A;padding:1px 4px;border-radius:4px;} .spacer {margin-top:0.5em;} .message-announce {background:#6688AA;color:white;padding:1px 4px 2px;} .message-announce a, .broadcast-green a, .broadcast-blue a, .broadcast-red a {color:#DDEEFF;} .broadcast-green {background-color:#559955;color:white;padding:2px 4px;} .broadcast-blue {background-color:#6688AA;color:white;padding:2px 4px;} .infobox {border:1px solid #6688AA;padding:2px 4px;} .infobox-limited {max-height:200px;overflow:auto;overflow-x:hidden;} .broadcast-red {background-color:#AA5544;color:white;padding:2px 4px;} .message-learn-canlearn {font-weight:bold;color:#228822;text-decoration:underline;} .message-learn-cannotlearn {font-weight:bold;color:#CC2222;text-decoration:underline;} .message-effect-weak {font-weight:bold;color:#CC2222;} .message-effect-resist {font-weight:bold;color:#6688AA;} .message-effect-immune {font-weight:bold;color:#666666;} .message-learn-list {margin-top:0;margin-bottom:0;} .message-throttle-notice, .message-error {color:#992222;} .message-overflow, .chat small.message-overflow {font-size:0pt;} .message-overflow::before {font-size:9pt;content:'...';} .subtle {color:#3A4A66;}
</style>
<div class="wrapper replay-wrapper" style="max-width:1180px;margin:0 auto">
<input type="hidden" name="replayid" value="dragonheaven-gen8megasforall-4997" />
<div class="battle"></div><div class="battle-log"></div><div class="replay-controls"></div><div class="replay-controls-2"></div>
<h1 style="font-weight:normal;text-align:center"><strong>[Gen 8] Megas for All</strong><br /><a href="http://pokemonshowdown.com/users/inkbug1" class="subtle" target="_blank">inkbug1</a> vs. <a href="http://pokemonshowdown.com/users/botwnerd745" class="subtle" target="_blank">BotwNerd745</a></h1>
<script type="text/plain" class="battle-log-data">|j|☆inkbug1


|j|☆BotwNerd745


|player|p1|inkbug1|burgh|


|player|p2|BotwNerd745|hilda-dueldisk|
|teamsize|p1|6
|teamsize|p2|6
|gametype|singles
|gen|8
|tier|[Gen 8] Megas for All
|clearpoke
|poke|p1|Reuniclus, M|
|poke|p1|Incineroar, F|
|poke|p1|Celesteela|
|poke|p1|Comfey, F|
|poke|p1|Eldegoss, M|
|poke|p1|Kingdra, M|
|poke|p2|Minior-Violet|
|poke|p2|Boltund, M|
|poke|p2|Reuniclus, M|
|poke|p2|Kyurem|
|poke|p2|Drapion, F|
|poke|p2|Galvantula, M|
|rule|HP Percentage Mod: HP is shown in percentages
|rule|Endless Battle Clause: Forcing endless battles is banned
|rule|OHKO Clause: OHKO moves are banned
|rule|Evasion Moves Clause: Evasion moves are banned
|rule|Species Clause: Limit one of each Pokémon
|rule|Dynamax Clause: You cannot dynamax
|rule|Sleep Clause Mod: Limit one foe put to sleep
|teampreview


|j| H2OPulse


|c|☆inkbug1|omg


|c|☆inkbug1|im so fucked


|
|start
|switch|p1a: Key Lime Pie|Reuniclus, M|423\/423
|switch|p2a: purble|Minior-Violet|100\/100
|-formechange|p2a: purble|Minior-Meteor||[from] ability: Shields Down
|turn|1


|
|move|p2a: purble|Stealth Rock|p1a: Key Lime Pie
|-sidestart|p1: inkbug1|move: Stealth Rock
|move|p1a: Key Lime Pie|Future Sight|p2a: purble
|-start|p1a: Key Lime Pie|move: Future Sight
|
|upkeep
|turn|2


|c| H2OPulse|I almost exclaimed "oh Mega Boltund!" and then realized I had


|c| H2OPulse|absolutely no way of knowing if it was that or Reuniclus


|
|move|p2a: purble|Shell Smash|p2a: purble
|-unboost|p2a: purble|def|1
|-unboost|p2a: purble|spd|1
|-boost|p2a: purble|atk|2
|-boost|p2a: purble|spa|2
|-boost|p2a: purble|spe|2
|-enditem|p2a: purble|White Herb
|-clearnegativeboost|p2a: purble|[silent]
|move|p1a: Key Lime Pie|Acid Armor|p1a: Key Lime Pie
|-boost|p1a: Key Lime Pie|def|2
|
|upkeep
|turn|3


|
|detailschange|p1a: Key Lime Pie|Reuniclus-Mega, M
|-mega|p1a: Key Lime Pie|Reuniclus|Reunite
|move|p2a: purble|Acrobatics|p1a: Key Lime Pie
|-damage|p1a: Key Lime Pie|324\/423
|move|p1a: Key Lime Pie|Superpower|p2a: purble
|-damage|p2a: purble|67\/100
|-ability|p1a: Key Lime Pie|Two-Minded|boost
|-boost|p1a: Key Lime Pie|spa|1
|-ability|p1a: Key Lime Pie|Two-Minded|boost
|-boost|p1a: Key Lime Pie|spd|1
|-unboost|p1a: Key Lime Pie|atk|1
|-unboost|p1a: Key Lime Pie|def|1
|
|-end|p2a: purble|move: Future Sight
|-crit|p2a: purble
|-damage|p2a: purble|0 fnt
|faint|p2a: purble
|upkeep


|c|☆inkbug1|ph e w 


|c|☆inkbug1|ok that didnt


|c|☆inkbug1|do a whole lot 


|c|☆inkbug1|OH 


|c|☆inkbug1|OKAY. 


|c|☆BotwNerd745|...


|
|switch|p2a: Happy|Drapion, F|100\/100
|turn|4


|c|☆inkbug1|th.. that rly didnt need to crit huh


|c|☆inkbug1|wheeze


|
|switch|p1a: Cindy|Incineroar, F|394\/394
|-damage|p1a: Cindy|296\/394|[from] Stealth Rock
|-ability|p1a: Cindy|Intimidate|boost
|-unboost|p2a: Happy|atk|1
|move|p2a: Happy|Night Slash|p1a: Cindy
|-resisted|p1a: Cindy
|-damage|p1a: Cindy|262\/394
|
|upkeep
|turn|5


|c| H2OPulse|I am like


|c| H2OPulse|basically positive the crit didn't matter


|c| H2OPulse|but also,,


|
|move|p2a: Happy|Aqua Tail|p1a: Cindy
|-supereffective|p1a: Cindy
|-damage|p1a: Cindy|128\/394
|move|p1a: Cindy|Will-O-Wisp|p2a: Happy
|-status|p2a: Happy|brn
|
|-damage|p2a: Happy|95\/100 brn|[from] brn
|upkeep
|turn|6


|c|☆inkbug1|wh


|c|☆inkbug1|ok


|
|move|p2a: Happy|Toxic Spikes|p1a: Cindy
|-sidestart|p1: inkbug1|move: Toxic Spikes
|move|p1a: Cindy|Parting Shot|p2a: Happy
|-unboost|p2a: Happy|atk|1
|-unboost|p2a: Happy|spa|1


|
|switch|p1a: Bespin|Celesteela|398\/398
|-damage|p1a: Bespin|349\/398|[from] Stealth Rock
|
|-heal|p1a: Bespin|373\/398|[from] item: Leftovers
|-damage|p2a: Happy|89\/100 brn|[from] brn
|upkeep
|turn|7


|
|switch|p2a: s p i d e r|Galvantula, M|100\/100
|move|p1a: Bespin|Earthquake|p2a: s p i d e r
|-damage|p2a: s p i d e r|55\/100
|
|-heal|p1a: Bespin|397\/398|[from] item: Leftovers
|upkeep
|turn|8


|
|switch|p1a: Candyfloss|Eldegoss, M|324\/324
|-damage|p1a: Candyfloss|284\/324|[from] Stealth Rock
|-status|p1a: Candyfloss|psn
|move|p2a: s p i d e r|Sticky Web|p1a: Candyfloss
|-sidestart|p1: inkbug1|move: Sticky Web
|
|-damage|p1a: Candyfloss|244\/324 psn|[from] psn
|upkeep
|turn|9


|
|move|p2a: s p i d e r|Bug Buzz|p1a: Candyfloss
|-supereffective|p1a: Candyfloss
|-damage|p1a: Candyfloss|74\/324 psn
|move|p1a: Candyfloss|Rapid Spin|p2a: s p i d e r
|-damage|p2a: s p i d e r|48\/100
|-boost|p1a: Candyfloss|spe|1
|-sideend|p1: inkbug1|Toxic Spikes|[from] move: Rapid Spin|[of] p1a: Candyfloss
|-sideend|p1: inkbug1|Stealth Rock|[from] move: Rapid Spin|[of] p1a: Candyfloss
|-sideend|p1: inkbug1|Sticky Web|[from] move: Rapid Spin|[of] p1a: Candyfloss
|
|-damage|p1a: Candyfloss|34\/324 psn|[from] psn
|upkeep
|turn|10


|
|switch|p1a: Cindy|Incineroar, F|128\/394
|-ability|p1a: Cindy|Intimidate|boost
|-unboost|p2a: s p i d e r|atk|1
|move|p2a: s p i d e r|Volt Switch|p1a: Cindy
|-damage|p1a: Cindy|50\/394


|
|switch|p2a: Boltund|Boltund, M|100\/100|[from]move: Volt Switch
|
|upkeep
|turn|11


|c| H2OPulse|okay so Mega Boltund it is


|
|detailschange|p2a: Boltund|Boltund-Mega, M
|-mega|p2a: Boltund|Boltund-Mega|Boltundite
|move|p2a: Boltund|Wild Charge|p1a: Cindy
|-damage|p1a: Cindy|0 fnt
|-damage|p2a: Boltund|96\/100|[from] Recoil
|faint|p1a: Cindy
|-start|p2a: Boltund|move: Laser Focus
|
|upkeep


|c|☆inkbug1|fear


|c|☆inkbug1|u h h h


|
|switch|p1a: Key Lime Pie|Reuniclus-Mega, M|324\/423
|turn|12


|
|move|p2a: Boltund|Play Rough|p1a: Key Lime Pie
|-crit|p1a: Key Lime Pie
|-damage|p1a: Key Lime Pie|80\/423
|move|p1a: Key Lime Pie|Future Sight|p2a: Boltund
|-start|p1a: Key Lime Pie|move: Future Sight
|
|-end|p2a: Boltund|move: Laser Focus|[silent]
|upkeep
|turn|13


|c|☆inkbug1|OKAY


|
|switch|p1a: Cheri|Comfey, F|302\/302
|move|p2a: Boltund|Play Rough|p1a: Cheri
|-damage|p1a: Cheri|125\/302
|
|upkeep
|turn|14


|
|move|p1a: Cheri|Draining Kiss|p2a: Boltund
|-damage|p2a: Boltund|53\/100
|-heal|p1a: Cheri|222\/302|[from] drain|[of] p2a: Boltund
|-damage|p1a: Cheri|192\/302|[from] item: Life Orb
|move|p2a: Boltund|Bulk Up|p2a: Boltund
|-boost|p2a: Boltund|atk|1
|-boost|p2a: Boltund|def|1
|
|-end|p2a: Boltund|move: Future Sight
|-damage|p2a: Boltund|0 fnt
|upkeep
|faint|p2a: Boltund


|c|☆inkbug1|PHEW 


|c|☆BotwNerd745|AH ok


|c|☆inkbug1|oh god that was so scary


|c|☆BotwNerd745|didnt consider that


|c| H2OPulse|sAME THAT WAS WILD


|
|switch|p2a: Happy|Drapion, F|89\/100 brn
|turn|15


|c| H2OPulse|I forgot about Future Sight too but like


|c| H2OPulse|holy heck I underestimated Mega Boltund


|c|☆inkbug1|no that dog is Deadly


|
|move|p2a: Happy|Cross Poison|p1a: Cheri
|-supereffective|p1a: Cheri
|-damage|p1a: Cheri|83\/302
|move|p1a: Cheri|Hidden Power|p2a: Happy
|-supereffective|p2a: Happy
|-damage|p2a: Happy|31\/100 brn
|-damage|p1a: Cheri|53\/302|[from] item: Life Orb
|
|-damage|p2a: Happy|25\/100 brn|[from] brn
|upkeep
|turn|16


|c| H2OPulse|also totally didn't realize it had Bulk Up


|c|☆inkbug1|does not mess around


|
|switch|p1a: Bespin|Celesteela|397\/398
|move|p2a: Happy|Cross Poison|p1a: Bespin
|-immune|p1a: Bespin
|
|-heal|p1a: Bespin|398\/398|[from] item: Leftovers
|-damage|p2a: Happy|19\/100 brn|[from] brn
|upkeep
|turn|17


|c| H2OPulse|man this latest slate is just


|c| H2OPulse|they're all gonna be top-tier aren't they :'D


|c|☆inkbug1|i hope so


|
|move|p2a: Happy|Night Slash|p1a: Bespin
|-crit|p1a: Bespin
|-damage|p1a: Bespin|280\/398
|move|p1a: Bespin|Earthquake|p2a: Happy
|-supereffective|p2a: Happy
|-damage|p2a: Happy|0 fnt
|faint|p2a: Happy
|-ability|p1a: Bespin|Beast Boost|boost
|-boost|p1a: Bespin|atk|1
|
|-heal|p1a: Bespin|304\/398|[from] item: Leftovers
|upkeep


|
|switch|p2a: Chilly|Kyurem|100\/100
|-ability|p2a: Chilly|Pressure
|turn|18


|c|☆BotwNerd745|Wait wrong switch


|
|switch|p2a: s p i d e r|Galvantula, M|48\/100
|move|p1a: Bespin|Heavy Slam|p2a: s p i d e r
|-resisted|p2a: s p i d e r
|-damage|p2a: s p i d e r|0 fnt
|faint|p2a: s p i d e r
|-ability|p1a: Bespin|Beast Boost|boost
|-boost|p1a: Bespin|atk|1
|
|-heal|p1a: Bespin|328\/398|[from] item: Leftovers
|upkeep


|c|☆inkbug1|oh god


|c|☆BotwNerd745|Ah well


|c|☆inkbug1|oh no


|c|☆inkbug1|bespin stop


|
|switch|p2a: Bubbles|Reuniclus, M|100\/100
|turn|19


|
|move|p1a: Bespin|Heavy Slam|p2a: Bubbles
|-damage|p2a: Bubbles|0 fnt
|-damage|p1a: Bespin|262\/398|[from] item: Rocky Helmet|[of] p2a: Bubbles
|faint|p2a: Bubbles
|-ability|p1a: Bespin|Beast Boost|boost
|-boost|p1a: Bespin|atk|1
|
|-heal|p1a: Bespin|286\/398|[from] item: Leftovers
|upkeep


|c|☆BotwNerd745|A


|
|switch|p2a: Chilly|Kyurem|100\/100
|-ability|p2a: Chilly|Pressure
|turn|20


|c|☆inkbug1|im so sorry gg this was suych a cool battle


|
|move|p2a: Chilly|Ice Beam|p1a: Bespin
|-damage|p1a: Bespin|130\/398
|move|p1a: Bespin|Heavy Slam|p2a: Chilly
|-supereffective|p2a: Chilly
|-damage|p2a: Chilly|0 fnt
|faint|p2a: Chilly
|
|win|inkbug1


|c| H2OPulse|__why is this Celesteela actually working I'm so afraid__


|c| H2OPulse|this is


|c| H2OPulse|amazing


|c|☆BotwNerd745|gg


|c|☆inkbug1|i look like i did better than i actually did but three of my other team members are in red, 


|c|☆inkbug1|so like, 


|c|☆BotwNerd745|megadog 4 is cool


|c|☆inkbug1|that was closer than it looked, 
</script>
</div>
<div class="battle-log battle-log-inline"><div class="inner"><div class="battle-options"><div style="padding-top: 3px; padding-right: 3px; text-align: right"><button class="icon button" name="openBattleOptions" title="Options">Battle Options</button></div></div><div class="inner message-log"><div class="chat"><small>☆inkbug1 and ☆BotwNerd745 joined</small></div><div class=""><small>Format:</small> <br><strong>[Gen 8] Megas for All</strong></div><div class=""><small><em>HP Percentage Mod:</em> HP is shown in percentages</small></div><div class=""><small><em>Endless Battle Clause:</em> Forcing endless battles is banned</small></div><div class=""><small><em>OHKO Clause:</em> OHKO moves are banned</small></div><div class=""><small><em>Evasion Moves Clause:</em> Evasion moves are banned</small></div><div class=""><small><em>Species Clause:</em> Limit one of each Pokémon</small></div><div class=""><small><em>Dynamax Clause:</em> You cannot dynamax</small></div><div class=""><small><em>Sleep Clause Mod:</em> Limit one foe put to sleep</small></div><div class="chat battle-history"><strong>inkbug1's team:</strong> <em style="color:#445566;display:block;">Reuniclus / Incineroar / Celesteela / Comfey / Eldegoss / Kingdra</em></div><div class="chat battle-history"><strong>BotwNerd745's team:</strong> <em style="color:#445566;display:block;">Minior-Violet / Boltund / Reuniclus / Kyurem / Drapion / Galvantula</em></div><div class="chat"><small> H2OPulse joined</small></div><div class="chat chatmessage-inkbug1 mine"><strong style="color:#e46e0f"><small>☆</small><span class="username" data-name="inkbug1">inkbug1</span>:</strong> <em>omg</em></div><div class="chat chatmessage-inkbug1 mine"><strong style="color:#e46e0f"><small>☆</small><span class="username" data-name="inkbug1">inkbug1</span>:</strong> <em>im so fucked</em></div><div class="spacer battle-history"><br></div><div class="battle-history">Battle started between inkbug1 and BotwNerd745!<br></div><div class="spacer battle-history"><br></div><div class="battle-history">Go! Key Lime Pie (<strong>Reuniclus</strong>)!<br></div><div class="spacer battle-history"><br></div><div class="battle-history">BotwNerd745 sent out purble (<strong>Minior-Violet</strong>)!<br></div><div class="battle-history">[The opposing purble's Shields Down]<br>Shields Down deactivated!<br>(the opposing purble shielded itself.)<br></div><div class="spacer battle-history"><br></div><h2 class="battle-history">Turn 1</h2><div class="spacer battle-history"><br></div><div class="battle-history">The opposing purble used <strong>Stealth Rock</strong>!<br></div><div class="battle-history"><small>Pointed stones float in the air around your team!</small><br></div><div class="spacer battle-history"><br></div><div class="battle-history">Key Lime Pie used <strong>Future Sight</strong>!<br></div><div class="battle-history"><small>Key Lime Pie foresaw an attack!</small><br></div><div class="spacer battle-history"><br></div><h2 class="battle-history">Turn 2</h2><div class="chat chatmessage-h2opulse"><strong style="color:#6e8c2b"><small> </small><span class="username" data-name="H2OPulse">H2OPulse</span>:</strong> <em>I almost exclaimed "oh Mega Boltund!" and then realized I had</em></div><div class="chat chatmessage-h2opulse"><strong style="color:#6e8c2b"><small> </small><span class="username" data-name="H2OPulse">H2OPulse</span>:</strong> <em>absolutely no way of knowing if it was that or Reuniclus</em></div><div class="spacer battle-history"><br></div><div class="battle-history">The opposing purble used <strong>Shell Smash</strong>!<br></div><div class="battle-history"><small>The opposing purble's Defense fell!</small><br></div><div class="battle-history"><small>The opposing purble's Sp. Def fell!</small><br></div><div class="battle-history"><small>The opposing purble's Attack rose sharply!</small><br></div><div class="battle-history"><small>The opposing purble's Sp. Atk rose sharply!</small><br></div><div class="battle-history"><small>The opposing purble's Speed rose sharply!</small><br></div><div class="battle-history"><small>The opposing purble returned its stats to normal using its White Herb!</small><br></div><div class="spacer battle-history"><br></div><div class="battle-history">Key Lime Pie used <strong>Acid Armor</strong>!<br></div><div class="battle-history"><small>Key Lime Pie's Defense rose sharply!</small><br></div><div class="spacer battle-history"><br></div><h2 class="battle-history">Turn 3</h2><div class="spacer battle-history"><br></div><div class="battle-history"><small>Key Lime Pie's Reunite is reacting to the Key Stone!</small><br>Key Lime Pie has Mega Evolved into Mega Reuniclus!<br></div><div class="spacer battle-history"><br></div><div class="battle-history">The opposing purble used <strong>Acrobatics</strong>!<br></div><div class="battle-history"><small>(Key Lime Pie lost <abbr title="−99/423">23.4%</abbr> of its health!)</small><br></div><div class="spacer battle-history"><br></div><div class="battle-history">Key Lime Pie used <strong>Superpower</strong>!<br></div><div class="battle-history"><small>(The opposing purble lost 33% of its health!)</small><br></div><div class="battle-history">[Key Lime Pie's Two-Minded]<br></div><div class="battle-history"><small>Key Lime Pie's Sp. Atk rose!</small><br></div><div class="battle-history">[Key Lime Pie's Two-Minded]<br></div><div class="battle-history"><small>Key Lime Pie's Sp. Def rose!</small><br></div><div class="battle-history"><small>Key Lime Pie's Attack fell!</small><br></div><div class="battle-history"><small>Key Lime Pie's Defense fell!</small><br></div><div class="spacer battle-history"><br></div><div class="battle-history"><small>The opposing purble took the Future Sight attack!</small><br></div><div class="battle-history"><small>A critical hit!</small><br></div><div class="battle-history"><small>(The opposing purble lost 67% of its health!)</small><br></div><div class="spacer battle-history"><br></div><div class="battle-history">The opposing purble fainted!<br></div><div class="chat chatmessage-inkbug1 mine"><strong style="color:#e46e0f"><small>☆</small><span class="username" data-name="inkbug1">inkbug1</span>:</strong> <em>ph e w </em></div><div class="chat chatmessage-inkbug1 mine"><strong style="color:#e46e0f"><small>☆</small><span class="username" data-name="inkbug1">inkbug1</span>:</strong> <em>ok that didnt</em></div><div class="chat chatmessage-inkbug1 mine"><strong style="color:#e46e0f"><small>☆</small><span class="username" data-name="inkbug1">inkbug1</span>:</strong> <em>do a whole lot </em></div><div class="chat chatmessage-inkbug1 mine"><strong style="color:#e46e0f"><small>☆</small><span class="username" data-name="inkbug1">inkbug1</span>:</strong> <em>OH </em></div><div class="chat chatmessage-inkbug1 mine"><strong style="color:#e46e0f"><small>☆</small><span class="username" data-name="inkbug1">inkbug1</span>:</strong> <em>OKAY. </em></div><div class="chat chatmessage-botwnerd745"><strong style="color:#9835de"><small>☆</small><span class="username" data-name="BotwNerd745">BotwNerd745</span>:</strong> <em>...</em></div><div class="spacer battle-history"><br></div><div class="battle-history">BotwNerd745 sent out Happy (<strong>Drapion</strong>)!<br></div><div class="spacer battle-history"><br></div><h2 class="battle-history">Turn 4</h2><div class="chat chatmessage-inkbug1 mine"><strong style="color:#e46e0f"><small>☆</small><span class="username" data-name="inkbug1">inkbug1</span>:</strong> <em>th.. that rly didnt need to crit huh</em></div><div class="chat chatmessage-inkbug1 mine"><strong style="color:#e46e0f"><small>☆</small><span class="username" data-name="inkbug1">inkbug1</span>:</strong> <em>wheeze</em></div><div class="spacer battle-history"><br></div><div class="battle-history">Key Lime Pie, come back!<br></div><div class="battle-history">Go! Cindy (<strong>Incineroar</strong>)!<br></div><div class="battle-history"><small>Pointed stones dug into Cindy!</small><br></div><div class="battle-history">[Cindy's Intimidate]<br></div><div class="battle-history"><small>The opposing Happy's Attack fell!</small><br></div><div class="spacer battle-history"><br></div><div class="battle-history">The opposing Happy used <strong>Night Slash</strong>!<br></div><div class="battle-history"><small>It's not very effective...</small><br></div><div class="battle-history"><small>(Cindy lost <abbr title="−34/394">8.6%</abbr> of its health!)</small><br></div><div class="spacer battle-history"><br></div><h2 class="battle-history">Turn 5</h2><div class="chat chatmessage-h2opulse"><strong style="color:#6e8c2b"><small> </small><span class="username" data-name="H2OPulse">H2OPulse</span>:</strong> <em>I am like</em></div><div class="chat chatmessage-h2opulse"><strong style="color:#6e8c2b"><small> </small><span class="username" data-name="H2OPulse">H2OPulse</span>:</strong> <em>basically positive the crit didn't matter</em></div><div class="chat chatmessage-h2opulse"><strong style="color:#6e8c2b"><small> </small><span class="username" data-name="H2OPulse">H2OPulse</span>:</strong> <em>but also,,</em></div><div class="spacer battle-history"><br></div><div class="battle-history">The opposing Happy used <strong>Aqua Tail</strong>!<br></div><div class="battle-history"><small>It's super effective!</small><br></div><div class="battle-history"><small>(Cindy lost <abbr title="−134/394">34.0%</abbr> of its health!)</small><br></div><div class="spacer battle-history"><br></div><div class="battle-history">Cindy used <strong>Will-O-Wisp</strong>!<br></div><div class="battle-history"><small>The opposing Happy was burned!</small><br></div><div class="spacer battle-history"><br></div><div class="battle-history"><small>The opposing Happy was hurt by its burn!</small><br></div><div class="spacer battle-history"><br></div><h2 class="battle-history">Turn 6</h2><div class="chat chatmessage-inkbug1 mine"><strong style="color:#e46e0f"><small>☆</small><span class="username" data-name="inkbug1">inkbug1</span>:</strong> <em>wh</em></div><div class="chat chatmessage-inkbug1 mine"><strong style="color:#e46e0f"><small>☆</small><span class="username" data-name="inkbug1">inkbug1</span>:</strong> <em>ok</em></div><div class="spacer battle-history"><br></div><div class="battle-history">The opposing Happy used <strong>Toxic Spikes</strong>!<br></div><div class="battle-history"><small>Poison spikes were scattered on the ground all around your team!</small><br></div><div class="spacer battle-history"><br></div><div class="battle-history">Cindy used <strong>Parting Shot</strong>!<br></div><div class="battle-history"><small>The opposing Happy's Attack fell!</small><br></div><div class="battle-history"><small>The opposing Happy's Sp. Atk fell!</small><br></div><div class="spacer battle-history"><br></div><div class="battle-history">Cindy, come back!<br></div><div class="battle-history">Go! Bespin (<strong>Celesteela</strong>)!<br></div><div class="battle-history"><small>Pointed stones dug into Bespin!</small><br></div><div class="spacer battle-history"><br></div><div class="battle-history"><small>Bespin restored a little HP using its Leftovers!</small><br></div><div class="battle-history"><small>The opposing Happy was hurt by its burn!</small><br></div><div class="spacer battle-history"><br></div><h2 class="battle-history">Turn 7</h2><div class="spacer battle-history"><br></div><div class="battle-history">BotwNerd745 withdrew Happy!<br></div><div class="battle-history">BotwNerd745 sent out s p i d e r (<strong>Galvantula</strong>)!<br></div><div class="spacer battle-history"><br></div><div class="battle-history">Bespin used <strong>Earthquake</strong>!<br></div><div class="battle-history"><small>(The opposing s p i d e r lost 45% of its health!)</small><br></div><div class="spacer battle-history"><br></div><div class="battle-history"><small>Bespin restored a little HP using its Leftovers!</small><br></div><div class="spacer battle-history"><br></div><h2 class="battle-history">Turn 8</h2><div class="spacer battle-history"><br></div><div class="battle-history">Bespin, come back!<br></div><div class="battle-history">Go! Candyfloss (<strong>Eldegoss</strong>)!<br></div><div class="battle-history"><small>Pointed stones dug into Candyfloss!</small><br></div><div class="battle-history"><small>Candyfloss was poisoned!</small><br></div><div class="spacer battle-history"><br></div><div class="battle-history">The opposing s p i d e r used <strong>Sticky Web</strong>!<br></div><div class="battle-history"><small>A sticky web has been laid out on the ground around your team!</small><br></div><div class="spacer battle-history"><br></div><div class="battle-history"><small>Candyfloss was hurt by poison!</small><br></div><div class="spacer battle-history"><br></div><h2 class="battle-history">Turn 9</h2><div class="spacer battle-history"><br></div><div class="battle-history">The opposing s p i d e r used <strong>Bug Buzz</strong>!<br></div><div class="battle-history"><small>It's super effective!</small><br></div><div class="battle-history"><small>(Candyfloss lost <abbr title="−170/324">52.5%</abbr> of its health!)</small><br></div><div class="spacer battle-history"><br></div><div class="battle-history">Candyfloss used <strong>Rapid Spin</strong>!<br></div><div class="battle-history"><small>(The opposing s p i d e r lost 7% of its health!)</small><br></div><div class="battle-history"><small>Candyfloss's Speed rose!</small><br></div><div class="battle-history"><small>The poison spikes disappeared from the ground around your team!</small><br></div><div class="battle-history"><small>The pointed stones disappeared from around your team!</small><br></div><div class="battle-history"><small>The sticky web has disappeared from the ground around your team!</small><br></div><div class="spacer battle-history"><br></div><div class="battle-history"><small>Candyfloss was hurt by poison!</small><br></div><div class="spacer battle-history"><br></div><h2 class="battle-history">Turn 10</h2><div class="spacer battle-history"><br></div><div class="battle-history">Candyfloss, come back!<br></div><div class="battle-history">Go! Cindy (<strong>Incineroar</strong>)!<br></div><div class="battle-history">[Cindy's Intimidate]<br></div><div class="battle-history"><small>The opposing s p i d e r's Attack fell!</small><br></div><div class="spacer battle-history"><br></div><div class="battle-history">The opposing s p i d e r used <strong>Volt Switch</strong>!<br></div><div class="battle-history"><small>(Cindy lost <abbr title="−78/394">19.8%</abbr> of its health!)</small><br></div><div class="spacer battle-history"><br></div><div class="battle-history">The opposing s p i d e r went back to BotwNerd745!<br></div><div class="battle-history">BotwNerd745 sent out <strong>Boltund</strong>!<br></div><div class="spacer battle-history"><br></div><h2 class="battle-history">Turn 11</h2><div class="chat chatmessage-h2opulse"><strong style="color:#6e8c2b"><small> </small><span class="username" data-name="H2OPulse">H2OPulse</span>:</strong> <em>okay so Mega Boltund it is</em></div><div class="spacer battle-history"><br></div><div class="battle-history"><small>The opposing Boltund's Boltundite is reacting to the Key Stone!</small><br>The opposing Boltund has Mega Evolved into Mega Boltund-Mega!<br></div><div class="spacer battle-history"><br></div><div class="battle-history">The opposing Boltund used <strong>Wild Charge</strong>!<br></div><div class="battle-history"><small>(Cindy lost <abbr title="−50/394">12.7%</abbr> of its health!)</small><br></div><div class="battle-history"><small>The opposing Boltund was damaged by the recoil!</small><br></div><div class="spacer battle-history"><br></div><div class="battle-history">Cindy fainted!<br></div><div class="battle-history"><small>The opposing Boltund concentrated intensely!</small><br></div><div class="chat chatmessage-inkbug1 mine"><strong style="color:#e46e0f"><small>☆</small><span class="username" data-name="inkbug1">inkbug1</span>:</strong> <em>fear</em></div><div class="chat chatmessage-inkbug1 mine"><strong style="color:#e46e0f"><small>☆</small><span class="username" data-name="inkbug1">inkbug1</span>:</strong> <em>u h h h</em></div><div class="spacer battle-history"><br></div><div class="battle-history">Go! Key Lime Pie (<strong>Reuniclus-Mega</strong>)!<br></div><div class="spacer battle-history"><br></div><h2 class="battle-history">Turn 12</h2><div class="spacer battle-history"><br></div><div class="battle-history">The opposing Boltund used <strong>Play Rough</strong>!<br></div><div class="battle-history"><small>A critical hit!</small><br></div><div class="battle-history"><small>(Key Lime Pie lost <abbr title="−244/423">57.7%</abbr> of its health!)</small><br></div><div class="spacer battle-history"><br></div><div class="battle-history">Key Lime Pie used <strong>Future Sight</strong>!<br></div><div class="battle-history"><small>Key Lime Pie foresaw an attack!</small><br></div><div class="spacer battle-history"><br></div><h2 class="battle-history">Turn 13</h2><div class="chat chatmessage-inkbug1 mine"><strong style="color:#e46e0f"><small>☆</small><span class="username" data-name="inkbug1">inkbug1</span>:</strong> <em>OKAY</em></div><div class="spacer battle-history"><br></div><div class="battle-history">Key Lime Pie, come back!<br></div><div class="battle-history">Go! Cheri (<strong>Comfey</strong>)!<br></div><div class="spacer battle-history"><br></div><div class="battle-history">The opposing Boltund used <strong>Play Rough</strong>!<br></div><div class="battle-history"><small>(Cheri lost <abbr title="−177/302">58.6%</abbr> of its health!)</small><br></div><div class="spacer battle-history"><br></div><h2 class="battle-history">Turn 14</h2><div class="spacer battle-history"><br></div><div class="battle-history">Cheri used <strong>Draining Kiss</strong>!<br></div><div class="battle-history"><small>(The opposing Boltund lost 43% of its health!)</small><br></div><div class="battle-history"><small>The opposing Boltund had its energy drained!</small><br></div><div class="battle-history"><small>Cheri lost some of its HP!</small><br></div><div class="spacer battle-history"><br></div><div class="battle-history">The opposing Boltund used <strong>Bulk Up</strong>!<br></div><div class="battle-history"><small>The opposing Boltund's Attack rose!</small><br></div><div class="battle-history"><small>The opposing Boltund's Defense rose!</small><br></div><div class="spacer battle-history"><br></div><div class="battle-history"><small>The opposing Boltund took the Future Sight attack!</small><br></div><div class="battle-history"><small>(The opposing Boltund lost 53% of its health!)</small><br></div><div class="spacer battle-history"><br></div><div class="battle-history">The opposing Boltund fainted!<br></div><div class="chat chatmessage-inkbug1 mine"><strong style="color:#e46e0f"><small>☆</small><span class="username" data-name="inkbug1">inkbug1</span>:</strong> <em>PHEW </em></div><div class="chat chatmessage-botwnerd745"><strong style="color:#9835de"><small>☆</small><span class="username" data-name="BotwNerd745">BotwNerd745</span>:</strong> <em>AH ok</em></div><div class="chat chatmessage-inkbug1 mine"><strong style="color:#e46e0f"><small>☆</small><span class="username" data-name="inkbug1">inkbug1</span>:</strong> <em>oh god that was so scary</em></div><div class="chat chatmessage-botwnerd745"><strong style="color:#9835de"><small>☆</small><span class="username" data-name="BotwNerd745">BotwNerd745</span>:</strong> <em>didnt consider that</em></div><div class="chat chatmessage-h2opulse"><strong style="color:#6e8c2b"><small> </small><span class="username" data-name="H2OPulse">H2OPulse</span>:</strong> <em>sAME THAT WAS WILD</em></div><div class="spacer battle-history"><br></div><div class="battle-history">BotwNerd745 sent out Happy (<strong>Drapion</strong>)!<br></div><div class="spacer battle-history"><br></div><h2 class="battle-history">Turn 15</h2><div class="chat chatmessage-h2opulse"><strong style="color:#6e8c2b"><small> </small><span class="username" data-name="H2OPulse">H2OPulse</span>:</strong> <em>I forgot about Future Sight too but like</em></div><div class="chat chatmessage-h2opulse"><strong style="color:#6e8c2b"><small> </small><span class="username" data-name="H2OPulse">H2OPulse</span>:</strong> <em>holy heck I underestimated Mega Boltund</em></div><div class="chat chatmessage-inkbug1 mine"><strong style="color:#e46e0f"><small>☆</small><span class="username" data-name="inkbug1">inkbug1</span>:</strong> <em>no that dog is Deadly</em></div><div class="spacer battle-history"><br></div><div class="battle-history">The opposing Happy used <strong>Cross Poison</strong>!<br></div><div class="battle-history"><small>It's super effective!</small><br></div><div class="battle-history"><small>(Cheri lost <abbr title="−109/302">36.1%</abbr> of its health!)</small><br></div><div class="spacer battle-history"><br></div><div class="battle-history">Cheri used <strong>Hidden Power</strong>!<br></div><div class="battle-history"><small>It's super effective!</small><br></div><div class="battle-history"><small>(The opposing Happy lost 58% of its health!)</small><br></div><div class="battle-history"><small>Cheri lost some of its HP!</small><br></div><div class="spacer battle-history"><br></div><div class="battle-history"><small>The opposing Happy was hurt by its burn!</small><br></div><div class="spacer battle-history"><br></div><h2 class="battle-history">Turn 16</h2><div class="chat chatmessage-h2opulse"><strong style="color:#6e8c2b"><small> </small><span class="username" data-name="H2OPulse">H2OPulse</span>:</strong> <em>also totally didn't realize it had Bulk Up</em></div><div class="chat chatmessage-inkbug1 mine"><strong style="color:#e46e0f"><small>☆</small><span class="username" data-name="inkbug1">inkbug1</span>:</strong> <em>does not mess around</em></div><div class="spacer battle-history"><br></div><div class="battle-history">Cheri, come back!<br></div><div class="battle-history">Go! Bespin (<strong>Celesteela</strong>)!<br></div><div class="spacer battle-history"><br></div><div class="battle-history">The opposing Happy used <strong>Cross Poison</strong>!<br></div><div class="battle-history"><small>It doesn't affect Bespin...</small><br></div><div class="spacer battle-history"><br></div><div class="battle-history"><small>Bespin restored a little HP using its Leftovers!</small><br></div><div class="battle-history"><small>The opposing Happy was hurt by its burn!</small><br></div><div class="spacer battle-history"><br></div><h2 class="battle-history">Turn 17</h2><div class="chat chatmessage-h2opulse"><strong style="color:#6e8c2b"><small> </small><span class="username" data-name="H2OPulse">H2OPulse</span>:</strong> <em>man this latest slate is just</em></div><div class="chat chatmessage-h2opulse"><strong style="color:#6e8c2b"><small> </small><span class="username" data-name="H2OPulse">H2OPulse</span>:</strong> <em>they're all gonna be top-tier aren't they :'D</em></div><div class="chat chatmessage-inkbug1 mine"><strong style="color:#e46e0f"><small>☆</small><span class="username" data-name="inkbug1">inkbug1</span>:</strong> <em>i hope so</em></div><div class="spacer battle-history"><br></div><div class="battle-history">The opposing Happy used <strong>Night Slash</strong>!<br></div><div class="battle-history"><small>A critical hit!</small><br></div><div class="battle-history"><small>(Bespin lost <abbr title="−118/398">29.6%</abbr> of its health!)</small><br></div><div class="spacer battle-history"><br></div><div class="battle-history">Bespin used <strong>Earthquake</strong>!<br></div><div class="battle-history"><small>It's super effective!</small><br></div><div class="battle-history"><small>(The opposing Happy lost 19% of its health!)</small><br></div><div class="spacer battle-history"><br></div><div class="battle-history">The opposing Happy fainted!<br></div><div class="battle-history">[Bespin's Beast Boost]<br></div><div class="battle-history"><small>Bespin's Attack rose!</small><br></div><div class="spacer battle-history"><br></div><div class="battle-history"><small>Bespin restored a little HP using its Leftovers!</small><br></div><div class="spacer battle-history"><br></div><div class="battle-history">BotwNerd745 sent out Chilly (<strong>Kyurem</strong>)!<br></div><div class="battle-history">[The opposing Chilly's Pressure]<br><small>The opposing Chilly is exerting its pressure!</small><br></div><div class="spacer battle-history"><br></div><h2 class="battle-history">Turn 18</h2><div class="chat chatmessage-botwnerd745"><strong style="color:#9835de"><small>☆</small><span class="username" data-name="BotwNerd745">BotwNerd745</span>:</strong> <em>Wait wrong switch</em></div><div class="spacer battle-history"><br></div><div class="battle-history">BotwNerd745 withdrew Chilly!<br></div><div class="battle-history">BotwNerd745 sent out s p i d e r (<strong>Galvantula</strong>)!<br></div><div class="spacer battle-history"><br></div><div class="battle-history">Bespin used <strong>Heavy Slam</strong>!<br></div><div class="battle-history"><small>It's not very effective...</small><br></div><div class="battle-history"><small>(The opposing s p i d e r lost 48% of its health!)</small><br></div><div class="spacer battle-history"><br></div><div class="battle-history">The opposing s p i d e r fainted!<br></div><div class="battle-history">[Bespin's Beast Boost]<br></div><div class="battle-history"><small>Bespin's Attack rose!</small><br></div><div class="spacer battle-history"><br></div><div class="battle-history"><small>Bespin restored a little HP using its Leftovers!</small><br></div><div class="chat chatmessage-inkbug1 mine"><strong style="color:#e46e0f"><small>☆</small><span class="username" data-name="inkbug1">inkbug1</span>:</strong> <em>oh god</em></div><div class="chat chatmessage-botwnerd745"><strong style="color:#9835de"><small>☆</small><span class="username" data-name="BotwNerd745">BotwNerd745</span>:</strong> <em>Ah well</em></div><div class="chat chatmessage-inkbug1 mine"><strong style="color:#e46e0f"><small>☆</small><span class="username" data-name="inkbug1">inkbug1</span>:</strong> <em>oh no</em></div><div class="chat chatmessage-inkbug1 mine"><strong style="color:#e46e0f"><small>☆</small><span class="username" data-name="inkbug1">inkbug1</span>:</strong> <em>bespin stop</em></div><div class="spacer battle-history"><br></div><div class="battle-history">BotwNerd745 sent out Bubbles (<strong>Reuniclus</strong>)!<br></div><div class="spacer battle-history"><br></div><h2 class="battle-history">Turn 19</h2><div class="spacer battle-history"><br></div><div class="battle-history">Bespin used <strong>Heavy Slam</strong>!<br></div><div class="battle-history"><small>(The opposing Bubbles lost 100% of its health!)</small><br></div><div class="battle-history"><small>Bespin was hurt by the Rocky Helmet!</small><br></div><div class="spacer battle-history"><br></div><div class="battle-history">The opposing Bubbles fainted!<br></div><div class="battle-history">[Bespin's Beast Boost]<br></div><div class="battle-history"><small>Bespin's Attack rose!</small><br></div><div class="spacer battle-history"><br></div><div class="battle-history"><small>Bespin restored a little HP using its Leftovers!</small><br></div><div class="chat chatmessage-botwnerd745"><strong style="color:#9835de"><small>☆</small><span class="username" data-name="BotwNerd745">BotwNerd745</span>:</strong> <em>A</em></div><div class="spacer battle-history"><br></div><div class="battle-history">BotwNerd745 sent out Chilly (<strong>Kyurem</strong>)!<br></div><div class="battle-history">[The opposing Chilly's Pressure]<br><small>The opposing Chilly is exerting its pressure!</small><br></div><div class="spacer battle-history"><br></div><h2 class="battle-history">Turn 20</h2><div class="chat chatmessage-inkbug1 mine"><strong style="color:#e46e0f"><small>☆</small><span class="username" data-name="inkbug1">inkbug1</span>:</strong> <em>im so sorry gg this was suych a cool battle</em></div><div class="spacer battle-history"><br></div><div class="battle-history">The opposing Chilly used <strong>Ice Beam</strong>!<br></div><div class="battle-history"><small>(Bespin lost <abbr title="−156/398">39.2%</abbr> of its health!)</small><br></div><div class="spacer battle-history"><br></div><div class="battle-history">Bespin used <strong>Heavy Slam</strong>!<br></div><div class="battle-history"><small>It's super effective!</small><br></div><div class="battle-history"><small>(The opposing Chilly lost 100% of its health!)</small><br></div><div class="spacer battle-history"><br></div><div class="battle-history">The opposing Chilly fainted!<br></div><div class="spacer battle-history"><br></div><div class="battle-history"><strong>inkbug1</strong> won the battle!<br></div><div class="chat chatmessage-h2opulse"><strong style="color:#6e8c2b"><small> </small><span class="username" data-name="H2OPulse">H2OPulse</span>:</strong> <em><i>why is this Celesteela actually working I'm so afraid</i></em></div><div class="chat chatmessage-h2opulse"><strong style="color:#6e8c2b"><small> </small><span class="username" data-name="H2OPulse">H2OPulse</span>:</strong> <em>this is</em></div><div class="chat chatmessage-h2opulse"><strong style="color:#6e8c2b"><small> </small><span class="username" data-name="H2OPulse">H2OPulse</span>:</strong> <em>amazing</em></div><div class="chat chatmessage-botwnerd745"><strong style="color:#9835de"><small>☆</small><span class="username" data-name="BotwNerd745">BotwNerd745</span>:</strong> <em>gg</em></div><div class="chat chatmessage-inkbug1 mine"><strong style="color:#e46e0f"><small>☆</small><span class="username" data-name="inkbug1">inkbug1</span>:</strong> <em>i look like i did better than i actually did but three of my other team members are in red, </em></div><div class="chat chatmessage-inkbug1 mine"><strong style="color:#e46e0f"><small>☆</small><span class="username" data-name="inkbug1">inkbug1</span>:</strong> <em>so like, </em></div><div class="chat chatmessage-botwnerd745"><strong style="color:#9835de"><small>☆</small><span class="username" data-name="BotwNerd745">BotwNerd745</span>:</strong> <em>megadog 4 is cool</em></div><div class="chat chatmessage-inkbug1 mine"><strong style="color:#e46e0f"><small>☆</small><span class="username" data-name="inkbug1">inkbug1</span>:</strong> <em>that was closer than it looked, </em></div></div><div class="inner-preempt message-log"></div></div></div>
</div>
<script>
let daily = Math.floor(Date.now()/1000/60/60/24);document.write('<script src="https://play.pokemonshowdown.com/js/replay-embed.js?version'+daily+'"></'+'script>');
</script>
