<!DOCTYPE html>
<meta charset="utf-8" />
<!-- version 1 -->
<title>[Gen 8] Megas for All replay: Way of Bandana vs. exploziff</title>
<style>
html,body {font-family:Verdana, sans-serif;font-size:10pt;margin:0;padding:0;}body{padding:12px 0;} .battle-log {font-family:Verdana, sans-serif;font-size:10pt;} .battle-log-inline {border:1px solid #AAAAAA;background:#EEF2F5;color:black;max-width:640px;margin:0 auto 80px;padding-bottom:5px;} .battle-log .inner {padding:4px 8px 0px 8px;} .battle-log .inner-preempt {padding:0 8px 4px 8px;} .battle-log .inner-after {margin-top:0.5em;} .battle-log h2 {margin:0.5em -8px;padding:4px 8px;border:1px solid #AAAAAA;background:#E0E7EA;border-left:0;border-right:0;font-family:Verdana, sans-serif;font-size:13pt;} .battle-log .chat {vertical-align:middle;padding:3px 0 3px 0;font-size:8pt;} .battle-log .chat strong {color:#40576A;} .battle-log .chat em {padding:1px 4px 1px 3px;color:#000000;font-style:normal;} .chat.mine {background:rgba(0,0,0,0.05);margin-left:-8px;margin-right:-8px;padding-left:8px;padding-right:8px;} .spoiler {color:#BBBBBB;background:#BBBBBB;padding:0px 3px;} .spoiler:hover, .spoiler:active, .spoiler-shown {color:#000000;background:#E2E2E2;padding:0px 3px;} .spoiler a {color:#BBBBBB;} .spoiler:hover a, .spoiler:active a, .spoiler-shown a {color:#2288CC;} .chat code, .chat .spoiler:hover code, .chat .spoiler:active code, .chat .spoiler-shown code {border:1px solid #C0C0C0;background:#EEEEEE;color:black;padding:0 2px;} .chat .spoiler code {border:1px solid #CCCCCC;background:#CCCCCC;color:#CCCCCC;} .battle-log .rated {padding:3px 4px;} .battle-log .rated strong {color:white;background:#89A;padding:1px 4px;border-radius:4px;} .spacer {margin-top:0.5em;} .message-announce {background:#6688AA;color:white;padding:1px 4px 2px;} .message-announce a, .broadcast-green a, .broadcast-blue a, .broadcast-red a {color:#DDEEFF;} .broadcast-green {background-color:#559955;color:white;padding:2px 4px;} .broadcast-blue {background-color:#6688AA;color:white;padding:2px 4px;} .infobox {border:1px solid #6688AA;padding:2px 4px;} .infobox-limited {max-height:200px;overflow:auto;overflow-x:hidden;} .broadcast-red {background-color:#AA5544;color:white;padding:2px 4px;} .message-learn-canlearn {font-weight:bold;color:#228822;text-decoration:underline;} .message-learn-cannotlearn {font-weight:bold;color:#CC2222;text-decoration:underline;} .message-effect-weak {font-weight:bold;color:#CC2222;} .message-effect-resist {font-weight:bold;color:#6688AA;} .message-effect-immune {font-weight:bold;color:#666666;} .message-learn-list {margin-top:0;margin-bottom:0;} .message-throttle-notice, .message-error {color:#992222;} .message-overflow, .chat small.message-overflow {font-size:0pt;} .message-overflow::before {font-size:9pt;content:'...';} .subtle {color:#3A4A66;}
</style>
<div class="wrapper replay-wrapper" style="max-width:1180px;margin:0 auto">
<input type="hidden" name="replayid" value="dragonheaven-gen8megasforall-287" />
<div class="battle"></div><div class="battle-log"></div><div class="replay-controls"></div><div class="replay-controls-2"></div>
<h1 style="font-weight:normal;text-align:center"><strong>[Gen 8] Megas for All</strong><br /><a href="http://pokemonshowdown.com/users/wayofbandana" class="subtle" target="_blank">Way of Bandana</a> vs. <a href="http://pokemonshowdown.com/users/exploziff" class="subtle" target="_blank">exploziff</a></h1>
<script type="text/plain" class="battle-log-data">|j|☆Way of Bandana

|j|☆exploziff
|t:|1617541694
|player|p1|Way of Bandana|jogger|
|player|p2|exploziff|266|
|teamsize|p1|6
|teamsize|p2|6
|gametype|singles
|gen|8
|tier|[Gen 8] Megas for All
|clearpoke
|poke|p1|Celesteela|
|poke|p1|Toxtricity-Low-Key, M|
|poke|p1|Gliscor, F|
|poke|p1|Ferrothorn, F|
|poke|p1|Greninja, M|
|poke|p1|Victini|
|poke|p2|Ferrothorn, M|
|poke|p2|Toxapex, M|
|poke|p2|Dragalge, F|
|poke|p2|Porygon-Z|
|poke|p2|Moltres|
|poke|p2|Landorus-Therian, M|
|rule|HP Percentage Mod: HP is shown in percentages
|rule|Endless Battle Clause: Forcing endless battles is banned
|rule|OHKO Clause: OHKO moves are banned
|rule|Evasion Moves Clause: Evasion moves are banned
|rule|Species Clause: Limit one of each Pokémon
|rule|Dynamax Clause: You cannot dynamax
|rule|Sleep Clause Mod: Limit one foe put to sleep
|rule|Freeze Clause Mod: Limit one foe frozen
|raw|<img src="https:\/\/www.smogon.com\/forums\/attachments\/banner_2-png.302358\/" height="65" width="381">
|-message|Welcome to Megas for All!
|-message|This is a National Dex-based format where we aim to give a new Mega Evolution to every Pokémon.
|-message|Just like any official format, you can still only Mega Evolve one Pokémon per team!
|-message|You can find our thread and metagame resources here:
|-message|https:\/\/www.smogon.com\/forums\/threads\/3671140\/
|teampreview
|c|☆exploziff|gl hf
|c|☆Way of Bandana|Glhf
|c|☆Way of Bandana|Still debating whether to should go with ash greninja since the team needs a wallbreaker
|c|☆exploziff|hum in think that would be the way to go
|
|t:|1617541739
|start
|switch|p1a: Toxtricity|Toxtricity-Low-Key, M|353\/353
|switch|p2a: Dragalge|Dragalge, F|100\/100
|turn|1
|
|t:|1617541750
|detailschange|p1a: Toxtricity|Toxtricity-Low-Key-Mega, M
|-mega|p1a: Toxtricity|Toxtricity|Toxtricitite
|-ability|p1a: Toxtricity|Acid Rock
|-immune|p2a: Dragalge
|-start|p1a: Toxtricity|typechange|Electric\/Poison|[silent]
|raw|<ul class="utilichart"><li class="result"><span class="col pokemonnamecol" style="white-space: nowrap">Toxtricity-Low-Key-Mega<\/span> <span class="col typecol"><img src="https:\/\/play.pokemonshowdown.com\/sprites\/types\/Electric.png" alt="Electric" height="14" width="32"><img src="https:\/\/play.pokemonshowdown.com\/sprites\/types\/Poison.png" alt="Poison" height="14" width="32"><\/span> <span style="float: left ; min-height: 26px"><span class="col abilitycol">Acid Rock<\/span><span class="col abilitycol"><\/span><\/span><span style="float: left ; min-height: 26px"><span class="col statcol"><em>HP<\/em><br>75<\/span> <span class="col statcol"><em>Atk<\/em><br>98<\/span> <span class="col statcol"><em>Def<\/em><br>100<\/span> <span class="col statcol"><em>SpA<\/em><br>114<\/span> <span class="col statcol"><em>SpD<\/em><br>140<\/span> <span class="col statcol"><em>Spe<\/em><br>75<\/span> <\/span><\/li><li style="clear: both"><\/li><\/ul>
|detailschange|p2a: Dragalge|Dragalge-Mega, F
|-mega|p2a: Dragalge|Dragalge|Dragalgite
|-fieldstart|move: Acidic Terrain|[from] ability: Acidic Surge|[of] p2a: Dragalge
|-message|Poison-type moves used by grounded Pokémon will have their power increased.
|-message|Grounded Steel-type Pokémon will also lose their immunity to Poison-type moves.
|-start|p2a: Dragalge|typechange|Poison\/Dragon|[silent]
|raw|<ul class="utilichart"><li class="result"><span class="col pokemonnamecol" style="white-space: nowrap">Dragalge-Mega<\/span> <span class="col typecol"><img src="https:\/\/play.pokemonshowdown.com\/sprites\/types\/Poison.png" alt="Poison" height="14" width="32"><img src="https:\/\/play.pokemonshowdown.com\/sprites\/types\/Dragon.png" alt="Dragon" height="14" width="32"><\/span> <span style="float: left ; min-height: 26px"><span class="col abilitycol">Acidic Surge<\/span><span class="col abilitycol"><\/span><\/span><span style="float: left ; min-height: 26px"><span class="col statcol"><em>HP<\/em><br>65<\/span> <span class="col statcol"><em>Atk<\/em><br>95<\/span> <span class="col statcol"><em>Def<\/em><br>90<\/span> <span class="col statcol"><em>SpA<\/em><br>147<\/span> <span class="col statcol"><em>SpD<\/em><br>153<\/span> <span class="col statcol"><em>Spe<\/em><br>44<\/span> <\/span><\/li><li style="clear: both"><\/li><\/ul>
|move|p1a: Toxtricity|Sludge Bomb|p2a: Dragalge
|-resisted|p2a: Dragalge
|-damage|p2a: Dragalge|85\/100
|move|p2a: Dragalge|Flip Turn|p1a: Toxtricity
|-damage|p1a: Toxtricity|314\/353
|
|t:|1617541762
|switch|p2a: Landorus|Landorus-Therian, M|100\/100|[from]move: Flip Turn
|-ability|p2a: Landorus|Intimidate|boost
|-unboost|p1a: Toxtricity|atk|1
|
|upkeep
|turn|2
|
|t:|1617541769
|move|p1a: Toxtricity|Protect|p1a: Toxtricity
|-singleturn|p1a: Toxtricity|Protect
|move|p2a: Landorus|Stealth Rock|p1a: Toxtricity
|-sidestart|p1: Way of Bandana|move: Stealth Rock
|
|upkeep
|turn|3
|
|t:|1617541777
|switch|p2a: Moltres|Moltres|100\/100
|switch|p1a: Gliscor|Gliscor, F|352\/352
|-damage|p1a: Gliscor|308\/352|[from] Stealth Rock
|
|-status|p1a: Gliscor|tox|[from] item: Toxic Orb
|upkeep
|turn|4
|
|t:|1617541788
|move|p1a: Gliscor|Defog|p2a: Moltres
|-unboost|p2a: Moltres|evasion|1
|-sideend|p1: Way of Bandana|Stealth Rock|[from] move: Defog|[of] p1a: Gliscor
|-fieldend|move: Acidic Terrain
|move|p2a: Moltres|Mystical Fire|p1a: Gliscor
|-damage|p1a: Gliscor|191\/352 tox
|-unboost|p1a: Gliscor|spa|1
|
|-heal|p1a: Gliscor|235\/352 tox|[from] ability: Poison Heal
|upkeep
|turn|5
|
|t:|1617541799
|switch|p2a: Billy|Ferrothorn, M|100\/100
|move|p1a: Gliscor|Roost|p1a: Gliscor
|-heal|p1a: Gliscor|352\/352 tox
|-singleturn|p1a: Gliscor|move: Roost
|
|upkeep
|turn|6
|c|☆Way of Bandana|Kinda scared
|c|☆Way of Bandana|Billy super strong
|
|t:|1617541823
|move|p1a: Gliscor|Earthquake|p2a: Billy
|-damage|p2a: Billy|75\/100
|move|p2a: Billy|Knock Off|p1a: Gliscor
|-damage|p1a: Gliscor|239\/352 tox
|-enditem|p1a: Gliscor|Toxic Orb|[from] move: Knock Off|[of] p2a: Billy
|
|-heal|p1a: Gliscor|283\/352 tox|[from] ability: Poison Heal
|upkeep
|turn|7
|
|t:|1617541836
|switch|p2a: Moltres|Moltres|100\/100
|move|p1a: Gliscor|Earthquake|p2a: Moltres
|-immune|p2a: Moltres
|
|-heal|p1a: Gliscor|327\/352 tox|[from] ability: Poison Heal
|upkeep
|turn|8
|
|t:|1617541846
|move|p1a: Gliscor|U-turn|p2a: Moltres
|-resisted|p2a: Moltres
|-damage|p2a: Moltres|98\/100
|
|t:|1617541850
|switch|p1a: Toxtricity|Toxtricity-Low-Key-Mega, M|314\/353
|-start|p1a: Toxtricity|typechange|Electric\/Poison|[silent]
|-status|p2a: Moltres|psn|[from] ability: Acid Rock|[of] p1a: Toxtricity
|move|p2a: Moltres|Scorching Sands|p1a: Toxtricity
|-supereffective|p1a: Toxtricity
|-damage|p1a: Toxtricity|146\/353
|
|-damage|p2a: Moltres|85\/100 psn|[from] psn
|upkeep
|turn|9
|c|☆Way of Bandana|Wow, theoretically a 3hko
|
|t:|1617541880
|switch|p1a: Gliscor|Gliscor, F|327\/352 tox
|move|p2a: Moltres|Scorching Sands|p1a: Gliscor
|-immune|p1a: Gliscor
|
|-heal|p1a: Gliscor|352\/352 tox|[from] ability: Poison Heal
|-damage|p2a: Moltres|73\/100 psn|[from] psn
|upkeep
|turn|10
|c|☆exploziff|for a x4 weakness that dope
|
|t:|1617541891
|move|p1a: Gliscor|U-turn|p2a: Moltres
|-resisted|p2a: Moltres
|-damage|p2a: Moltres|70\/100 psn
|
|t:|1617541895
|switch|p1a: Greninja|Greninja, M|285\/285
|move|p2a: Moltres|Mystical Fire|p1a: Greninja
|-resisted|p1a: Greninja
|-damage|p1a: Greninja|211\/285
|-unboost|p1a: Greninja|spa|1
|
|-damage|p2a: Moltres|58\/100 psn|[from] psn
|upkeep
|turn|11
|
|t:|1617541913
|switch|p2a: Bandana|Toxapex, M|100\/100
|move|p1a: Greninja|Hydro Pump|p2a: Bandana
|-start|p1a: Greninja|typechange|Water|[from] ability: Protean
|-resisted|p2a: Bandana
|-damage|p2a: Bandana|86\/100
|
|upkeep
|turn|12
|c|☆Way of Bandana|Nice
|
|t:|1617541925
|move|p1a: Greninja|U-turn|p2a: Bandana
|-start|p1a: Greninja|typechange|Bug|[from] ability: Protean
|-resisted|p2a: Bandana
|-damage|p2a: Bandana|77\/100
|
|t:|1617541932
|switch|p1a: Toxtricity|Toxtricity-Low-Key-Mega, M|146\/353
|-start|p1a: Toxtricity|typechange|Electric\/Poison|[silent]
|-ability|p1a: Toxtricity|Acid Rock
|-immune|p2a: Bandana
|move|p2a: Bandana|Knock Off|p1a: Toxtricity
|-damage|p1a: Toxtricity|78\/353
|
|upkeep
|turn|13
|c|☆exploziff|shot
|c|☆exploziff|i almost gone for liquid
|
|t:|1617541954
|switch|p2a: Landorus|Landorus-Therian, M|100\/100
|-ability|p2a: Landorus|Intimidate|boost
|-unboost|p1a: Toxtricity|atk|1
|move|p1a: Toxtricity|Slack Off|p1a: Toxtricity
|-heal|p1a: Toxtricity|255\/353
|
|upkeep
|turn|14
|c|☆Way of Bandana|I might actually believe this is really Bandana
|
|t:|1617541971
|switch|p1a: Gliscor|Gliscor, F|352\/352 tox
|move|p2a: Landorus|Stealth Rock|p1a: Gliscor
|-sidestart|p1: Way of Bandana|move: Stealth Rock
|
|upkeep
|turn|15
|
|t:|1617541977
|switch|p2a: Billy|Ferrothorn, M|75\/100
|move|p1a: Gliscor|Defog|p2a: Billy
|-unboost|p2a: Billy|evasion|1
|-sideend|p1: Way of Bandana|Stealth Rock|[from] move: Defog|[of] p1a: Gliscor
|
|upkeep
|turn|16
|c|☆Way of Bandana|I have some Def investment
|
|t:|1617541992
|move|p1a: Gliscor|Earthquake|p2a: Billy
|-damage|p2a: Billy|48\/100
|move|p2a: Billy|Gyro Ball|p1a: Gliscor
|-damage|p1a: Gliscor|84\/352 tox
|
|-heal|p1a: Gliscor|128\/352 tox|[from] ability: Poison Heal
|upkeep
|turn|17
|c|☆Way of Bandana|Omg
|
|t:|1617542016
|switch|p1a: Celesteela|Celesteela|398\/398
|switch|p2a: Moltres|Moltres|58\/100 psn
|
|-damage|p2a: Moltres|45\/100 psn|[from] psn
|upkeep
|turn|18
|
|t:|1617542025
|move|p2a: Moltres|Roost|p2a: Moltres
|-heal|p2a: Moltres|95\/100 psn
|-singleturn|p2a: Moltres|move: Roost
|move|p1a: Celesteela|Leech Seed|p2a: Moltres
|-start|p2a: Moltres|move: Leech Seed
|
|-damage|p2a: Moltres|83\/100 psn|[from] Leech Seed|[of] p1a: Celesteela
|-damage|p2a: Moltres|70\/100 psn|[from] psn
|upkeep
|turn|19
|c|☆exploziff|Billy can OHKO offensive gliscor
|
|t:|1617542039
|switch|p2a: Dragalge|Dragalge-Mega, F|85\/100
|-start|p2a: Dragalge|typechange|Poison\/Dragon|[silent]
|-fieldstart|move: Acidic Terrain|[from] ability: Acidic Surge|[of] p2a: Dragalge
|-message|Poison-type moves used by grounded Pokémon will have their power increased.
|-message|Grounded Steel-type Pokémon will also lose their immunity to Poison-type moves.
|switch|p1a: Greninja|Greninja, M|211\/285
|
|upkeep
|turn|20
|
|t:|1617542048
|switch|p2a: Bandana|Toxapex, M|100\/100
|move|p1a: Greninja|U-turn|p2a: Bandana
|-start|p1a: Greninja|typechange|Bug|[from] ability: Protean
|-resisted|p2a: Bandana
|-damage|p2a: Bandana|91\/100
|
|t:|1617542062
|switch|p1a: Ferrothorn|Ferrothorn, F|352\/352
|
|upkeep
|turn|21
|
|t:|1617542070
|move|p2a: Bandana|Knock Off|p1a: Ferrothorn
|-damage|p1a: Ferrothorn|271\/352
|-damage|p2a: Bandana|78\/100|[from] ability: Iron Barbs|[of] p1a: Ferrothorn
|-damage|p2a: Bandana|62\/100|[from] item: Rocky Helmet|[of] p1a: Ferrothorn
|-enditem|p1a: Ferrothorn|Rocky Helmet|[from] move: Knock Off|[of] p2a: Bandana
|move|p1a: Ferrothorn|Stealth Rock|p2a: Bandana
|-sidestart|p2: exploziff|move: Stealth Rock
|
|upkeep
|turn|22
|
|t:|1617542079
|switch|p2a: Moltres|Moltres|70\/100 psn
|move|p1a: Ferrothorn|Leech Seed|p2a: Moltres
|-start|p2a: Moltres|move: Leech Seed
|
|-damage|p2a: Moltres|58\/100 psn|[from] Leech Seed|[of] p1a: Ferrothorn
|-heal|p1a: Ferrothorn|319\/352|[silent]
|-damage|p2a: Moltres|45\/100 psn|[from] psn
|upkeep
|turn|23
|
|t:|1617542097
|switch|p1a: Greninja|Greninja, M|211\/285
|move|p2a: Moltres|Roost|p2a: Moltres
|-heal|p2a: Moltres|95\/100 psn
|-singleturn|p2a: Moltres|move: Roost
|
|-damage|p2a: Moltres|83\/100 psn|[from] Leech Seed|[of] p1a: Greninja
|-heal|p1a: Greninja|259\/285|[silent]
|-damage|p2a: Moltres|70\/100 psn|[from] psn
|-fieldend|move: Acidic Terrain
|upkeep
|turn|24
|
|t:|1617542109
|switch|p2a: Bandana|Toxapex, M|95\/100
|-damage|p2a: Bandana|83\/100|[from] Stealth Rock
|move|p1a: Greninja|Hydro Pump|p2a: Bandana|[miss]
|-start|p1a: Greninja|typechange|Water|[from] ability: Protean
|-miss|p1a: Greninja|p2a: Bandana
|
|upkeep
|turn|25
|j| SimpyShrimp
|
|t:|1617542119
|move|p1a: Greninja|U-turn|p2a: Bandana
|-start|p1a: Greninja|typechange|Bug|[from] ability: Protean
|-resisted|p2a: Bandana
|-damage|p2a: Bandana|73\/100
|
|t:|1617542125
|switch|p1a: Ferrothorn|Ferrothorn, F|319\/352
|move|p2a: Bandana|Toxic Spikes|p1a: Ferrothorn
|-sidestart|p1: Way of Bandana|move: Toxic Spikes
|
|upkeep
|turn|26
|
|t:|1617542134
|switch|p2a: Moltres|Moltres|70\/100 psn
|switch|p1a: Gliscor|Gliscor, F|128\/352 tox
|
|-heal|p1a: Gliscor|172\/352 tox|[from] ability: Poison Heal
|-damage|p2a: Moltres|58\/100 psn|[from] psn
|upkeep
|turn|27
|
|t:|1617542144
|move|p1a: Gliscor|Roost|p1a: Gliscor
|-heal|p1a: Gliscor|348\/352 tox
|-singleturn|p1a: Gliscor|move: Roost
|move|p2a: Moltres|Roost|p2a: Moltres
|-heal|p2a: Moltres|100\/100 psn
|-singleturn|p2a: Moltres|move: Roost
|
|-heal|p1a: Gliscor|352\/352 tox|[from] ability: Poison Heal
|-damage|p2a: Moltres|88\/100 psn|[from] psn
|upkeep
|turn|28
|
|t:|1617542162
|move|p1a: Gliscor|U-turn|p2a: Moltres
|-resisted|p2a: Moltres
|-damage|p2a: Moltres|85\/100 psn
|
|t:|1617542166
|switch|p1a: Celesteela|Celesteela|398\/398
|move|p2a: Moltres|Scorching Sands|p1a: Celesteela
|-immune|p1a: Celesteela
|
|-damage|p2a: Moltres|72\/100 psn|[from] psn
|upkeep
|turn|29
|c| SimpyShrimp|long battle
|c|☆exploziff|yeah
|
|t:|1617542178
|move|p2a: Moltres|Scorching Sands|p1a: Celesteela
|-immune|p1a: Celesteela
|move|p1a: Celesteela|Leech Seed|p2a: Moltres
|-start|p2a: Moltres|move: Leech Seed
|
|-damage|p2a: Moltres|60\/100 psn|[from] Leech Seed|[of] p1a: Celesteela
|-damage|p2a: Moltres|47\/100 psn|[from] psn
|upkeep
|turn|30
|
|t:|1617542192
|move|p2a: Moltres|Roost|p2a: Moltres
|-heal|p2a: Moltres|97\/100 psn
|-singleturn|p2a: Moltres|move: Roost
|move|p1a: Celesteela|Flamethrower|p2a: Moltres
|-resisted|p2a: Moltres
|-damage|p2a: Moltres|85\/100 psn
|
|-damage|p2a: Moltres|73\/100 psn|[from] Leech Seed|[of] p1a: Celesteela
|-damage|p2a: Moltres|60\/100 psn|[from] psn
|upkeep
|turn|31
|c|☆Way of Bandana|That tends to happen with this one
|
|t:|1617542216
|switch|p2a: Dragalge|Dragalge-Mega, F|85\/100
|-start|p2a: Dragalge|typechange|Poison\/Dragon|[silent]
|-damage|p2a: Dragalge|73\/100|[from] Stealth Rock
|-fieldstart|move: Acidic Terrain|[from] ability: Acidic Surge|[of] p2a: Dragalge
|-message|Poison-type moves used by grounded Pokémon will have their power increased.
|-message|Grounded Steel-type Pokémon will also lose their immunity to Poison-type moves.
|switch|p1a: Gliscor|Gliscor, F|352\/352 tox
|
|upkeep
|turn|32
|
|t:|1617542226
|switch|p2a: Moltres|Moltres|60\/100 psn
|move|p1a: Gliscor|Earthquake|p2a: Moltres
|-immune|p2a: Moltres
|
|-damage|p2a: Moltres|48\/100 psn|[from] psn
|upkeep
|turn|33
|
|t:|1617542238
|move|p1a: Gliscor|U-turn|p2a: Moltres
|-resisted|p2a: Moltres
|-damage|p2a: Moltres|45\/100 psn
|
|t:|1617542242
|switch|p1a: Toxtricity|Toxtricity-Low-Key-Mega, M|255\/353
|-start|p1a: Toxtricity|typechange|Electric\/Poison|[silent]
|-sideend|p1: Way of Bandana|move: Toxic Spikes|[of] p1a: Toxtricity
|move|p2a: Moltres|Roost|p2a: Moltres
|-heal|p2a: Moltres|95\/100 psn
|-singleturn|p2a: Moltres|move: Roost
|
|-damage|p2a: Moltres|83\/100 psn|[from] psn
|upkeep
|turn|34
|c| SimpyShrimp|forever battle
|
|t:|1617542262
|switch|p1a: Gliscor|Gliscor, F|352\/352 tox
|move|p2a: Moltres|Defog|p1a: Gliscor
|-unboost|p1a: Gliscor|evasion|1
|-sideend|p2: exploziff|Stealth Rock|[from] move: Defog|[of] p2a: Moltres
|-fieldend|move: Acidic Terrain
|
|-damage|p2a: Moltres|70\/100 psn|[from] psn
|upkeep
|turn|35
|c| SimpyShrimp|maybe this battle will end after i finish my dinner
|c|☆exploziff|x')
|
|t:|1617542275
|move|p1a: Gliscor|Defog|p2a: Moltres
|-unboost|p2a: Moltres|evasion|1
|move|p2a: Moltres|Mystical Fire|p1a: Gliscor
|-damage|p1a: Gliscor|238\/352 tox
|-unboost|p1a: Gliscor|spa|1
|
|-heal|p1a: Gliscor|282\/352 tox|[from] ability: Poison Heal
|-damage|p2a: Moltres|58\/100 psn|[from] psn
|upkeep
|turn|36
|
|t:|1617542287
|move|p1a: Gliscor|U-turn|p2a: Moltres
|-resisted|p2a: Moltres
|-damage|p2a: Moltres|55\/100 psn
|
|t:|1617542291
|switch|p1a: Greninja|Greninja, M|259\/285
|move|p2a: Moltres|Roost|p2a: Moltres
|-heal|p2a: Moltres|100\/100 psn
|-singleturn|p2a: Moltres|move: Roost
|
|-damage|p2a: Moltres|88\/100 psn|[from] psn
|upkeep
|turn|37
|
|t:|1617542305
|switch|p2a: Dragalge|Dragalge-Mega, F|73\/100
|-start|p2a: Dragalge|typechange|Poison\/Dragon|[silent]
|-fieldstart|move: Acidic Terrain|[from] ability: Acidic Surge|[of] p2a: Dragalge
|-message|Poison-type moves used by grounded Pokémon will have their power increased.
|-message|Grounded Steel-type Pokémon will also lose their immunity to Poison-type moves.
|move|p1a: Greninja|Hydro Pump|p2a: Dragalge|[miss]
|-start|p1a: Greninja|typechange|Water|[from] ability: Protean
|-miss|p1a: Greninja|p2a: Dragalge
|
|upkeep
|turn|38
|
|t:|1617542316
|switch|p2a: Bandana|Toxapex, M|100\/100
|move|p1a: Greninja|U-turn|p2a: Bandana
|-start|p1a: Greninja|typechange|Bug|[from] ability: Protean
|-resisted|p2a: Bandana
|-damage|p2a: Bandana|92\/100
|
|t:|1617542325
|switch|p1a: Ferrothorn|Ferrothorn, F|319\/352
|
|upkeep
|turn|39
|
|t:|1617542331
|move|p2a: Bandana|Gunk Shot|p1a: Ferrothorn
|-supereffective|p1a: Ferrothorn
|-damage|p1a: Ferrothorn|0 fnt
|faint|p1a: Ferrothorn
|
|upkeep
|c|☆exploziff|letsgo
|c|☆Way of Bandana|Oh I forgot
|
|t:|1617542356
|switch|p1a: Celesteela|Celesteela|398\/398
|turn|40
|
|t:|1617542362
|switch|p2a: Moltres|Moltres|88\/100 psn
|move|p1a: Celesteela|Leech Seed|p2a: Moltres
|-start|p2a: Moltres|move: Leech Seed
|
|-damage|p2a: Moltres|75\/100 psn|[from] Leech Seed|[of] p1a: Celesteela
|-damage|p2a: Moltres|63\/100 psn|[from] psn
|upkeep
|turn|41
|
|t:|1617542374
|switch|p1a: Victini|Victini|341\/341
|move|p2a: Moltres|Mystical Fire|p1a: Victini
|-resisted|p1a: Victini
|-damage|p1a: Victini|283\/341
|-unboost|p1a: Victini|spa|1
|
|-damage|p2a: Moltres|50\/100 psn|[from] Leech Seed|[of] p1a: Victini
|-heal|p1a: Victini|331\/341|[silent]
|-damage|p2a: Moltres|38\/100 psn|[from] psn
|-fieldend|move: Acidic Terrain
|upkeep
|turn|42
|
|t:|1617542386
|switch|p2a: Landorus|Landorus-Therian, M|100\/100
|-ability|p2a: Landorus|Intimidate|boost
|-unboost|p1a: Victini|atk|1
|move|p1a: Victini|U-turn|p2a: Landorus
|-resisted|p2a: Landorus
|-damage|p2a: Landorus|93\/100
|
|t:|1617542394
|switch|p1a: Gliscor|Gliscor, F|282\/352 tox
|
|-heal|p1a: Gliscor|326\/352 tox|[from] ability: Poison Heal
|upkeep
|turn|43
|
|t:|1617542402
|move|p2a: Landorus|Stealth Rock|p1a: Gliscor
|-sidestart|p1: Way of Bandana|move: Stealth Rock
|move|p1a: Gliscor|Defog|p2a: Landorus
|-unboost|p2a: Landorus|evasion|1
|-sideend|p1: Way of Bandana|Stealth Rock|[from] move: Defog|[of] p1a: Gliscor
|
|-heal|p1a: Gliscor|352\/352 tox|[from] ability: Poison Heal
|upkeep
|turn|44
|
|t:|1617542411
|switch|p1a: Toxtricity|Toxtricity-Low-Key-Mega, M|255\/353
|-start|p1a: Toxtricity|typechange|Electric\/Poison|[silent]
|-status|p2a: Landorus|psn|[from] ability: Acid Rock|[of] p1a: Toxtricity
|move|p2a: Landorus|Stealth Rock|p1a: Toxtricity
|-sidestart|p1: Way of Bandana|move: Stealth Rock
|
|-damage|p2a: Landorus|80\/100 psn|[from] psn
|upkeep
|turn|45
|
|t:|1617542425
|switch|p2a: Billy|Ferrothorn, M|48\/100
|move|p1a: Toxtricity|Protect||[still]
|-fail|p1a: Toxtricity
|
|upkeep
|turn|46
|
|t:|1617542436
|move|p1a: Toxtricity|Protect|p1a: Toxtricity
|-singleturn|p1a: Toxtricity|Protect
|move|p2a: Billy|Knock Off|p1a: Toxtricity
|-activate|p1a: Toxtricity|move: Protect
|
|upkeep
|turn|47
|
|t:|1617542444
|move|p1a: Toxtricity|Slack Off|p1a: Toxtricity
|-heal|p1a: Toxtricity|353\/353
|move|p2a: Billy|Knock Off|p1a: Toxtricity
|-damage|p1a: Toxtricity|260\/353
|
|upkeep
|turn|48
|
|t:|1617542451
|move|p1a: Toxtricity|Volt Switch|p2a: Billy
|-resisted|p2a: Billy
|-damage|p2a: Billy|36\/100
|
|t:|1617542454
|switch|p1a: Gliscor|Gliscor, F|352\/352 tox
|-damage|p1a: Gliscor|308\/352 tox|[from] Stealth Rock
|move|p2a: Billy|Knock Off|p1a: Gliscor
|-crit|p1a: Gliscor
|-damage|p1a: Gliscor|193\/352 tox
|
|-heal|p1a: Gliscor|237\/352 tox|[from] ability: Poison Heal
|upkeep
|turn|49
|
|t:|1617542465
|switch|p2a: Porygon-Z|Porygon-Z|100\/100
|move|p1a: Gliscor|Defog|p2a: Porygon-Z
|-unboost|p2a: Porygon-Z|evasion|1
|-sideend|p1: Way of Bandana|Stealth Rock|[from] move: Defog|[of] p1a: Gliscor
|
|-heal|p1a: Gliscor|281\/352 tox|[from] ability: Poison Heal
|upkeep
|turn|50
|
|t:|1617542475
|switch|p2a: Landorus|Landorus-Therian, M|80\/100 psn
|-ability|p2a: Landorus|Intimidate|boost
|-unboost|p1a: Gliscor|atk|1
|switch|p1a: Toxtricity|Toxtricity-Low-Key-Mega, M|260\/353
|-start|p1a: Toxtricity|typechange|Electric\/Poison|[silent]
|
|-damage|p2a: Landorus|68\/100 psn|[from] psn
|upkeep
|turn|51
|
|t:|1617542486
|switch|p1a: Gliscor|Gliscor, F|281\/352 tox
|move|p2a: Landorus|U-turn|p1a: Gliscor
|-resisted|p1a: Gliscor
|-damage|p1a: Gliscor|245\/352 tox
|
|t:|1617542493
|switch|p2a: Billy|Ferrothorn, M|36\/100|[from]move: U-turn
|
|-heal|p1a: Gliscor|289\/352 tox|[from] ability: Poison Heal
|upkeep
|turn|52
|
|t:|1617542505
|switch|p1a: Celesteela|Celesteela|398\/398
|move|p2a: Billy|Gyro Ball|p1a: Celesteela
|-resisted|p1a: Celesteela
|-damage|p1a: Celesteela|303\/398
|
|-heal|p1a: Celesteela|327\/398|[from] item: Leftovers
|upkeep
|turn|53
|
|t:|1617542515
|switch|p2a: Bandana|Toxapex, M|100\/100
|move|p1a: Celesteela|Leech Seed|p2a: Bandana
|-start|p2a: Bandana|move: Leech Seed
|
|-heal|p1a: Celesteela|351\/398|[from] item: Leftovers
|-damage|p2a: Bandana|88\/100|[from] Leech Seed|[of] p1a: Celesteela
|-heal|p1a: Celesteela|388\/398|[silent]
|upkeep
|turn|54
|c|☆Way of Bandana|Dragalge and Bandana is a cool combo
|
|t:|1617542534
|move|p1a: Celesteela|Protect|p1a: Celesteela
|-singleturn|p1a: Celesteela|Protect
|move|p2a: Bandana|Knock Off|p1a: Celesteela
|-activate|p1a: Celesteela|move: Protect
|
|-heal|p1a: Celesteela|398\/398|[from] item: Leftovers
|-damage|p2a: Bandana|76\/100|[from] Leech Seed|[of] p1a: Celesteela
|upkeep
|turn|55
|c|☆exploziff|yeah ^^
|
|t:|1617542544
|switch|p1a: Gliscor|Gliscor, F|289\/352 tox
|switch|p2a: Moltres|Moltres|38\/100 psn
|
|-heal|p1a: Gliscor|333\/352 tox|[from] ability: Poison Heal
|-damage|p2a: Moltres|25\/100 psn|[from] psn
|upkeep
|turn|56
|
|t:|1617542554
|move|p1a: Gliscor|U-turn|p2a: Moltres
|-resisted|p2a: Moltres
|-damage|p2a: Moltres|23\/100 psn
|
|t:|1617542560
|switch|p1a: Greninja|Greninja, M|259\/285
|move|p2a: Moltres|Roost|p2a: Moltres
|-heal|p2a: Moltres|73\/100 psn
|-singleturn|p2a: Moltres|move: Roost
|
|-damage|p2a: Moltres|60\/100 psn|[from] psn
|upkeep
|turn|57
|
|t:|1617542570
|switch|p2a: Billy|Ferrothorn, M|36\/100
|move|p1a: Greninja|Spikes|p2a: Billy
|-start|p1a: Greninja|typechange|Ground|[from] ability: Protean
|-sidestart|p2: exploziff|Spikes
|
|upkeep
|turn|58
|
|t:|1617542583
|move|p1a: Greninja|U-turn|p2a: Billy
|-start|p1a: Greninja|typechange|Bug|[from] ability: Protean
|-damage|p2a: Billy|18\/100
|-damage|p1a: Greninja|224\/285|[from] ability: Iron Barbs|[of] p2a: Billy
|
|t:|1617542593
|switch|p1a: Celesteela|Celesteela|398\/398
|move|p2a: Billy|Power Whip|p1a: Celesteela
|-resisted|p1a: Celesteela
|-damage|p1a: Celesteela|328\/398
|
|-heal|p1a: Celesteela|352\/398|[from] item: Leftovers
|upkeep
|turn|59
|
|t:|1617542603
|switch|p2a: Moltres|Moltres|60\/100 psn
|move|p1a: Celesteela|Leech Seed|p2a: Moltres
|-start|p2a: Moltres|move: Leech Seed
|
|-heal|p1a: Celesteela|376\/398|[from] item: Leftovers
|-damage|p2a: Moltres|48\/100 psn|[from] Leech Seed|[of] p1a: Celesteela
|-heal|p1a: Celesteela|398\/398|[silent]
|-damage|p2a: Moltres|35\/100 psn|[from] psn
|upkeep
|turn|60
|
|t:|1617542614
|switch|p1a: Greninja|Greninja, M|224\/285
|move|p2a: Moltres|Roost|p2a: Moltres
|-heal|p2a: Moltres|85\/100 psn
|-singleturn|p2a: Moltres|move: Roost
|
|-damage|p2a: Moltres|73\/100 psn|[from] Leech Seed|[of] p1a: Greninja
|-heal|p1a: Greninja|272\/285|[silent]
|-damage|p2a: Moltres|60\/100 psn|[from] psn
|upkeep
|turn|61
|
|t:|1617542626
|switch|p2a: Bandana|Toxapex, M|100\/100
|-damage|p2a: Bandana|88\/100|[from] Spikes
|move|p1a: Greninja|Hydro Pump|p2a: Bandana
|-start|p1a: Greninja|typechange|Water|[from] ability: Protean
|-resisted|p2a: Bandana
|-damage|p2a: Bandana|68\/100
|
|upkeep
|turn|62
|
|t:|1617542636
|move|p1a: Greninja|U-turn|p2a: Bandana
|-start|p1a: Greninja|typechange|Bug|[from] ability: Protean
|-resisted|p2a: Bandana
|-damage|p2a: Bandana|60\/100
|
|t:|1617542641
|switch|p1a: Toxtricity|Toxtricity-Low-Key-Mega, M|260\/353
|-start|p1a: Toxtricity|typechange|Electric\/Poison|[silent]
|-ability|p1a: Toxtricity|Acid Rock
|-immune|p2a: Bandana
|move|p2a: Bandana|Knock Off|p1a: Toxtricity
|-damage|p1a: Toxtricity|181\/353
|
|upkeep
|turn|63
|
|t:|1617542657
|switch|p2a: Landorus|Landorus-Therian, M|68\/100 psn
|-ability|p2a: Landorus|Intimidate|boost
|-unboost|p1a: Toxtricity|atk|1
|move|p1a: Toxtricity|Slack Off|p1a: Toxtricity
|-heal|p1a: Toxtricity|353\/353
|
|-damage|p2a: Landorus|56\/100 psn|[from] psn
|upkeep
|turn|64
|
|t:|1617542672
|move|p1a: Toxtricity|Protect|p1a: Toxtricity
|-singleturn|p1a: Toxtricity|Protect
|move|p2a: Landorus|Stealth Rock|p1a: Toxtricity
|-sidestart|p1: Way of Bandana|move: Stealth Rock
|
|-damage|p2a: Landorus|44\/100 psn|[from] psn
|upkeep
|turn|65
|
|t:|1617542680
|switch|p2a: Dragalge|Dragalge-Mega, F|73\/100
|-damage|p2a: Dragalge|61\/100|[from] Spikes
|-start|p2a: Dragalge|typechange|Poison\/Dragon|[silent]
|-fieldstart|move: Acidic Terrain|[from] ability: Acidic Surge|[of] p2a: Dragalge
|-message|Poison-type moves used by grounded Pokémon will have their power increased.
|-message|Grounded Steel-type Pokémon will also lose their immunity to Poison-type moves.
|move|p1a: Toxtricity|Volt Switch|p2a: Dragalge
|-resisted|p2a: Dragalge
|-damage|p2a: Dragalge|52\/100
|
|t:|1617542690
|switch|p1a: Gliscor|Gliscor, F|333\/352 tox
|-damage|p1a: Gliscor|289\/352 tox|[from] Stealth Rock
|
|-heal|p1a: Gliscor|333\/352 tox|[from] ability: Poison Heal
|upkeep
|turn|66
|
|t:|1617542698
|switch|p2a: Moltres|Moltres|60\/100 psn
|move|p1a: Gliscor|Earthquake|p2a: Moltres
|-immune|p2a: Moltres
|
|-heal|p1a: Gliscor|352\/352 tox|[from] ability: Poison Heal
|-damage|p2a: Moltres|48\/100 psn|[from] psn
|upkeep
|turn|67
|
|t:|1617542708
|move|p1a: Gliscor|Defog|p2a: Moltres
|-unboost|p2a: Moltres|evasion|1
|-sideend|p2: exploziff|Spikes|[from] move: Defog|[of] p1a: Gliscor
|-sideend|p1: Way of Bandana|Stealth Rock|[from] move: Defog|[of] p1a: Gliscor
|-fieldend|move: Acidic Terrain
|move|p2a: Moltres|Roost|p2a: Moltres
|-heal|p2a: Moltres|98\/100 psn
|-singleturn|p2a: Moltres|move: Roost
|
|-damage|p2a: Moltres|85\/100 psn|[from] psn
|upkeep
|turn|68
|
|t:|1617542722
|move|p1a: Gliscor|U-turn|p2a: Moltres
|-resisted|p2a: Moltres
|-damage|p2a: Moltres|83\/100 psn
|
|t:|1617542727
|switch|p1a: Victini|Victini|331\/341
|move|p2a: Moltres|Scorching Sands|p1a: Victini
|-supereffective|p1a: Victini
|-damage|p1a: Victini|195\/341
|
|-damage|p2a: Moltres|70\/100 psn|[from] psn
|upkeep
|turn|69
|
|t:|1617542737
|switch|p2a: Billy|Ferrothorn, M|18\/100
|move|p1a: Victini|Bolt Strike|p2a: Billy
|-resisted|p2a: Billy
|-damage|p2a: Billy|3\/100
|-damage|p1a: Victini|153\/341|[from] ability: Iron Barbs|[of] p2a: Billy
|
|upkeep
|turn|70
|
|t:|1617542745
|move|p1a: Victini|Bolt Strike|p2a: Billy
|-resisted|p2a: Billy
|-damage|p2a: Billy|0 fnt
|-damage|p1a: Victini|111\/341|[from] ability: Iron Barbs|[of] p2a: Billy
|faint|p2a: Billy
|
|upkeep
|
|t:|1617542748
|switch|p2a: Landorus|Landorus-Therian, M|44\/100 psn
|-ability|p2a: Landorus|Intimidate|boost
|-unboost|p1a: Victini|atk|1
|turn|71
|c| SimpyShrimp|finally
|c|☆Way of Bandana|Funny how both ferro are gone
|c| SimpyShrimp|exploziff loss one mon
|
|t:|1617542769
|switch|p1a: Gliscor|Gliscor, F|352\/352 tox
|move|p2a: Landorus|U-turn|p1a: Gliscor
|-resisted|p1a: Gliscor
|-damage|p1a: Gliscor|317\/352 tox
|
|t:|1617542777
|switch|p2a: Bandana|Toxapex, M|93\/100|[from]move: U-turn
|
|-heal|p1a: Gliscor|352\/352 tox|[from] ability: Poison Heal
|upkeep
|turn|72
|c| SimpyShrimp|oh
|
|t:|1617542785
|move|p1a: Gliscor|U-turn|p2a: Bandana
|-resisted|p2a: Bandana
|-damage|p2a: Bandana|87\/100
|
|t:|1617542788
|switch|p1a: Toxtricity|Toxtricity-Low-Key-Mega, M|353\/353
|-start|p1a: Toxtricity|typechange|Electric\/Poison|[silent]
|-ability|p1a: Toxtricity|Acid Rock
|-immune|p2a: Bandana
|move|p2a: Bandana|Liquidation|p1a: Toxtricity
|-damage|p1a: Toxtricity|206\/353
|
|upkeep
|turn|73
|c| SimpyShrimp|bandana cultist being threaten by bandana
|
|t:|1617542805
|move|p1a: Toxtricity|Protect|p1a: Toxtricity
|-singleturn|p1a: Toxtricity|Protect
|move|p2a: Bandana|Liquidation|p1a: Toxtricity
|-activate|p1a: Toxtricity|move: Protect
|
|upkeep
|turn|74
|
|t:|1617542816
|move|p1a: Toxtricity|Volt Switch|p2a: Bandana
|-supereffective|p2a: Bandana
|-damage|p2a: Bandana|44\/100
|c|☆exploziff|actually with ferro gone bandana look really good
|
|t:|1617542821
|switch|p1a: Celesteela|Celesteela|398\/398
|move|p2a: Bandana|Liquidation|p1a: Celesteela
|-damage|p1a: Celesteela|256\/398
|-unboost|p1a: Celesteela|def|1
|
|-heal|p1a: Celesteela|280\/398|[from] item: Leftovers
|upkeep
|turn|75
|c|☆Way of Bandana|This does a lot more than I would like
|
|t:|1617542843
|move|p1a: Celesteela|Leech Seed|p2a: Bandana
|-start|p2a: Bandana|move: Leech Seed
|move|p2a: Bandana|Liquidation|p1a: Celesteela
|-damage|p1a: Celesteela|51\/398
|
|-heal|p1a: Celesteela|75\/398|[from] item: Leftovers
|-damage|p2a: Bandana|32\/100|[from] Leech Seed|[of] p1a: Celesteela
|-heal|p1a: Celesteela|112\/398|[silent]
|upkeep
|turn|76
|c| SimpyShrimp|that does
|
|t:|1617542857
|switch|p1a: Greninja|Greninja, M|272\/285
|move|p2a: Bandana|Liquidation|p1a: Greninja
|-resisted|p1a: Greninja
|-damage|p1a: Greninja|155\/285
|
|-damage|p2a: Bandana|19\/100|[from] Leech Seed|[of] p1a: Greninja
|-heal|p1a: Greninja|192\/285|[silent]
|upkeep
|turn|77
|
|t:|1617542871
|switch|p2a: Dragalge|Dragalge-Mega, F|52\/100
|-start|p2a: Dragalge|typechange|Poison\/Dragon|[silent]
|-fieldstart|move: Acidic Terrain|[from] ability: Acidic Surge|[of] p2a: Dragalge
|-message|Poison-type moves used by grounded Pokémon will have their power increased.
|-message|Grounded Steel-type Pokémon will also lose their immunity to Poison-type moves.
|move|p1a: Greninja|Hydro Pump|p2a: Dragalge|[miss]
|-start|p1a: Greninja|typechange|Water|[from] ability: Protean
|-miss|p1a: Greninja|p2a: Dragalge
|
|upkeep
|turn|78
|
|t:|1617542882
|move|p1a: Greninja|Ice Beam|p2a: Dragalge
|-start|p1a: Greninja|typechange|Ice|[from] ability: Protean
|-supereffective|p2a: Dragalge
|-damage|p2a: Dragalge|0 fnt
|faint|p2a: Dragalge
|
|upkeep
|
|t:|1617542887
|switch|p2a: Bandana|Toxapex, M|53\/100
|turn|79
|c| SimpyShrimp|oh no
|
|t:|1617542894
|move|p1a: Greninja|U-turn|p2a: Bandana
|-start|p1a: Greninja|typechange|Bug|[from] ability: Protean
|-resisted|p2a: Bandana
|-damage|p2a: Bandana|43\/100
|
|t:|1617542900
|switch|p1a: Toxtricity|Toxtricity-Low-Key-Mega, M|206\/353
|-start|p1a: Toxtricity|typechange|Electric\/Poison|[silent]
|-ability|p1a: Toxtricity|Acid Rock
|-immune|p2a: Bandana
|move|p2a: Bandana|Liquidation|p1a: Toxtricity
|-damage|p1a: Toxtricity|59\/353
|-unboost|p1a: Toxtricity|def|1
|
|upkeep
|turn|80
|c| SimpyShrimp|gunk shot?
|
|t:|1617542917
|switch|p2a: Landorus|Landorus-Therian, M|44\/100 psn
|-ability|p2a: Landorus|Intimidate|boost
|-unboost|p1a: Toxtricity|atk|1
|move|p1a: Toxtricity|Volt Switch|p2a: Landorus
|-immune|p2a: Landorus
|
|-damage|p2a: Landorus|32\/100 psn|[from] psn
|upkeep
|turn|81
|
|t:|1617542928
|move|p1a: Toxtricity|Protect|p1a: Toxtricity
|-singleturn|p1a: Toxtricity|Protect
|move|p2a: Landorus|Earthquake|p1a: Toxtricity
|-activate|p1a: Toxtricity|move: Protect
|
|-damage|p2a: Landorus|19\/100 psn|[from] psn
|-fieldend|move: Acidic Terrain
|upkeep
|turn|82
|
|t:|1617542939
|switch|p1a: Celesteela|Celesteela|112\/398
|move|p2a: Landorus|Earthquake|p1a: Celesteela
|-immune|p1a: Celesteela
|
|-heal|p1a: Celesteela|136\/398|[from] item: Leftovers
|-damage|p2a: Landorus|7\/100 psn|[from] psn
|upkeep
|turn|83
|
|t:|1617542949
|switch|p2a: Moltres|Moltres|70\/100 psn
|move|p1a: Celesteela|Leech Seed|p2a: Moltres
|-start|p2a: Moltres|move: Leech Seed
|
|-heal|p1a: Celesteela|160\/398|[from] item: Leftovers
|-damage|p2a: Moltres|58\/100 psn|[from] Leech Seed|[of] p1a: Celesteela
|-heal|p1a: Celesteela|208\/398|[silent]
|-damage|p2a: Moltres|45\/100 psn|[from] psn
|upkeep
|turn|84
|
|t:|1617542962
|switch|p1a: Greninja|Greninja, M|192\/285
|move|p2a: Moltres|Mystical Fire|p1a: Greninja
|-resisted|p1a: Greninja
|-damage|p1a: Greninja|127\/285
|-unboost|p1a: Greninja|spa|1
|
|-damage|p2a: Moltres|33\/100 psn|[from] Leech Seed|[of] p1a: Greninja
|-heal|p1a: Greninja|175\/285|[silent]
|-damage|p2a: Moltres|20\/100 psn|[from] psn
|upkeep
|turn|85
|
|t:|1617542985
|move|p1a: Greninja|Ice Beam|p2a: Moltres
|-start|p1a: Greninja|typechange|Ice|[from] ability: Protean
|-damage|p2a: Moltres|0 fnt
|faint|p2a: Moltres
|
|upkeep
|
|t:|1617542990
|switch|p2a: Bandana|Toxapex, M|76\/100
|turn|86
|c|☆Way of Bandana|Bandana the real threat
|c|☆Way of Bandana|Lmao
|
|t:|1617543012
|move|p1a: Greninja|U-turn|p2a: Bandana
|-start|p1a: Greninja|typechange|Bug|[from] ability: Protean
|-resisted|p2a: Bandana
|-damage|p2a: Bandana|67\/100
|c|☆exploziff|it's like super threatenening
|
|t:|1617543020
|switch|p1a: Celesteela|Celesteela|208\/398
|move|p2a: Bandana|Liquidation|p1a: Celesteela
|-damage|p1a: Celesteela|48\/398
|
|-heal|p1a: Celesteela|72\/398|[from] item: Leftovers
|upkeep
|turn|87
|l| SimpyShrimp
|
|t:|1617543029
|move|p1a: Celesteela|Protect|p1a: Celesteela
|-singleturn|p1a: Celesteela|Protect
|move|p2a: Bandana|Liquidation|p1a: Celesteela
|-activate|p1a: Celesteela|move: Protect
|
|-heal|p1a: Celesteela|96\/398|[from] item: Leftovers
|upkeep
|turn|88
|
|t:|1617543044
|move|p1a: Celesteela|Leech Seed|p2a: Bandana
|-start|p2a: Bandana|move: Leech Seed
|move|p2a: Bandana|Liquidation|p1a: Celesteela
|-damage|p1a: Celesteela|0 fnt
|faint|p1a: Celesteela
|
|upkeep
|
|t:|1617543052
|switch|p1a: Toxtricity|Toxtricity-Low-Key-Mega, M|59\/353
|-start|p1a: Toxtricity|typechange|Electric\/Poison|[silent]
|-ability|p1a: Toxtricity|Acid Rock
|-immune|p2a: Bandana
|turn|89
|
|t:|1617543058
|move|p1a: Toxtricity|Slack Off|p1a: Toxtricity
|-heal|p1a: Toxtricity|236\/353
|move|p2a: Bandana|Liquidation|p1a: Toxtricity
|-damage|p1a: Toxtricity|88\/353
|
|-damage|p2a: Bandana|55\/100|[from] Leech Seed|[of] p1a: Toxtricity
|-heal|p1a: Toxtricity|125\/353|[silent]
|upkeep
|turn|90
|
|t:|1617543068
|move|p1a: Toxtricity|Slack Off|p1a: Toxtricity
|-heal|p1a: Toxtricity|302\/353
|move|p2a: Bandana|Liquidation|p1a: Toxtricity
|-damage|p1a: Toxtricity|154\/353
|-unboost|p1a: Toxtricity|def|1
|
|-damage|p2a: Bandana|43\/100|[from] Leech Seed|[of] p1a: Toxtricity
|-heal|p1a: Toxtricity|191\/353|[silent]
|upkeep
|turn|91
|
|t:|1617543080
|move|p1a: Toxtricity|Volt Switch|p2a: Bandana
|-supereffective|p2a: Bandana
|-damage|p2a: Bandana|0 fnt
|faint|p2a: Bandana
|c|☆exploziff|shot
|
|t:|1617543087
|switch|p1a: Victini|Victini|111\/341
|
|upkeep
|
|t:|1617543090
|switch|p2a: Landorus|Landorus-Therian, M|7\/100 psn
|-ability|p2a: Landorus|Intimidate|boost
|-unboost|p1a: Victini|atk|1
|turn|92
|
|t:|1617543099
|move|p1a: Victini|V-create|p2a: Landorus
|-damage|p2a: Landorus|0 fnt
|-unboost|p1a: Victini|spe|1
|-unboost|p1a: Victini|def|1
|-unboost|p1a: Victini|spd|1
|faint|p2a: Landorus
|
|upkeep
|
|t:|1617543101
|switch|p2a: Porygon-Z|Porygon-Z|100\/100
|turn|93
|
|t:|1617543109
|switch|p1a: Toxtricity|Toxtricity-Low-Key-Mega, M|191\/353
|-start|p1a: Toxtricity|typechange|Electric\/Poison|[silent]
|-status|p2a: Porygon-Z|psn|[from] ability: Acid Rock|[of] p1a: Toxtricity
|-zpower|p2a: Porygon-Z
|move|p2a: Porygon-Z|Z-Conversion|p2a: Porygon-Z|[anim]Conversion
|-boost|p2a: Porygon-Z|atk|1|[zeffect]
|-boost|p2a: Porygon-Z|def|1|[zeffect]
|-boost|p2a: Porygon-Z|spa|1|[zeffect]
|-boost|p2a: Porygon-Z|spd|1|[zeffect]
|-boost|p2a: Porygon-Z|spe|1|[zeffect]
|-start|p2a: Porygon-Z|typechange|Electric
|
|-damage|p2a: Porygon-Z|88\/100 psn|[from] psn
|upkeep
|turn|94
|
|t:|1617543123
|move|p2a: Porygon-Z|Ice Beam|p1a: Toxtricity
|-damage|p1a: Toxtricity|83\/353
|move|p1a: Toxtricity|Slack Off|p1a: Toxtricity
|-heal|p1a: Toxtricity|260\/353
|
|-damage|p2a: Porygon-Z|76\/100 psn|[from] psn
|upkeep
|turn|95
|c|☆exploziff|freeze ?
|
|t:|1617543131
|move|p1a: Toxtricity|Protect|p1a: Toxtricity
|-singleturn|p1a: Toxtricity|Protect
|move|p2a: Porygon-Z|Ice Beam|p1a: Toxtricity
|-activate|p1a: Toxtricity|move: Protect
|
|-damage|p2a: Porygon-Z|64\/100 psn|[from] psn
|upkeep
|turn|96
|
|t:|1617543140
|move|p2a: Porygon-Z|Ice Beam|p1a: Toxtricity
|-damage|p1a: Toxtricity|155\/353
|move|p1a: Toxtricity|Slack Off|p1a: Toxtricity
|-heal|p1a: Toxtricity|332\/353
|
|-damage|p2a: Porygon-Z|52\/100 psn|[from] psn
|upkeep
|turn|97
|
|t:|1617543148
|move|p1a: Toxtricity|Protect|p1a: Toxtricity
|-singleturn|p1a: Toxtricity|Protect
|move|p2a: Porygon-Z|Recover|p2a: Porygon-Z
|-heal|p2a: Porygon-Z|100\/100 psn
|
|-damage|p2a: Porygon-Z|88\/100 psn|[from] psn
|upkeep
|turn|98
|
|t:|1617543157
|move|p2a: Porygon-Z|Ice Beam|p1a: Toxtricity
|-damage|p1a: Toxtricity|240\/353
|move|p1a: Toxtricity|Sludge Bomb|p2a: Porygon-Z
|-damage|p2a: Porygon-Z|57\/100 psn
|
|-damage|p2a: Porygon-Z|45\/100 psn|[from] psn
|upkeep
|turn|99
|
|t:|1617543166
|move|p2a: Porygon-Z|Ice Beam|p1a: Toxtricity
|-damage|p1a: Toxtricity|141\/353
|move|p1a: Toxtricity|Sludge Bomb|p2a: Porygon-Z
|-damage|p2a: Porygon-Z|15\/100 psn
|
|-damage|p2a: Porygon-Z|2\/100 psn|[from] psn
|upkeep
|turn|100
|
|t:|1617543175
|move|p2a: Porygon-Z|Recover|p2a: Porygon-Z
|-heal|p2a: Porygon-Z|53\/100 psn
|move|p1a: Toxtricity|Volt Switch|p2a: Porygon-Z
|-resisted|p2a: Porygon-Z
|-damage|p2a: Porygon-Z|41\/100 psn
|
|t:|1617543181
|switch|p1a: Victini|Victini|111\/341
|
|-damage|p2a: Porygon-Z|29\/100 psn|[from] psn
|upkeep
|turn|101
|
|t:|1617543188
|move|p1a: Victini|V-create|p2a: Porygon-Z
|-damage|p2a: Porygon-Z|0 fnt
|-unboost|p1a: Victini|spe|1
|-unboost|p1a: Victini|def|1
|-unboost|p1a: Victini|spd|1
|faint|p2a: Porygon-Z
|
|win|Way of Bandana
|c|☆exploziff|gg
|c|☆Way of Bandana|Gg
|c|☆Way of Bandana|Cool battle
|c|☆exploziff|i didn't manage to find the righ time to setup p-z
|c|☆Way of Bandana|I have to show Paul that Bandana
|c|☆exploziff|yeah that Bandana put so much work x)
|c|☆Way of Bandana|Really cool if you to use that
|c|☆Way of Bandana|Made my day :D
|c|☆exploziff|i wanted to make a Billy x Bandana team</script>
</div>
<div class="battle-log battle-log-inline"><div class="inner"><div class="battle-options"><div style="padding-top: 3px; padding-right: 3px; text-align: right"><button class="icon button" name="openBattleOptions" title="Options">Battle Options</button></div></div><div class="inner message-log"><div class="chat"><small>☆Way of Bandana and ☆exploziff joined</small></div><div class=""><small>Format:</small> <br><strong>[Gen 8] Megas for All</strong></div><div class=""><small><em>HP Percentage Mod:</em> HP is shown in percentages</small></div><div class=""><small><em>Endless Battle Clause:</em> Forcing endless battles is banned</small></div><div class=""><small><em>OHKO Clause:</em> OHKO moves are banned</small></div><div class=""><small><em>Evasion Moves Clause:</em> Evasion moves are banned</small></div><div class=""><small><em>Species Clause:</em> Limit one of each Pokémon</small></div><div class=""><small><em>Dynamax Clause:</em> You cannot dynamax</small></div><div class=""><small><em>Sleep Clause Mod:</em> Limit one foe put to sleep</small></div><div class=""><small><em>Freeze Clause Mod:</em> Limit one foe frozen</small></div><div class="chat"><img src="https://www.smogon.com/forums/attachments/banner_2-png.302358/" height="65" width="381"></div><div class="spacer battle-history"><br></div><div class="battle-history"><small>Welcome to Megas for All!</small><br></div><div class="battle-history"><small>This is a National Dex-based format where we aim to give a new Mega Evolution to every Pokémon.</small><br></div><div class="battle-history"><small>Just like any official format, you can still only Mega Evolve one Pokémon per team!</small><br></div><div class="battle-history"><small>You can find our thread and metagame resources here:</small><br></div><div class="battle-history"><small>https://www.smogon.com/forums/threads/3671140/</small><br></div><div class="chat battle-history"><strong>Way of Bandana's team:</strong> <em style="color:#445566;display:block;">Celesteela / Toxtricity-Low-Key / Gliscor / Ferrothorn / Greninja / Victini</em></div><div class="chat battle-history"><strong>exploziff's team:</strong> <em style="color:#445566;display:block;">Ferrothorn / Toxapex / Dragalge / Porygon-Z / Moltres / Landorus-Therian</em></div><div class="chat chatmessage-exploziff"><strong style="color:#70a52f"><small>☆</small><span class="username" data-name="exploziff">exploziff</span>:</strong> <em>gl hf</em></div><div class="chat chatmessage-wayofbandana mine"><strong style="color:#ae5b4b"><small>☆</small><span class="username" data-name="Way of Bandana">Way of Bandana</span>:</strong> <em>Glhf</em></div><div class="chat chatmessage-wayofbandana mine"><strong style="color:#ae5b4b"><small>☆</small><span class="username" data-name="Way of Bandana">Way of Bandana</span>:</strong> <em>Still debating whether to should go with ash greninja since the team needs a wallbreaker</em></div><div class="chat chatmessage-exploziff"><strong style="color:#70a52f"><small>☆</small><span class="username" data-name="exploziff">exploziff</span>:</strong> <em>hum in think that would be the way to go</em></div><div class="spacer battle-history"><br></div><div class="battle-history">Battle started between Way of Bandana and exploziff!<br></div><div class="spacer battle-history"><br></div><div class="battle-history">Go! Toxtricity (<strong>Toxtricity-Low-Key</strong>)!<br></div><div class="spacer battle-history"><br></div><div class="battle-history">exploziff sent out <strong>Dragalge</strong>!<br></div><div class="spacer battle-history"><br></div><h2 class="battle-history">Turn 1</h2><div class="spacer battle-history"><br></div><div class="battle-history"><small>Toxtricity's Toxtricitite is reacting to the Key Stone!</small><br>Toxtricity has Mega Evolved into Mega Toxtricity!<br></div><div class="battle-history">[Toxtricity's Acid Rock]<br></div><div class="battle-history"><small>It doesn't affect the opposing Dragalge...</small><br></div><div class="chat"><ul class="utilichart"><li class="result"><span class="col pokemonnamecol" style="white-space: nowrap">Toxtricity-Low-Key-Mega</span> <span class="col typecol"><img src="https://play.pokemonshowdown.com/sprites/types/Electric.png" alt="Electric" height="14" width="32"><img src="https://play.pokemonshowdown.com/sprites/types/Poison.png" alt="Poison" height="14" width="32"></span> <span style="float: left ; min-height: 26px"><span class="col abilitycol">Acid Rock</span><span class="col abilitycol"></span></span><span style="float: left ; min-height: 26px"><span class="col statcol"><em>HP</em><br>75</span> <span class="col statcol"><em>Atk</em><br>98</span> <span class="col statcol"><em>Def</em><br>100</span> <span class="col statcol"><em>SpA</em><br>114</span> <span class="col statcol"><em>SpD</em><br>140</span> <span class="col statcol"><em>Spe</em><br>75</span> </span></li><li style="clear: both"></li></ul></div><div class="spacer battle-history"><br></div><div class="battle-history"><small>The opposing Dragalge's Dragalgite is reacting to the Key Stone!</small><br>The opposing Dragalge has Mega Evolved into Mega Dragalge!<br></div><div class="battle-history">[The opposing Dragalge's Acidic Surge]<br><small>(Acidic Terrain started!)</small><br></div><div class="battle-history"><small>Poison-type moves used by grounded Pokémon will have their power increased.</small><br></div><div class="battle-history"><small>Grounded Steel-type Pokémon will also lose their immunity to Poison-type moves.</small><br></div><div class="chat"><ul class="utilichart"><li class="result"><span class="col pokemonnamecol" style="white-space: nowrap">Dragalge-Mega</span> <span class="col typecol"><img src="https://play.pokemonshowdown.com/sprites/types/Poison.png" alt="Poison" height="14" width="32"><img src="https://play.pokemonshowdown.com/sprites/types/Dragon.png" alt="Dragon" height="14" width="32"></span> <span style="float: left ; min-height: 26px"><span class="col abilitycol">Acidic Surge</span><span class="col abilitycol"></span></span><span style="float: left ; min-height: 26px"><span class="col statcol"><em>HP</em><br>65</span> <span class="col statcol"><em>Atk</em><br>95</span> <span class="col statcol"><em>Def</em><br>90</span> <span class="col statcol"><em>SpA</em><br>147</span> <span class="col statcol"><em>SpD</em><br>153</span> <span class="col statcol"><em>Spe</em><br>44</span> </span></li><li style="clear: both"></li></ul></div><div class="spacer battle-history"><br></div><div class="battle-history">Toxtricity used <strong>Sludge Bomb</strong>!<br></div><div class="battle-history"><small>It's not very effective...</small><br></div><div class="battle-history"><small>(The opposing Dragalge lost 15% of its health!)</small><br></div><div class="spacer battle-history"><br></div><div class="battle-history">The opposing Dragalge used <strong>Flip Turn</strong>!<br></div><div class="battle-history"><small>(Toxtricity lost <abbr title="−39/353">11.0%</abbr> of its health!)</small><br></div><div class="spacer battle-history"><br></div><div class="battle-history">exploziff withdrew Dragalge!<br></div><div class="battle-history">exploziff sent out Landorus (<strong>Landorus-Therian</strong>)!<br></div><div class="battle-history">[The opposing Landorus's Intimidate]<br></div><div class="battle-history"><small>Toxtricity's Attack fell!</small><br></div><div class="spacer battle-history"><br></div><h2 class="battle-history">Turn 2</h2><div class="spacer battle-history"><br></div><div class="battle-history">Toxtricity used <strong>Protect</strong>!<br></div><div class="battle-history"><small>Toxtricity protected itself!</small><br></div><div class="spacer battle-history"><br></div><div class="battle-history">The opposing Landorus used <strong>Stealth Rock</strong>!<br></div><div class="battle-history"><small>Pointed stones float in the air around your team!</small><br></div><div class="spacer battle-history"><br></div><h2 class="battle-history">Turn 3</h2><div class="spacer battle-history"><br></div><div class="battle-history">exploziff withdrew Landorus!<br></div><div class="battle-history">exploziff sent out <strong>Moltres</strong>!<br></div><div class="spacer battle-history"><br></div><div class="battle-history">Toxtricity, come back!<br></div><div class="battle-history">Go! <strong>Gliscor</strong>!<br></div><div class="battle-history"><small>Pointed stones dug into Gliscor!</small><br></div><div class="spacer battle-history"><br></div><div class="battle-history"><small>Gliscor was badly poisoned!</small><br></div><div class="spacer battle-history"><br></div><h2 class="battle-history">Turn 4</h2><div class="spacer battle-history"><br></div><div class="battle-history">Gliscor used <strong>Defog</strong>!<br></div><div class="battle-history"><small>The opposing Moltres's evasiveness fell!</small><br></div><div class="battle-history"><small>The pointed stones disappeared from around your team!</small><br></div><div class="battle-history"><small>(Acidic Terrain ended!)</small><br></div><div class="spacer battle-history"><br></div><div class="battle-history">The opposing Moltres used <strong>Mystical Fire</strong>!<br></div><div class="battle-history"><small>(Gliscor lost <abbr title="−117/352">33.2%</abbr> of its health!)</small><br></div><div class="battle-history"><small>Gliscor's Sp. Atk fell!</small><br></div><div class="spacer battle-history"><br></div><div class="battle-history">[Gliscor's Poison Heal]<br><small>Gliscor had its HP restored.</small><br></div><div class="spacer battle-history"><br></div><h2 class="battle-history">Turn 5</h2><div class="spacer battle-history"><br></div><div class="battle-history">exploziff withdrew Moltres!<br></div><div class="battle-history">exploziff sent out Billy (<strong>Ferrothorn</strong>)!<br></div><div class="spacer battle-history"><br></div><div class="battle-history">Gliscor used <strong>Roost</strong>!<br></div><div class="battle-history"><small>Gliscor had its HP restored.</small><br></div><div class="battle-history"><small>(Gliscor loses Flying type this turn.)</small><br></div><div class="spacer battle-history"><br></div><h2 class="battle-history">Turn 6</h2><div class="chat chatmessage-wayofbandana mine"><strong style="color:#ae5b4b"><small>☆</small><span class="username" data-name="Way of Bandana">Way of Bandana</span>:</strong> <em>Kinda scared</em></div><div class="chat chatmessage-wayofbandana mine"><strong style="color:#ae5b4b"><small>☆</small><span class="username" data-name="Way of Bandana">Way of Bandana</span>:</strong> <em>Billy super strong</em></div><div class="spacer battle-history"><br></div><div class="battle-history">Gliscor used <strong>Earthquake</strong>!<br></div><div class="battle-history"><small>(The opposing Billy lost 25% of its health!)</small><br></div><div class="spacer battle-history"><br></div><div class="battle-history">The opposing Billy used <strong>Knock Off</strong>!<br></div><div class="battle-history"><small>(Gliscor lost <abbr title="−113/352">32.1%</abbr> of its health!)</small><br></div><div class="battle-history"><small>The opposing Billy knocked off Gliscor's Toxic Orb!</small><br></div><div class="spacer battle-history"><br></div><div class="battle-history">[Gliscor's Poison Heal]<br><small>Gliscor had its HP restored.</small><br></div><div class="spacer battle-history"><br></div><h2 class="battle-history">Turn 7</h2><div class="spacer battle-history"><br></div><div class="battle-history">exploziff withdrew Billy!<br></div><div class="battle-history">exploziff sent out <strong>Moltres</strong>!<br></div><div class="spacer battle-history"><br></div><div class="battle-history">Gliscor used <strong>Earthquake</strong>!<br></div><div class="battle-history"><small>It doesn't affect the opposing Moltres...</small><br></div><div class="spacer battle-history"><br></div><div class="battle-history">[Gliscor's Poison Heal]<br><small>Gliscor had its HP restored.</small><br></div><div class="spacer battle-history"><br></div><h2 class="battle-history">Turn 8</h2><div class="spacer battle-history"><br></div><div class="battle-history">Gliscor used <strong>U-turn</strong>!<br></div><div class="battle-history"><small>It's not very effective...</small><br></div><div class="battle-history"><small>(The opposing Moltres lost 2% of its health!)</small><br></div><div class="spacer battle-history"><br></div><div class="battle-history">Gliscor went back to Way of Bandana!<br></div><div class="battle-history">Go! Toxtricity (<strong>Toxtricity-Low-Key-Mega</strong>)!<br></div><div class="battle-history">[Toxtricity's Acid Rock]<br><small>The opposing Moltres was poisoned!</small><br></div><div class="spacer battle-history"><br></div><div class="battle-history">The opposing Moltres used <strong>Scorching Sands</strong>!<br></div><div class="battle-history"><small>It's super effective!</small><br></div><div class="battle-history"><small>(Toxtricity lost <abbr title="−168/353">47.6%</abbr> of its health!)</small><br></div><div class="spacer battle-history"><br></div><div class="battle-history"><small>The opposing Moltres was hurt by poison!</small><br></div><div class="spacer battle-history"><br></div><h2 class="battle-history">Turn 9</h2><div class="chat chatmessage-wayofbandana mine"><strong style="color:#ae5b4b"><small>☆</small><span class="username" data-name="Way of Bandana">Way of Bandana</span>:</strong> <em>Wow, theoretically a 3hko</em></div><div class="spacer battle-history"><br></div><div class="battle-history">Toxtricity, come back!<br></div><div class="battle-history">Go! <strong>Gliscor</strong>!<br></div><div class="spacer battle-history"><br></div><div class="battle-history">The opposing Moltres used <strong>Scorching Sands</strong>!<br></div><div class="battle-history"><small>It doesn't affect Gliscor...</small><br></div><div class="spacer battle-history"><br></div><div class="battle-history">[Gliscor's Poison Heal]<br><small>Gliscor had its HP restored.</small><br></div><div class="battle-history"><small>The opposing Moltres was hurt by poison!</small><br></div><div class="spacer battle-history"><br></div><h2 class="battle-history">Turn 10</h2><div class="chat chatmessage-exploziff"><strong style="color:#70a52f"><small>☆</small><span class="username" data-name="exploziff">exploziff</span>:</strong> <em>for a x4 weakness that dope</em></div><div class="spacer battle-history"><br></div><div class="battle-history">Gliscor used <strong>U-turn</strong>!<br></div><div class="battle-history"><small>It's not very effective...</small><br></div><div class="battle-history"><small>(The opposing Moltres lost 3% of its health!)</small><br></div><div class="spacer battle-history"><br></div><div class="battle-history">Gliscor went back to Way of Bandana!<br></div><div class="battle-history">Go! <strong>Greninja</strong>!<br></div><div class="spacer battle-history"><br></div><div class="battle-history">The opposing Moltres used <strong>Mystical Fire</strong>!<br></div><div class="battle-history"><small>It's not very effective...</small><br></div><div class="battle-history"><small>(Greninja lost <abbr title="−74/285">26.0%</abbr> of its health!)</small><br></div><div class="battle-history"><small>Greninja's Sp. Atk fell!</small><br></div><div class="spacer battle-history"><br></div><div class="battle-history"><small>The opposing Moltres was hurt by poison!</small><br></div><div class="spacer battle-history"><br></div><h2 class="battle-history">Turn 11</h2><div class="spacer battle-history"><br></div><div class="battle-history">exploziff withdrew Moltres!<br></div><div class="battle-history">exploziff sent out Bandana (<strong>Toxapex</strong>)!<br></div><div class="spacer battle-history"><br></div><div class="battle-history">Greninja used <strong>Hydro Pump</strong>!<br></div><div class="spacer battle-history"><br></div><div class="battle-history">[Greninja's Protean]<br><small>Greninja's type changed to Water!</small><br></div><div class="battle-history"><small>It's not very effective...</small><br></div><div class="battle-history"><small>(The opposing Bandana lost 14% of its health!)</small><br></div><div class="spacer battle-history"><br></div><h2 class="battle-history">Turn 12</h2><div class="chat chatmessage-wayofbandana mine"><strong style="color:#ae5b4b"><small>☆</small><span class="username" data-name="Way of Bandana">Way of Bandana</span>:</strong> <em>Nice</em></div><div class="spacer battle-history"><br></div><div class="battle-history">Greninja used <strong>U-turn</strong>!<br></div><div class="spacer battle-history"><br></div><div class="battle-history">[Greninja's Protean]<br><small>Greninja's type changed to Bug!</small><br></div><div class="battle-history"><small>It's not very effective...</small><br></div><div class="battle-history"><small>(The opposing Bandana lost 9% of its health!)</small><br></div><div class="spacer battle-history"><br></div><div class="battle-history">Greninja went back to Way of Bandana!<br></div><div class="battle-history">Go! Toxtricity (<strong>Toxtricity-Low-Key-Mega</strong>)!<br></div><div class="battle-history">[Toxtricity's Acid Rock]<br></div><div class="battle-history"><small>It doesn't affect the opposing Bandana...</small><br></div><div class="spacer battle-history"><br></div><div class="battle-history">The opposing Bandana used <strong>Knock Off</strong>!<br></div><div class="battle-history"><small>(Toxtricity lost <abbr title="−68/353">19.3%</abbr> of its health!)</small><br></div><div class="spacer battle-history"><br></div><h2 class="battle-history">Turn 13</h2><div class="chat chatmessage-exploziff"><strong style="color:#70a52f"><small>☆</small><span class="username" data-name="exploziff">exploziff</span>:</strong> <em>shot</em></div><div class="chat chatmessage-exploziff"><strong style="color:#70a52f"><small>☆</small><span class="username" data-name="exploziff">exploziff</span>:</strong> <em>i almost gone for liquid</em></div><div class="spacer battle-history"><br></div><div class="battle-history">exploziff withdrew Bandana!<br></div><div class="battle-history">exploziff sent out Landorus (<strong>Landorus-Therian</strong>)!<br></div><div class="battle-history">[The opposing Landorus's Intimidate]<br></div><div class="battle-history"><small>Toxtricity's Attack fell!</small><br></div><div class="spacer battle-history"><br></div><div class="battle-history">Toxtricity used <strong>Slack Off</strong>!<br></div><div class="battle-history"><small>Toxtricity had its HP restored.</small><br></div><div class="spacer battle-history"><br></div><h2 class="battle-history">Turn 14</h2><div class="chat chatmessage-wayofbandana mine"><strong style="color:#ae5b4b"><small>☆</small><span class="username" data-name="Way of Bandana">Way of Bandana</span>:</strong> <em>I might actually believe this is really Bandana</em></div><div class="spacer battle-history"><br></div><div class="battle-history">Toxtricity, come back!<br></div><div class="battle-history">Go! <strong>Gliscor</strong>!<br></div><div class="spacer battle-history"><br></div><div class="battle-history">The opposing Landorus used <strong>Stealth Rock</strong>!<br></div><div class="battle-history"><small>Pointed stones float in the air around your team!</small><br></div><div class="spacer battle-history"><br></div><h2 class="battle-history">Turn 15</h2><div class="spacer battle-history"><br></div><div class="battle-history">exploziff withdrew Landorus!<br></div><div class="battle-history">exploziff sent out Billy (<strong>Ferrothorn</strong>)!<br></div><div class="spacer battle-history"><br></div><div class="battle-history">Gliscor used <strong>Defog</strong>!<br></div><div class="battle-history"><small>The opposing Billy's evasiveness fell!</small><br></div><div class="battle-history"><small>The pointed stones disappeared from around your team!</small><br></div><div class="spacer battle-history"><br></div><h2 class="battle-history">Turn 16</h2><div class="chat chatmessage-wayofbandana mine"><strong style="color:#ae5b4b"><small>☆</small><span class="username" data-name="Way of Bandana">Way of Bandana</span>:</strong> <em>I have some Def investment</em></div><div class="spacer battle-history"><br></div><div class="battle-history">Gliscor used <strong>Earthquake</strong>!<br></div><div class="battle-history"><small>(The opposing Billy lost 27% of its health!)</small><br></div><div class="spacer battle-history"><br></div><div class="battle-history">The opposing Billy used <strong>Gyro Ball</strong>!<br></div><div class="battle-history"><small>(Gliscor lost <abbr title="−268/352">76.1%</abbr> of its health!)</small><br></div><div class="spacer battle-history"><br></div><div class="battle-history">[Gliscor's Poison Heal]<br><small>Gliscor had its HP restored.</small><br></div><div class="spacer battle-history"><br></div><h2 class="battle-history">Turn 17</h2><div class="chat chatmessage-wayofbandana mine"><strong style="color:#ae5b4b"><small>☆</small><span class="username" data-name="Way of Bandana">Way of Bandana</span>:</strong> <em>Omg</em></div><div class="spacer battle-history"><br></div><div class="battle-history">Gliscor, come back!<br></div><div class="battle-history">Go! <strong>Celesteela</strong>!<br></div><div class="spacer battle-history"><br></div><div class="battle-history">exploziff withdrew Billy!<br></div><div class="battle-history">exploziff sent out <strong>Moltres</strong>!<br></div><div class="spacer battle-history"><br></div><div class="battle-history"><small>The opposing Moltres was hurt by poison!</small><br></div><div class="spacer battle-history"><br></div><h2 class="battle-history">Turn 18</h2><div class="spacer battle-history"><br></div><div class="battle-history">The opposing Moltres used <strong>Roost</strong>!<br></div><div class="battle-history"><small>The opposing Moltres had its HP restored.</small><br></div><div class="battle-history"><small>(The opposing Moltres loses Flying type this turn.)</small><br></div><div class="spacer battle-history"><br></div><div class="battle-history">Celesteela used <strong>Leech Seed</strong>!<br></div><div class="battle-history"><small>The opposing Moltres was seeded!</small><br></div><div class="spacer battle-history"><br></div><div class="battle-history"><small>The opposing Moltres's health is sapped by Leech Seed!</small><br></div><div class="battle-history"><small>The opposing Moltres was hurt by poison!</small><br></div><div class="spacer battle-history"><br></div><h2 class="battle-history">Turn 19</h2><div class="chat chatmessage-exploziff"><strong style="color:#70a52f"><small>☆</small><span class="username" data-name="exploziff">exploziff</span>:</strong> <em>Billy can OHKO offensive gliscor</em></div><div class="spacer battle-history"><br></div><div class="battle-history">exploziff withdrew Moltres!<br></div><div class="battle-history">exploziff sent out Dragalge (<strong>Dragalge-Mega</strong>)!<br></div><div class="battle-history">[The opposing Dragalge's Acidic Surge]<br><small>(Acidic Terrain started!)</small><br></div><div class="battle-history"><small>Poison-type moves used by grounded Pokémon will have their power increased.</small><br></div><div class="battle-history"><small>Grounded Steel-type Pokémon will also lose their immunity to Poison-type moves.</small><br></div><div class="spacer battle-history"><br></div><div class="battle-history">Celesteela, come back!<br></div><div class="battle-history">Go! <strong>Greninja</strong>!<br></div><div class="spacer battle-history"><br></div><h2 class="battle-history">Turn 20</h2><div class="spacer battle-history"><br></div><div class="battle-history">exploziff withdrew Dragalge!<br></div><div class="battle-history">exploziff sent out Bandana (<strong>Toxapex</strong>)!<br></div><div class="spacer battle-history"><br></div><div class="battle-history">Greninja used <strong>U-turn</strong>!<br></div><div class="spacer battle-history"><br></div><div class="battle-history">[Greninja's Protean]<br><small>Greninja's type changed to Bug!</small><br></div><div class="battle-history"><small>It's not very effective...</small><br></div><div class="battle-history"><small>(The opposing Bandana lost 9% of its health!)</small><br></div><div class="spacer battle-history"><br></div><div class="battle-history">Greninja went back to Way of Bandana!<br></div><div class="battle-history">Go! <strong>Ferrothorn</strong>!<br></div><div class="spacer battle-history"><br></div><h2 class="battle-history">Turn 21</h2><div class="spacer battle-history"><br></div><div class="battle-history">The opposing Bandana used <strong>Knock Off</strong>!<br></div><div class="battle-history"><small>(Ferrothorn lost <abbr title="−81/352">23.0%</abbr> of its health!)</small><br></div><div class="battle-history">[Ferrothorn's Iron Barbs]<br><small>The opposing Bandana was hurt!</small><br></div><div class="battle-history"><small>The opposing Bandana was hurt by the Rocky Helmet!</small><br></div><div class="battle-history"><small>The opposing Bandana knocked off Ferrothorn's Rocky Helmet!</small><br></div><div class="spacer battle-history"><br></div><div class="battle-history">Ferrothorn used <strong>Stealth Rock</strong>!<br></div><div class="battle-history"><small>Pointed stones float in the air around the opposing team!</small><br></div><div class="spacer battle-history"><br></div><h2 class="battle-history">Turn 22</h2><div class="spacer battle-history"><br></div><div class="battle-history">exploziff withdrew Bandana!<br></div><div class="battle-history">exploziff sent out <strong>Moltres</strong>!<br></div><div class="spacer battle-history"><br></div><div class="battle-history">Ferrothorn used <strong>Leech Seed</strong>!<br></div><div class="battle-history"><small>The opposing Moltres was seeded!</small><br></div><div class="spacer battle-history"><br></div><div class="battle-history"><small>The opposing Moltres's health is sapped by Leech Seed!</small><br></div><div class="battle-history"><small>The opposing Moltres was hurt by poison!</small><br></div><div class="spacer battle-history"><br></div><h2 class="battle-history">Turn 23</h2><div class="spacer battle-history"><br></div><div class="battle-history">Ferrothorn, come back!<br></div><div class="battle-history">Go! <strong>Greninja</strong>!<br></div><div class="spacer battle-history"><br></div><div class="battle-history">The opposing Moltres used <strong>Roost</strong>!<br></div><div class="battle-history"><small>The opposing Moltres had its HP restored.</small><br></div><div class="battle-history"><small>(The opposing Moltres loses Flying type this turn.)</small><br></div><div class="spacer battle-history"><br></div><div class="battle-history"><small>The opposing Moltres's health is sapped by Leech Seed!</small><br></div><div class="battle-history"><small>The opposing Moltres was hurt by poison!</small><br></div><div class="battle-history"><small>(Acidic Terrain ended!)</small><br></div><div class="spacer battle-history"><br></div><h2 class="battle-history">Turn 24</h2><div class="spacer battle-history"><br></div><div class="battle-history">exploziff withdrew Moltres!<br></div><div class="battle-history">exploziff sent out Bandana (<strong>Toxapex</strong>)!<br></div><div class="battle-history"><small>Pointed stones dug into the opposing Bandana!</small><br></div><div class="spacer battle-history"><br></div><div class="battle-history">Greninja used <strong>Hydro Pump</strong>!<br></div><div class="spacer battle-history"><br></div><div class="battle-history">[Greninja's Protean]<br><small>Greninja's type changed to Water!</small><br></div><div class="battle-history"><small>The opposing Bandana avoided the attack!</small><br></div><div class="spacer battle-history"><br></div><h2 class="battle-history">Turn 25</h2><div class="chat"><small> SimpyShrimp joined</small></div><div class="spacer battle-history"><br></div><div class="battle-history">Greninja used <strong>U-turn</strong>!<br></div><div class="spacer battle-history"><br></div><div class="battle-history">[Greninja's Protean]<br><small>Greninja's type changed to Bug!</small><br></div><div class="battle-history"><small>It's not very effective...</small><br></div><div class="battle-history"><small>(The opposing Bandana lost 10% of its health!)</small><br></div><div class="spacer battle-history"><br></div><div class="battle-history">Greninja went back to Way of Bandana!<br></div><div class="battle-history">Go! <strong>Ferrothorn</strong>!<br></div><div class="spacer battle-history"><br></div><div class="battle-history">The opposing Bandana used <strong>Toxic Spikes</strong>!<br></div><div class="battle-history"><small>Poison spikes were scattered on the ground all around your team!</small><br></div><div class="spacer battle-history"><br></div><h2 class="battle-history">Turn 26</h2><div class="spacer battle-history"><br></div><div class="battle-history">exploziff withdrew Bandana!<br></div><div class="battle-history">exploziff sent out <strong>Moltres</strong>!<br></div><div class="spacer battle-history"><br></div><div class="battle-history">Ferrothorn, come back!<br></div><div class="battle-history">Go! <strong>Gliscor</strong>!<br></div><div class="spacer battle-history"><br></div><div class="battle-history">[Gliscor's Poison Heal]<br><small>Gliscor had its HP restored.</small><br></div><div class="battle-history"><small>The opposing Moltres was hurt by poison!</small><br></div><div class="spacer battle-history"><br></div><h2 class="battle-history">Turn 27</h2><div class="spacer battle-history"><br></div><div class="battle-history">Gliscor used <strong>Roost</strong>!<br></div><div class="battle-history"><small>Gliscor had its HP restored.</small><br></div><div class="battle-history"><small>(Gliscor loses Flying type this turn.)</small><br></div><div class="spacer battle-history"><br></div><div class="battle-history">The opposing Moltres used <strong>Roost</strong>!<br></div><div class="battle-history"><small>The opposing Moltres had its HP restored.</small><br></div><div class="battle-history"><small>(The opposing Moltres loses Flying type this turn.)</small><br></div><div class="spacer battle-history"><br></div><div class="battle-history">[Gliscor's Poison Heal]<br><small>Gliscor had its HP restored.</small><br></div><div class="battle-history"><small>The opposing Moltres was hurt by poison!</small><br></div><div class="spacer battle-history"><br></div><h2 class="battle-history">Turn 28</h2><div class="spacer battle-history"><br></div><div class="battle-history">Gliscor used <strong>U-turn</strong>!<br></div><div class="battle-history"><small>It's not very effective...</small><br></div><div class="battle-history"><small>(The opposing Moltres lost 3% of its health!)</small><br></div><div class="spacer battle-history"><br></div><div class="battle-history">Gliscor went back to Way of Bandana!<br></div><div class="battle-history">Go! <strong>Celesteela</strong>!<br></div><div class="spacer battle-history"><br></div><div class="battle-history">The opposing Moltres used <strong>Scorching Sands</strong>!<br></div><div class="battle-history"><small>It doesn't affect Celesteela...</small><br></div><div class="spacer battle-history"><br></div><div class="battle-history"><small>The opposing Moltres was hurt by poison!</small><br></div><div class="spacer battle-history"><br></div><h2 class="battle-history">Turn 29</h2><div class="chat chatmessage-simpyshrimp"><strong style="color:#ae6819"><small> </small><span class="username" data-name="SimpyShrimp">SimpyShrimp</span>:</strong> <em>long battle</em></div><div class="chat chatmessage-exploziff"><strong style="color:#70a52f"><small>☆</small><span class="username" data-name="exploziff">exploziff</span>:</strong> <em>yeah</em></div><div class="spacer battle-history"><br></div><div class="battle-history">The opposing Moltres used <strong>Scorching Sands</strong>!<br></div><div class="battle-history"><small>It doesn't affect Celesteela...</small><br></div><div class="spacer battle-history"><br></div><div class="battle-history">Celesteela used <strong>Leech Seed</strong>!<br></div><div class="battle-history"><small>The opposing Moltres was seeded!</small><br></div><div class="spacer battle-history"><br></div><div class="battle-history"><small>The opposing Moltres's health is sapped by Leech Seed!</small><br></div><div class="battle-history"><small>The opposing Moltres was hurt by poison!</small><br></div><div class="spacer battle-history"><br></div><h2 class="battle-history">Turn 30</h2><div class="spacer battle-history"><br></div><div class="battle-history">The opposing Moltres used <strong>Roost</strong>!<br></div><div class="battle-history"><small>The opposing Moltres had its HP restored.</small><br></div><div class="battle-history"><small>(The opposing Moltres loses Flying type this turn.)</small><br></div><div class="spacer battle-history"><br></div><div class="battle-history">Celesteela used <strong>Flamethrower</strong>!<br></div><div class="battle-history"><small>It's not very effective...</small><br></div><div class="battle-history"><small>(The opposing Moltres lost 12% of its health!)</small><br></div><div class="spacer battle-history"><br></div><div class="battle-history"><small>The opposing Moltres's health is sapped by Leech Seed!</small><br></div><div class="battle-history"><small>The opposing Moltres was hurt by poison!</small><br></div><div class="spacer battle-history"><br></div><h2 class="battle-history">Turn 31</h2><div class="chat chatmessage-wayofbandana mine"><strong style="color:#ae5b4b"><small>☆</small><span class="username" data-name="Way of Bandana">Way of Bandana</span>:</strong> <em>That tends to happen with this one</em></div><div class="spacer battle-history"><br></div><div class="battle-history">exploziff withdrew Moltres!<br></div><div class="battle-history">exploziff sent out Dragalge (<strong>Dragalge-Mega</strong>)!<br></div><div class="battle-history"><small>Pointed stones dug into the opposing Dragalge!</small><br></div><div class="battle-history">[The opposing Dragalge's Acidic Surge]<br><small>(Acidic Terrain started!)</small><br></div><div class="battle-history"><small>Poison-type moves used by grounded Pokémon will have their power increased.</small><br></div><div class="battle-history"><small>Grounded Steel-type Pokémon will also lose their immunity to Poison-type moves.</small><br></div><div class="spacer battle-history"><br></div><div class="battle-history">Celesteela, come back!<br></div><div class="battle-history">Go! <strong>Gliscor</strong>!<br></div><div class="spacer battle-history"><br></div><h2 class="battle-history">Turn 32</h2><div class="spacer battle-history"><br></div><div class="battle-history">exploziff withdrew Dragalge!<br></div><div class="battle-history">exploziff sent out <strong>Moltres</strong>!<br></div><div class="spacer battle-history"><br></div><div class="battle-history">Gliscor used <strong>Earthquake</strong>!<br></div><div class="battle-history"><small>It doesn't affect the opposing Moltres...</small><br></div><div class="spacer battle-history"><br></div><div class="battle-history"><small>The opposing Moltres was hurt by poison!</small><br></div><div class="spacer battle-history"><br></div><h2 class="battle-history">Turn 33</h2><div class="spacer battle-history"><br></div><div class="battle-history">Gliscor used <strong>U-turn</strong>!<br></div><div class="battle-history"><small>It's not very effective...</small><br></div><div class="battle-history"><small>(The opposing Moltres lost 3% of its health!)</small><br></div><div class="spacer battle-history"><br></div><div class="battle-history">Gliscor went back to Way of Bandana!<br></div><div class="battle-history">Go! Toxtricity (<strong>Toxtricity-Low-Key-Mega</strong>)!<br></div><div class="battle-history"><small>The poison spikes disappeared from the ground around your team!</small><br></div><div class="spacer battle-history"><br></div><div class="battle-history">The opposing Moltres used <strong>Roost</strong>!<br></div><div class="battle-history"><small>The opposing Moltres had its HP restored.</small><br></div><div class="battle-history"><small>(The opposing Moltres loses Flying type this turn.)</small><br></div><div class="spacer battle-history"><br></div><div class="battle-history"><small>The opposing Moltres was hurt by poison!</small><br></div><div class="spacer battle-history"><br></div><h2 class="battle-history">Turn 34</h2><div class="chat chatmessage-simpyshrimp"><strong style="color:#ae6819"><small> </small><span class="username" data-name="SimpyShrimp">SimpyShrimp</span>:</strong> <em>forever battle</em></div><div class="spacer battle-history"><br></div><div class="battle-history">Toxtricity, come back!<br></div><div class="battle-history">Go! <strong>Gliscor</strong>!<br></div><div class="spacer battle-history"><br></div><div class="battle-history">The opposing Moltres used <strong>Defog</strong>!<br></div><div class="battle-history"><small>Gliscor's evasiveness fell!</small><br></div><div class="battle-history"><small>The pointed stones disappeared from around the opposing team!</small><br></div><div class="battle-history"><small>(Acidic Terrain ended!)</small><br></div><div class="spacer battle-history"><br></div><div class="battle-history"><small>The opposing Moltres was hurt by poison!</small><br></div><div class="spacer battle-history"><br></div><h2 class="battle-history">Turn 35</h2><div class="chat chatmessage-simpyshrimp"><strong style="color:#ae6819"><small> </small><span class="username" data-name="SimpyShrimp">SimpyShrimp</span>:</strong> <em>maybe this battle will end after i finish my dinner</em></div><div class="chat chatmessage-exploziff"><strong style="color:#70a52f"><small>☆</small><span class="username" data-name="exploziff">exploziff</span>:</strong> <em>x')</em></div><div class="spacer battle-history"><br></div><div class="battle-history">Gliscor used <strong>Defog</strong>!<br></div><div class="battle-history"><small>The opposing Moltres's evasiveness fell!</small><br></div><div class="spacer battle-history"><br></div><div class="battle-history">The opposing Moltres used <strong>Mystical Fire</strong>!<br></div><div class="battle-history"><small>(Gliscor lost <abbr title="−114/352">32.4%</abbr> of its health!)</small><br></div><div class="battle-history"><small>Gliscor's Sp. Atk fell!</small><br></div><div class="spacer battle-history"><br></div><div class="battle-history">[Gliscor's Poison Heal]<br><small>Gliscor had its HP restored.</small><br></div><div class="battle-history"><small>The opposing Moltres was hurt by poison!</small><br></div><div class="spacer battle-history"><br></div><h2 class="battle-history">Turn 36</h2><div class="spacer battle-history"><br></div><div class="battle-history">Gliscor used <strong>U-turn</strong>!<br></div><div class="battle-history"><small>It's not very effective...</small><br></div><div class="battle-history"><small>(The opposing Moltres lost 3% of its health!)</small><br></div><div class="spacer battle-history"><br></div><div class="battle-history">Gliscor went back to Way of Bandana!<br></div><div class="battle-history">Go! <strong>Greninja</strong>!<br></div><div class="spacer battle-history"><br></div><div class="battle-history">The opposing Moltres used <strong>Roost</strong>!<br></div><div class="battle-history"><small>The opposing Moltres had its HP restored.</small><br></div><div class="battle-history"><small>(The opposing Moltres loses Flying type this turn.)</small><br></div><div class="spacer battle-history"><br></div><div class="battle-history"><small>The opposing Moltres was hurt by poison!</small><br></div><div class="spacer battle-history"><br></div><h2 class="battle-history">Turn 37</h2><div class="spacer battle-history"><br></div><div class="battle-history">exploziff withdrew Moltres!<br></div><div class="battle-history">exploziff sent out Dragalge (<strong>Dragalge-Mega</strong>)!<br></div><div class="battle-history">[The opposing Dragalge's Acidic Surge]<br><small>(Acidic Terrain started!)</small><br></div><div class="battle-history"><small>Poison-type moves used by grounded Pokémon will have their power increased.</small><br></div><div class="battle-history"><small>Grounded Steel-type Pokémon will also lose their immunity to Poison-type moves.</small><br></div><div class="spacer battle-history"><br></div><div class="battle-history">Greninja used <strong>Hydro Pump</strong>!<br></div><div class="spacer battle-history"><br></div><div class="battle-history">[Greninja's Protean]<br><small>Greninja's type changed to Water!</small><br></div><div class="battle-history"><small>The opposing Dragalge avoided the attack!</small><br></div><div class="spacer battle-history"><br></div><h2 class="battle-history">Turn 38</h2><div class="spacer battle-history"><br></div><div class="battle-history">exploziff withdrew Dragalge!<br></div><div class="battle-history">exploziff sent out Bandana (<strong>Toxapex</strong>)!<br></div><div class="spacer battle-history"><br></div><div class="battle-history">Greninja used <strong>U-turn</strong>!<br></div><div class="spacer battle-history"><br></div><div class="battle-history">[Greninja's Protean]<br><small>Greninja's type changed to Bug!</small><br></div><div class="battle-history"><small>It's not very effective...</small><br></div><div class="battle-history"><small>(The opposing Bandana lost 8% of its health!)</small><br></div><div class="spacer battle-history"><br></div><div class="battle-history">Greninja went back to Way of Bandana!<br></div><div class="battle-history">Go! <strong>Ferrothorn</strong>!<br></div><div class="spacer battle-history"><br></div><h2 class="battle-history">Turn 39</h2><div class="spacer battle-history"><br></div><div class="battle-history">The opposing Bandana used <strong>Gunk Shot</strong>!<br></div><div class="battle-history"><small>It's super effective!</small><br></div><div class="battle-history"><small>(Ferrothorn lost <abbr title="−319/352">90.6%</abbr> of its health!)</small><br></div><div class="spacer battle-history"><br></div><div class="battle-history">Ferrothorn fainted!<br></div><div class="chat chatmessage-exploziff"><strong style="color:#70a52f"><small>☆</small><span class="username" data-name="exploziff">exploziff</span>:</strong> <em>letsgo</em></div><div class="chat chatmessage-wayofbandana mine"><strong style="color:#ae5b4b"><small>☆</small><span class="username" data-name="Way of Bandana">Way of Bandana</span>:</strong> <em>Oh I forgot</em></div><div class="spacer battle-history"><br></div><div class="battle-history">Go! <strong>Celesteela</strong>!<br></div><div class="spacer battle-history"><br></div><h2 class="battle-history">Turn 40</h2><div class="spacer battle-history"><br></div><div class="battle-history">exploziff withdrew Bandana!<br></div><div class="battle-history">exploziff sent out <strong>Moltres</strong>!<br></div><div class="spacer battle-history"><br></div><div class="battle-history">Celesteela used <strong>Leech Seed</strong>!<br></div><div class="battle-history"><small>The opposing Moltres was seeded!</small><br></div><div class="spacer battle-history"><br></div><div class="battle-history"><small>The opposing Moltres's health is sapped by Leech Seed!</small><br></div><div class="battle-history"><small>The opposing Moltres was hurt by poison!</small><br></div><div class="spacer battle-history"><br></div><h2 class="battle-history">Turn 41</h2><div class="spacer battle-history"><br></div><div class="battle-history">Celesteela, come back!<br></div><div class="battle-history">Go! <strong>Victini</strong>!<br></div><div class="spacer battle-history"><br></div><div class="battle-history">The opposing Moltres used <strong>Mystical Fire</strong>!<br></div><div class="battle-history"><small>It's not very effective...</small><br></div><div class="battle-history"><small>(Victini lost <abbr title="−58/341">17.0%</abbr> of its health!)</small><br></div><div class="battle-history"><small>Victini's Sp. Atk fell!</small><br></div><div class="spacer battle-history"><br></div><div class="battle-history"><small>The opposing Moltres's health is sapped by Leech Seed!</small><br></div><div class="battle-history"><small>The opposing Moltres was hurt by poison!</small><br></div><div class="battle-history"><small>(Acidic Terrain ended!)</small><br></div><div class="spacer battle-history"><br></div><h2 class="battle-history">Turn 42</h2><div class="spacer battle-history"><br></div><div class="battle-history">exploziff withdrew Moltres!<br></div><div class="battle-history">exploziff sent out Landorus (<strong>Landorus-Therian</strong>)!<br></div><div class="battle-history">[The opposing Landorus's Intimidate]<br></div><div class="battle-history"><small>Victini's Attack fell!</small><br></div><div class="spacer battle-history"><br></div><div class="battle-history">Victini used <strong>U-turn</strong>!<br></div><div class="battle-history"><small>It's not very effective...</small><br></div><div class="battle-history"><small>(The opposing Landorus lost 7% of its health!)</small><br></div><div class="spacer battle-history"><br></div><div class="battle-history">Victini went back to Way of Bandana!<br></div><div class="battle-history">Go! <strong>Gliscor</strong>!<br></div><div class="spacer battle-history"><br></div><div class="battle-history">[Gliscor's Poison Heal]<br><small>Gliscor had its HP restored.</small><br></div><div class="spacer battle-history"><br></div><h2 class="battle-history">Turn 43</h2><div class="spacer battle-history"><br></div><div class="battle-history">The opposing Landorus used <strong>Stealth Rock</strong>!<br></div><div class="battle-history"><small>Pointed stones float in the air around your team!</small><br></div><div class="spacer battle-history"><br></div><div class="battle-history">Gliscor used <strong>Defog</strong>!<br></div><div class="battle-history"><small>The opposing Landorus's evasiveness fell!</small><br></div><div class="battle-history"><small>The pointed stones disappeared from around your team!</small><br></div><div class="spacer battle-history"><br></div><div class="battle-history">[Gliscor's Poison Heal]<br><small>Gliscor had its HP restored.</small><br></div><div class="spacer battle-history"><br></div><h2 class="battle-history">Turn 44</h2><div class="spacer battle-history"><br></div><div class="battle-history">Gliscor, come back!<br></div><div class="battle-history">Go! Toxtricity (<strong>Toxtricity-Low-Key-Mega</strong>)!<br></div><div class="battle-history">[Toxtricity's Acid Rock]<br><small>The opposing Landorus was poisoned!</small><br></div><div class="spacer battle-history"><br></div><div class="battle-history">The opposing Landorus used <strong>Stealth Rock</strong>!<br></div><div class="battle-history"><small>Pointed stones float in the air around your team!</small><br></div><div class="spacer battle-history"><br></div><div class="battle-history"><small>The opposing Landorus was hurt by poison!</small><br></div><div class="spacer battle-history"><br></div><h2 class="battle-history">Turn 45</h2><div class="spacer battle-history"><br></div><div class="battle-history">exploziff withdrew Landorus!<br></div><div class="battle-history">exploziff sent out Billy (<strong>Ferrothorn</strong>)!<br></div><div class="spacer battle-history"><br></div><div class="battle-history">Toxtricity used <strong>Protect</strong>!<br></div><div class="battle-history"><small>But it failed!</small><br></div><div class="spacer battle-history"><br></div><h2 class="battle-history">Turn 46</h2><div class="spacer battle-history"><br></div><div class="battle-history">Toxtricity used <strong>Protect</strong>!<br></div><div class="battle-history"><small>Toxtricity protected itself!</small><br></div><div class="spacer battle-history"><br></div><div class="battle-history">The opposing Billy used <strong>Knock Off</strong>!<br></div><div class="battle-history"><small>Toxtricity protected itself!</small><br></div><div class="spacer battle-history"><br></div><h2 class="battle-history">Turn 47</h2><div class="spacer battle-history"><br></div><div class="battle-history">Toxtricity used <strong>Slack Off</strong>!<br></div><div class="battle-history"><small>Toxtricity had its HP restored.</small><br></div><div class="spacer battle-history"><br></div><div class="battle-history">The opposing Billy used <strong>Knock Off</strong>!<br></div><div class="battle-history"><small>(Toxtricity lost <abbr title="−93/353">26.3%</abbr> of its health!)</small><br></div><div class="spacer battle-history"><br></div><h2 class="battle-history">Turn 48</h2><div class="spacer battle-history"><br></div><div class="battle-history">Toxtricity used <strong>Volt Switch</strong>!<br></div><div class="battle-history"><small>It's not very effective...</small><br></div><div class="battle-history"><small>(The opposing Billy lost 12% of its health!)</small><br></div><div class="spacer battle-history"><br></div><div class="battle-history">Toxtricity went back to Way of Bandana!<br></div><div class="battle-history">Go! <strong>Gliscor</strong>!<br></div><div class="battle-history"><small>Pointed stones dug into Gliscor!</small><br></div><div class="spacer battle-history"><br></div><div class="battle-history">The opposing Billy used <strong>Knock Off</strong>!<br></div><div class="battle-history"><small>A critical hit!</small><br></div><div class="battle-history"><small>(Gliscor lost <abbr title="−115/352">32.7%</abbr> of its health!)</small><br></div><div class="spacer battle-history"><br></div><div class="battle-history">[Gliscor's Poison Heal]<br><small>Gliscor had its HP restored.</small><br></div><div class="spacer battle-history"><br></div><h2 class="battle-history">Turn 49</h2><div class="spacer battle-history"><br></div><div class="battle-history">exploziff withdrew Billy!<br></div><div class="battle-history">exploziff sent out <strong>Porygon-Z</strong>!<br></div><div class="spacer battle-history"><br></div><div class="battle-history">Gliscor used <strong>Defog</strong>!<br></div><div class="battle-history"><small>The opposing Porygon-Z's evasiveness fell!</small><br></div><div class="battle-history"><small>The pointed stones disappeared from around your team!</small><br></div><div class="spacer battle-history"><br></div><div class="battle-history">[Gliscor's Poison Heal]<br><small>Gliscor had its HP restored.</small><br></div><div class="spacer battle-history"><br></div><h2 class="battle-history">Turn 50</h2><div class="spacer battle-history"><br></div><div class="battle-history">exploziff withdrew Porygon-Z!<br></div><div class="battle-history">exploziff sent out Landorus (<strong>Landorus-Therian</strong>)!<br></div><div class="battle-history">[The opposing Landorus's Intimidate]<br></div><div class="battle-history"><small>Gliscor's Attack fell!</small><br></div><div class="spacer battle-history"><br></div><div class="battle-history">Gliscor, come back!<br></div><div class="battle-history">Go! Toxtricity (<strong>Toxtricity-Low-Key-Mega</strong>)!<br></div><div class="spacer battle-history"><br></div><div class="battle-history"><small>The opposing Landorus was hurt by poison!</small><br></div><div class="spacer battle-history"><br></div><h2 class="battle-history">Turn 51</h2><div class="spacer battle-history"><br></div><div class="battle-history">Toxtricity, come back!<br></div><div class="battle-history">Go! <strong>Gliscor</strong>!<br></div><div class="spacer battle-history"><br></div><div class="battle-history">The opposing Landorus used <strong>U-turn</strong>!<br></div><div class="battle-history"><small>It's not very effective...</small><br></div><div class="battle-history"><small>(Gliscor lost <abbr title="−36/352">10.2%</abbr> of its health!)</small><br></div><div class="spacer battle-history"><br></div><div class="battle-history">The opposing Landorus went back to exploziff!<br></div><div class="battle-history">exploziff sent out Billy (<strong>Ferrothorn</strong>)!<br></div><div class="spacer battle-history"><br></div><div class="battle-history">[Gliscor's Poison Heal]<br><small>Gliscor had its HP restored.</small><br></div><div class="spacer battle-history"><br></div><h2 class="battle-history">Turn 52</h2><div class="spacer battle-history"><br></div><div class="battle-history">Gliscor, come back!<br></div><div class="battle-history">Go! <strong>Celesteela</strong>!<br></div><div class="spacer battle-history"><br></div><div class="battle-history">The opposing Billy used <strong>Gyro Ball</strong>!<br></div><div class="battle-history"><small>It's not very effective...</small><br></div><div class="battle-history"><small>(Celesteela lost <abbr title="−95/398">23.9%</abbr> of its health!)</small><br></div><div class="spacer battle-history"><br></div><div class="battle-history"><small>Celesteela restored a little HP using its Leftovers!</small><br></div><div class="spacer battle-history"><br></div><h2 class="battle-history">Turn 53</h2><div class="spacer battle-history"><br></div><div class="battle-history">exploziff withdrew Billy!<br></div><div class="battle-history">exploziff sent out Bandana (<strong>Toxapex</strong>)!<br></div><div class="spacer battle-history"><br></div><div class="battle-history">Celesteela used <strong>Leech Seed</strong>!<br></div><div class="battle-history"><small>The opposing Bandana was seeded!</small><br></div><div class="spacer battle-history"><br></div><div class="battle-history"><small>Celesteela restored a little HP using its Leftovers!</small><br></div><div class="battle-history"><small>The opposing Bandana's health is sapped by Leech Seed!</small><br></div><div class="spacer battle-history"><br></div><h2 class="battle-history">Turn 54</h2><div class="chat chatmessage-wayofbandana mine"><strong style="color:#ae5b4b"><small>☆</small><span class="username" data-name="Way of Bandana">Way of Bandana</span>:</strong> <em>Dragalge and Bandana is a cool combo</em></div><div class="spacer battle-history"><br></div><div class="battle-history">Celesteela used <strong>Protect</strong>!<br></div><div class="battle-history"><small>Celesteela protected itself!</small><br></div><div class="spacer battle-history"><br></div><div class="battle-history">The opposing Bandana used <strong>Knock Off</strong>!<br></div><div class="battle-history"><small>Celesteela protected itself!</small><br></div><div class="spacer battle-history"><br></div><div class="battle-history"><small>Celesteela restored a little HP using its Leftovers!</small><br></div><div class="battle-history"><small>The opposing Bandana's health is sapped by Leech Seed!</small><br></div><div class="spacer battle-history"><br></div><h2 class="battle-history">Turn 55</h2><div class="chat chatmessage-exploziff"><strong style="color:#70a52f"><small>☆</small><span class="username" data-name="exploziff">exploziff</span>:</strong> <em>yeah ^^</em></div><div class="spacer battle-history"><br></div><div class="battle-history">Celesteela, come back!<br></div><div class="battle-history">Go! <strong>Gliscor</strong>!<br></div><div class="spacer battle-history"><br></div><div class="battle-history">exploziff withdrew Bandana!<br></div><div class="battle-history">exploziff sent out <strong>Moltres</strong>!<br></div><div class="spacer battle-history"><br></div><div class="battle-history">[Gliscor's Poison Heal]<br><small>Gliscor had its HP restored.</small><br></div><div class="battle-history"><small>The opposing Moltres was hurt by poison!</small><br></div><div class="spacer battle-history"><br></div><h2 class="battle-history">Turn 56</h2><div class="spacer battle-history"><br></div><div class="battle-history">Gliscor used <strong>U-turn</strong>!<br></div><div class="battle-history"><small>It's not very effective...</small><br></div><div class="battle-history"><small>(The opposing Moltres lost 2% of its health!)</small><br></div><div class="spacer battle-history"><br></div><div class="battle-history">Gliscor went back to Way of Bandana!<br></div><div class="battle-history">Go! <strong>Greninja</strong>!<br></div><div class="spacer battle-history"><br></div><div class="battle-history">The opposing Moltres used <strong>Roost</strong>!<br></div><div class="battle-history"><small>The opposing Moltres had its HP restored.</small><br></div><div class="battle-history"><small>(The opposing Moltres loses Flying type this turn.)</small><br></div><div class="spacer battle-history"><br></div><div class="battle-history"><small>The opposing Moltres was hurt by poison!</small><br></div><div class="spacer battle-history"><br></div><h2 class="battle-history">Turn 57</h2><div class="spacer battle-history"><br></div><div class="battle-history">exploziff withdrew Moltres!<br></div><div class="battle-history">exploziff sent out Billy (<strong>Ferrothorn</strong>)!<br></div><div class="spacer battle-history"><br></div><div class="battle-history">Greninja used <strong>Spikes</strong>!<br></div><div class="spacer battle-history"><br></div><div class="battle-history">[Greninja's Protean]<br><small>Greninja's type changed to Ground!</small><br></div><div class="battle-history"><small>Spikes were scattered on the ground all around the opposing team!</small><br></div><div class="spacer battle-history"><br></div><h2 class="battle-history">Turn 58</h2><div class="spacer battle-history"><br></div><div class="battle-history">Greninja used <strong>U-turn</strong>!<br></div><div class="spacer battle-history"><br></div><div class="battle-history">[Greninja's Protean]<br><small>Greninja's type changed to Bug!</small><br></div><div class="battle-history"><small>(The opposing Billy lost 18% of its health!)</small><br></div><div class="battle-history">[The opposing Billy's Iron Barbs]<br><small>Greninja was hurt!</small><br></div><div class="spacer battle-history"><br></div><div class="battle-history">Greninja went back to Way of Bandana!<br></div><div class="battle-history">Go! <strong>Celesteela</strong>!<br></div><div class="spacer battle-history"><br></div><div class="battle-history">The opposing Billy used <strong>Power Whip</strong>!<br></div><div class="battle-history"><small>It's not very effective...</small><br></div><div class="battle-history"><small>(Celesteela lost <abbr title="−70/398">17.6%</abbr> of its health!)</small><br></div><div class="spacer battle-history"><br></div><div class="battle-history"><small>Celesteela restored a little HP using its Leftovers!</small><br></div><div class="spacer battle-history"><br></div><h2 class="battle-history">Turn 59</h2><div class="spacer battle-history"><br></div><div class="battle-history">exploziff withdrew Billy!<br></div><div class="battle-history">exploziff sent out <strong>Moltres</strong>!<br></div><div class="spacer battle-history"><br></div><div class="battle-history">Celesteela used <strong>Leech Seed</strong>!<br></div><div class="battle-history"><small>The opposing Moltres was seeded!</small><br></div><div class="spacer battle-history"><br></div><div class="battle-history"><small>Celesteela restored a little HP using its Leftovers!</small><br></div><div class="battle-history"><small>The opposing Moltres's health is sapped by Leech Seed!</small><br></div><div class="battle-history"><small>The opposing Moltres was hurt by poison!</small><br></div><div class="spacer battle-history"><br></div><h2 class="battle-history">Turn 60</h2><div class="spacer battle-history"><br></div><div class="battle-history">Celesteela, come back!<br></div><div class="battle-history">Go! <strong>Greninja</strong>!<br></div><div class="spacer battle-history"><br></div><div class="battle-history">The opposing Moltres used <strong>Roost</strong>!<br></div><div class="battle-history"><small>The opposing Moltres had its HP restored.</small><br></div><div class="battle-history"><small>(The opposing Moltres loses Flying type this turn.)</small><br></div><div class="spacer battle-history"><br></div><div class="battle-history"><small>The opposing Moltres's health is sapped by Leech Seed!</small><br></div><div class="battle-history"><small>The opposing Moltres was hurt by poison!</small><br></div><div class="spacer battle-history"><br></div><h2 class="battle-history">Turn 61</h2><div class="spacer battle-history"><br></div><div class="battle-history">exploziff withdrew Moltres!<br></div><div class="battle-history">exploziff sent out Bandana (<strong>Toxapex</strong>)!<br></div><div class="battle-history"><small>The opposing Bandana was hurt by the spikes!</small><br></div><div class="spacer battle-history"><br></div><div class="battle-history">Greninja used <strong>Hydro Pump</strong>!<br></div><div class="spacer battle-history"><br></div><div class="battle-history">[Greninja's Protean]<br><small>Greninja's type changed to Water!</small><br></div><div class="battle-history"><small>It's not very effective...</small><br></div><div class="battle-history"><small>(The opposing Bandana lost 20% of its health!)</small><br></div><div class="spacer battle-history"><br></div><h2 class="battle-history">Turn 62</h2><div class="spacer battle-history"><br></div><div class="battle-history">Greninja used <strong>U-turn</strong>!<br></div><div class="spacer battle-history"><br></div><div class="battle-history">[Greninja's Protean]<br><small>Greninja's type changed to Bug!</small><br></div><div class="battle-history"><small>It's not very effective...</small><br></div><div class="battle-history"><small>(The opposing Bandana lost 8% of its health!)</small><br></div><div class="spacer battle-history"><br></div><div class="battle-history">Greninja went back to Way of Bandana!<br></div><div class="battle-history">Go! Toxtricity (<strong>Toxtricity-Low-Key-Mega</strong>)!<br></div><div class="battle-history">[Toxtricity's Acid Rock]<br></div><div class="battle-history"><small>It doesn't affect the opposing Bandana...</small><br></div><div class="spacer battle-history"><br></div><div class="battle-history">The opposing Bandana used <strong>Knock Off</strong>!<br></div><div class="battle-history"><small>(Toxtricity lost <abbr title="−79/353">22.4%</abbr> of its health!)</small><br></div><div class="spacer battle-history"><br></div><h2 class="battle-history">Turn 63</h2><div class="spacer battle-history"><br></div><div class="battle-history">exploziff withdrew Bandana!<br></div><div class="battle-history">exploziff sent out Landorus (<strong>Landorus-Therian</strong>)!<br></div><div class="battle-history">[The opposing Landorus's Intimidate]<br></div><div class="battle-history"><small>Toxtricity's Attack fell!</small><br></div><div class="spacer battle-history"><br></div><div class="battle-history">Toxtricity used <strong>Slack Off</strong>!<br></div><div class="battle-history"><small>Toxtricity had its HP restored.</small><br></div><div class="spacer battle-history"><br></div><div class="battle-history"><small>The opposing Landorus was hurt by poison!</small><br></div><div class="spacer battle-history"><br></div><h2 class="battle-history">Turn 64</h2><div class="spacer battle-history"><br></div><div class="battle-history">Toxtricity used <strong>Protect</strong>!<br></div><div class="battle-history"><small>Toxtricity protected itself!</small><br></div><div class="spacer battle-history"><br></div><div class="battle-history">The opposing Landorus used <strong>Stealth Rock</strong>!<br></div><div class="battle-history"><small>Pointed stones float in the air around your team!</small><br></div><div class="spacer battle-history"><br></div><div class="battle-history"><small>The opposing Landorus was hurt by poison!</small><br></div><div class="spacer battle-history"><br></div><h2 class="battle-history">Turn 65</h2><div class="spacer battle-history"><br></div><div class="battle-history">exploziff withdrew Landorus!<br></div><div class="battle-history">exploziff sent out Dragalge (<strong>Dragalge-Mega</strong>)!<br></div><div class="battle-history"><small>The opposing Dragalge was hurt by the spikes!</small><br></div><div class="battle-history">[The opposing Dragalge's Acidic Surge]<br><small>(Acidic Terrain started!)</small><br></div><div class="battle-history"><small>Poison-type moves used by grounded Pokémon will have their power increased.</small><br></div><div class="battle-history"><small>Grounded Steel-type Pokémon will also lose their immunity to Poison-type moves.</small><br></div><div class="spacer battle-history"><br></div><div class="battle-history">Toxtricity used <strong>Volt Switch</strong>!<br></div><div class="battle-history"><small>It's not very effective...</small><br></div><div class="battle-history"><small>(The opposing Dragalge lost 9% of its health!)</small><br></div><div class="spacer battle-history"><br></div><div class="battle-history">Toxtricity went back to Way of Bandana!<br></div><div class="battle-history">Go! <strong>Gliscor</strong>!<br></div><div class="battle-history"><small>Pointed stones dug into Gliscor!</small><br></div><div class="spacer battle-history"><br></div><div class="battle-history">[Gliscor's Poison Heal]<br><small>Gliscor had its HP restored.</small><br></div><div class="spacer battle-history"><br></div><h2 class="battle-history">Turn 66</h2><div class="spacer battle-history"><br></div><div class="battle-history">exploziff withdrew Dragalge!<br></div><div class="battle-history">exploziff sent out <strong>Moltres</strong>!<br></div><div class="spacer battle-history"><br></div><div class="battle-history">Gliscor used <strong>Earthquake</strong>!<br></div><div class="battle-history"><small>It doesn't affect the opposing Moltres...</small><br></div><div class="spacer battle-history"><br></div><div class="battle-history">[Gliscor's Poison Heal]<br><small>Gliscor had its HP restored.</small><br></div><div class="battle-history"><small>The opposing Moltres was hurt by poison!</small><br></div><div class="spacer battle-history"><br></div><h2 class="battle-history">Turn 67</h2><div class="spacer battle-history"><br></div><div class="battle-history">Gliscor used <strong>Defog</strong>!<br></div><div class="battle-history"><small>The opposing Moltres's evasiveness fell!</small><br></div><div class="battle-history"><small>The spikes disappeared from the ground around the opposing team!</small><br></div><div class="battle-history"><small>The pointed stones disappeared from around your team!</small><br></div><div class="battle-history"><small>(Acidic Terrain ended!)</small><br></div><div class="spacer battle-history"><br></div><div class="battle-history">The opposing Moltres used <strong>Roost</strong>!<br></div><div class="battle-history"><small>The opposing Moltres had its HP restored.</small><br></div><div class="battle-history"><small>(The opposing Moltres loses Flying type this turn.)</small><br></div><div class="spacer battle-history"><br></div><div class="battle-history"><small>The opposing Moltres was hurt by poison!</small><br></div><div class="spacer battle-history"><br></div><h2 class="battle-history">Turn 68</h2><div class="spacer battle-history"><br></div><div class="battle-history">Gliscor used <strong>U-turn</strong>!<br></div><div class="battle-history"><small>It's not very effective...</small><br></div><div class="battle-history"><small>(The opposing Moltres lost 2% of its health!)</small><br></div><div class="spacer battle-history"><br></div><div class="battle-history">Gliscor went back to Way of Bandana!<br></div><div class="battle-history">Go! <strong>Victini</strong>!<br></div><div class="spacer battle-history"><br></div><div class="battle-history">The opposing Moltres used <strong>Scorching Sands</strong>!<br></div><div class="battle-history"><small>It's super effective!</small><br></div><div class="battle-history"><small>(Victini lost <abbr title="−136/341">39.9%</abbr> of its health!)</small><br></div><div class="spacer battle-history"><br></div><div class="battle-history"><small>The opposing Moltres was hurt by poison!</small><br></div><div class="spacer battle-history"><br></div><h2 class="battle-history">Turn 69</h2><div class="spacer battle-history"><br></div><div class="battle-history">exploziff withdrew Moltres!<br></div><div class="battle-history">exploziff sent out Billy (<strong>Ferrothorn</strong>)!<br></div><div class="spacer battle-history"><br></div><div class="battle-history">Victini used <strong>Bolt Strike</strong>!<br></div><div class="battle-history"><small>It's not very effective...</small><br></div><div class="battle-history"><small>(The opposing Billy lost 15% of its health!)</small><br></div><div class="battle-history">[The opposing Billy's Iron Barbs]<br><small>Victini was hurt!</small><br></div><div class="spacer battle-history"><br></div><h2 class="battle-history">Turn 70</h2><div class="spacer battle-history"><br></div><div class="battle-history">Victini used <strong>Bolt Strike</strong>!<br></div><div class="battle-history"><small>It's not very effective...</small><br></div><div class="battle-history"><small>(The opposing Billy lost 3% of its health!)</small><br></div><div class="battle-history">[The opposing Billy's Iron Barbs]<br><small>Victini was hurt!</small><br></div><div class="spacer battle-history"><br></div><div class="battle-history">The opposing Billy fainted!<br></div><div class="spacer battle-history"><br></div><div class="battle-history">exploziff sent out Landorus (<strong>Landorus-Therian</strong>)!<br></div><div class="battle-history">[The opposing Landorus's Intimidate]<br></div><div class="battle-history"><small>Victini's Attack fell!</small><br></div><div class="spacer battle-history"><br></div><h2 class="battle-history">Turn 71</h2><div class="chat chatmessage-simpyshrimp"><strong style="color:#ae6819"><small> </small><span class="username" data-name="SimpyShrimp">SimpyShrimp</span>:</strong> <em>finally</em></div><div class="chat chatmessage-wayofbandana mine"><strong style="color:#ae5b4b"><small>☆</small><span class="username" data-name="Way of Bandana">Way of Bandana</span>:</strong> <em>Funny how both ferro are gone</em></div><div class="chat chatmessage-simpyshrimp"><strong style="color:#ae6819"><small> </small><span class="username" data-name="SimpyShrimp">SimpyShrimp</span>:</strong> <em>exploziff loss one mon</em></div><div class="spacer battle-history"><br></div><div class="battle-history">Victini, come back!<br></div><div class="battle-history">Go! <strong>Gliscor</strong>!<br></div><div class="spacer battle-history"><br></div><div class="battle-history">The opposing Landorus used <strong>U-turn</strong>!<br></div><div class="battle-history"><small>It's not very effective...</small><br></div><div class="battle-history"><small>(Gliscor lost <abbr title="−35/352">9.9%</abbr> of its health!)</small><br></div><div class="spacer battle-history"><br></div><div class="battle-history">The opposing Landorus went back to exploziff!<br></div><div class="battle-history">exploziff sent out Bandana (<strong>Toxapex</strong>)!<br></div><div class="spacer battle-history"><br></div><div class="battle-history">[Gliscor's Poison Heal]<br><small>Gliscor had its HP restored.</small><br></div><div class="spacer battle-history"><br></div><h2 class="battle-history">Turn 72</h2><div class="chat chatmessage-simpyshrimp"><strong style="color:#ae6819"><small> </small><span class="username" data-name="SimpyShrimp">SimpyShrimp</span>:</strong> <em>oh</em></div><div class="spacer battle-history"><br></div><div class="battle-history">Gliscor used <strong>U-turn</strong>!<br></div><div class="battle-history"><small>It's not very effective...</small><br></div><div class="battle-history"><small>(The opposing Bandana lost 6% of its health!)</small><br></div><div class="spacer battle-history"><br></div><div class="battle-history">Gliscor went back to Way of Bandana!<br></div><div class="battle-history">Go! Toxtricity (<strong>Toxtricity-Low-Key-Mega</strong>)!<br></div><div class="battle-history">[Toxtricity's Acid Rock]<br></div><div class="battle-history"><small>It doesn't affect the opposing Bandana...</small><br></div><div class="spacer battle-history"><br></div><div class="battle-history">The opposing Bandana used <strong>Liquidation</strong>!<br></div><div class="battle-history"><small>(Toxtricity lost <abbr title="−147/353">41.6%</abbr> of its health!)</small><br></div><div class="spacer battle-history"><br></div><h2 class="battle-history">Turn 73</h2><div class="chat chatmessage-simpyshrimp"><strong style="color:#ae6819"><small> </small><span class="username" data-name="SimpyShrimp">SimpyShrimp</span>:</strong> <em>bandana cultist being threaten by bandana</em></div><div class="spacer battle-history"><br></div><div class="battle-history">Toxtricity used <strong>Protect</strong>!<br></div><div class="battle-history"><small>Toxtricity protected itself!</small><br></div><div class="spacer battle-history"><br></div><div class="battle-history">The opposing Bandana used <strong>Liquidation</strong>!<br></div><div class="battle-history"><small>Toxtricity protected itself!</small><br></div><div class="spacer battle-history"><br></div><h2 class="battle-history">Turn 74</h2><div class="spacer battle-history"><br></div><div class="battle-history">Toxtricity used <strong>Volt Switch</strong>!<br></div><div class="battle-history"><small>It's super effective!</small><br></div><div class="battle-history"><small>(The opposing Bandana lost 43% of its health!)</small><br></div><div class="chat chatmessage-exploziff"><strong style="color:#70a52f"><small>☆</small><span class="username" data-name="exploziff">exploziff</span>:</strong> <em>actually with ferro gone bandana look really good</em></div><div class="spacer battle-history"><br></div><div class="battle-history">Toxtricity went back to Way of Bandana!<br></div><div class="battle-history">Go! <strong>Celesteela</strong>!<br></div><div class="spacer battle-history"><br></div><div class="battle-history">The opposing Bandana used <strong>Liquidation</strong>!<br></div><div class="battle-history"><small>(Celesteela lost <abbr title="−142/398">35.7%</abbr> of its health!)</small><br></div><div class="battle-history"><small>Celesteela's Defense fell!</small><br></div><div class="spacer battle-history"><br></div><div class="battle-history"><small>Celesteela restored a little HP using its Leftovers!</small><br></div><div class="spacer battle-history"><br></div><h2 class="battle-history">Turn 75</h2><div class="chat chatmessage-wayofbandana mine"><strong style="color:#ae5b4b"><small>☆</small><span class="username" data-name="Way of Bandana">Way of Bandana</span>:</strong> <em>This does a lot more than I would like</em></div><div class="spacer battle-history"><br></div><div class="battle-history">Celesteela used <strong>Leech Seed</strong>!<br></div><div class="battle-history"><small>The opposing Bandana was seeded!</small><br></div><div class="spacer battle-history"><br></div><div class="battle-history">The opposing Bandana used <strong>Liquidation</strong>!<br></div><div class="battle-history"><small>(Celesteela lost <abbr title="−229/398">57.5%</abbr> of its health!)</small><br></div><div class="spacer battle-history"><br></div><div class="battle-history"><small>Celesteela restored a little HP using its Leftovers!</small><br></div><div class="battle-history"><small>The opposing Bandana's health is sapped by Leech Seed!</small><br></div><div class="spacer battle-history"><br></div><h2 class="battle-history">Turn 76</h2><div class="chat chatmessage-simpyshrimp"><strong style="color:#ae6819"><small> </small><span class="username" data-name="SimpyShrimp">SimpyShrimp</span>:</strong> <em>that does</em></div><div class="spacer battle-history"><br></div><div class="battle-history">Celesteela, come back!<br></div><div class="battle-history">Go! <strong>Greninja</strong>!<br></div><div class="spacer battle-history"><br></div><div class="battle-history">The opposing Bandana used <strong>Liquidation</strong>!<br></div><div class="battle-history"><small>It's not very effective...</small><br></div><div class="battle-history"><small>(Greninja lost <abbr title="−117/285">41.1%</abbr> of its health!)</small><br></div><div class="spacer battle-history"><br></div><div class="battle-history"><small>The opposing Bandana's health is sapped by Leech Seed!</small><br></div><div class="spacer battle-history"><br></div><h2 class="battle-history">Turn 77</h2><div class="spacer battle-history"><br></div><div class="battle-history">exploziff withdrew Bandana!<br></div><div class="battle-history">exploziff sent out Dragalge (<strong>Dragalge-Mega</strong>)!<br></div><div class="battle-history">[The opposing Dragalge's Acidic Surge]<br><small>(Acidic Terrain started!)</small><br></div><div class="battle-history"><small>Poison-type moves used by grounded Pokémon will have their power increased.</small><br></div><div class="battle-history"><small>Grounded Steel-type Pokémon will also lose their immunity to Poison-type moves.</small><br></div><div class="spacer battle-history"><br></div><div class="battle-history">Greninja used <strong>Hydro Pump</strong>!<br></div><div class="spacer battle-history"><br></div><div class="battle-history">[Greninja's Protean]<br><small>Greninja's type changed to Water!</small><br></div><div class="battle-history"><small>The opposing Dragalge avoided the attack!</small><br></div><div class="spacer battle-history"><br></div><h2 class="battle-history">Turn 78</h2><div class="spacer battle-history"><br></div><div class="battle-history">Greninja used <strong>Ice Beam</strong>!<br></div><div class="spacer battle-history"><br></div><div class="battle-history">[Greninja's Protean]<br><small>Greninja's type changed to Ice!</small><br></div><div class="battle-history"><small>It's super effective!</small><br></div><div class="battle-history"><small>(The opposing Dragalge lost 52% of its health!)</small><br></div><div class="spacer battle-history"><br></div><div class="battle-history">The opposing Dragalge fainted!<br></div><div class="spacer battle-history"><br></div><div class="battle-history">exploziff sent out Bandana (<strong>Toxapex</strong>)!<br></div><div class="spacer battle-history"><br></div><h2 class="battle-history">Turn 79</h2><div class="chat chatmessage-simpyshrimp"><strong style="color:#ae6819"><small> </small><span class="username" data-name="SimpyShrimp">SimpyShrimp</span>:</strong> <em>oh no</em></div><div class="spacer battle-history"><br></div><div class="battle-history">Greninja used <strong>U-turn</strong>!<br></div><div class="spacer battle-history"><br></div><div class="battle-history">[Greninja's Protean]<br><small>Greninja's type changed to Bug!</small><br></div><div class="battle-history"><small>It's not very effective...</small><br></div><div class="battle-history"><small>(The opposing Bandana lost 10% of its health!)</small><br></div><div class="spacer battle-history"><br></div><div class="battle-history">Greninja went back to Way of Bandana!<br></div><div class="battle-history">Go! Toxtricity (<strong>Toxtricity-Low-Key-Mega</strong>)!<br></div><div class="battle-history">[Toxtricity's Acid Rock]<br></div><div class="battle-history"><small>It doesn't affect the opposing Bandana...</small><br></div><div class="spacer battle-history"><br></div><div class="battle-history">The opposing Bandana used <strong>Liquidation</strong>!<br></div><div class="battle-history"><small>(Toxtricity lost <abbr title="−147/353">41.6%</abbr> of its health!)</small><br></div><div class="battle-history"><small>Toxtricity's Defense fell!</small><br></div><div class="spacer battle-history"><br></div><h2 class="battle-history">Turn 80</h2><div class="chat chatmessage-simpyshrimp"><strong style="color:#ae6819"><small> </small><span class="username" data-name="SimpyShrimp">SimpyShrimp</span>:</strong> <em>gunk shot?</em></div><div class="spacer battle-history"><br></div><div class="battle-history">exploziff withdrew Bandana!<br></div><div class="battle-history">exploziff sent out Landorus (<strong>Landorus-Therian</strong>)!<br></div><div class="battle-history">[The opposing Landorus's Intimidate]<br></div><div class="battle-history"><small>Toxtricity's Attack fell!</small><br></div><div class="spacer battle-history"><br></div><div class="battle-history">Toxtricity used <strong>Volt Switch</strong>!<br></div><div class="battle-history"><small>It doesn't affect the opposing Landorus...</small><br></div><div class="spacer battle-history"><br></div><div class="battle-history"><small>The opposing Landorus was hurt by poison!</small><br></div><div class="spacer battle-history"><br></div><h2 class="battle-history">Turn 81</h2><div class="spacer battle-history"><br></div><div class="battle-history">Toxtricity used <strong>Protect</strong>!<br></div><div class="battle-history"><small>Toxtricity protected itself!</small><br></div><div class="spacer battle-history"><br></div><div class="battle-history">The opposing Landorus used <strong>Earthquake</strong>!<br></div><div class="battle-history"><small>Toxtricity protected itself!</small><br></div><div class="spacer battle-history"><br></div><div class="battle-history"><small>The opposing Landorus was hurt by poison!</small><br></div><div class="battle-history"><small>(Acidic Terrain ended!)</small><br></div><div class="spacer battle-history"><br></div><h2 class="battle-history">Turn 82</h2><div class="spacer battle-history"><br></div><div class="battle-history">Toxtricity, come back!<br></div><div class="battle-history">Go! <strong>Celesteela</strong>!<br></div><div class="spacer battle-history"><br></div><div class="battle-history">The opposing Landorus used <strong>Earthquake</strong>!<br></div><div class="battle-history"><small>It doesn't affect Celesteela...</small><br></div><div class="spacer battle-history"><br></div><div class="battle-history"><small>Celesteela restored a little HP using its Leftovers!</small><br></div><div class="battle-history"><small>The opposing Landorus was hurt by poison!</small><br></div><div class="spacer battle-history"><br></div><h2 class="battle-history">Turn 83</h2><div class="spacer battle-history"><br></div><div class="battle-history">exploziff withdrew Landorus!<br></div><div class="battle-history">exploziff sent out <strong>Moltres</strong>!<br></div><div class="spacer battle-history"><br></div><div class="battle-history">Celesteela used <strong>Leech Seed</strong>!<br></div><div class="battle-history"><small>The opposing Moltres was seeded!</small><br></div><div class="spacer battle-history"><br></div><div class="battle-history"><small>Celesteela restored a little HP using its Leftovers!</small><br></div><div class="battle-history"><small>The opposing Moltres's health is sapped by Leech Seed!</small><br></div><div class="battle-history"><small>The opposing Moltres was hurt by poison!</small><br></div><div class="spacer battle-history"><br></div><h2 class="battle-history">Turn 84</h2><div class="spacer battle-history"><br></div><div class="battle-history">Celesteela, come back!<br></div><div class="battle-history">Go! <strong>Greninja</strong>!<br></div><div class="spacer battle-history"><br></div><div class="battle-history">The opposing Moltres used <strong>Mystical Fire</strong>!<br></div><div class="battle-history"><small>It's not very effective...</small><br></div><div class="battle-history"><small>(Greninja lost <abbr title="−65/285">22.8%</abbr> of its health!)</small><br></div><div class="battle-history"><small>Greninja's Sp. Atk fell!</small><br></div><div class="spacer battle-history"><br></div><div class="battle-history"><small>The opposing Moltres's health is sapped by Leech Seed!</small><br></div><div class="battle-history"><small>The opposing Moltres was hurt by poison!</small><br></div><div class="spacer battle-history"><br></div><h2 class="battle-history">Turn 85</h2><div class="spacer battle-history"><br></div><div class="battle-history">Greninja used <strong>Ice Beam</strong>!<br></div><div class="spacer battle-history"><br></div><div class="battle-history">[Greninja's Protean]<br><small>Greninja's type changed to Ice!</small><br></div><div class="battle-history"><small>(The opposing Moltres lost 20% of its health!)</small><br></div><div class="spacer battle-history"><br></div><div class="battle-history">The opposing Moltres fainted!<br></div><div class="spacer battle-history"><br></div><div class="battle-history">exploziff sent out Bandana (<strong>Toxapex</strong>)!<br></div><div class="spacer battle-history"><br></div><h2 class="battle-history">Turn 86</h2><div class="chat chatmessage-wayofbandana mine"><strong style="color:#ae5b4b"><small>☆</small><span class="username" data-name="Way of Bandana">Way of Bandana</span>:</strong> <em>Bandana the real threat</em></div><div class="chat chatmessage-wayofbandana mine"><strong style="color:#ae5b4b"><small>☆</small><span class="username" data-name="Way of Bandana">Way of Bandana</span>:</strong> <em>Lmao</em></div><div class="spacer battle-history"><br></div><div class="battle-history">Greninja used <strong>U-turn</strong>!<br></div><div class="spacer battle-history"><br></div><div class="battle-history">[Greninja's Protean]<br><small>Greninja's type changed to Bug!</small><br></div><div class="battle-history"><small>It's not very effective...</small><br></div><div class="battle-history"><small>(The opposing Bandana lost 9% of its health!)</small><br></div><div class="chat chatmessage-exploziff"><strong style="color:#70a52f"><small>☆</small><span class="username" data-name="exploziff">exploziff</span>:</strong> <em>it's like super threatenening</em></div><div class="spacer battle-history"><br></div><div class="battle-history">Greninja went back to Way of Bandana!<br></div><div class="battle-history">Go! <strong>Celesteela</strong>!<br></div><div class="spacer battle-history"><br></div><div class="battle-history">The opposing Bandana used <strong>Liquidation</strong>!<br></div><div class="battle-history"><small>(Celesteela lost <abbr title="−160/398">40.2%</abbr> of its health!)</small><br></div><div class="spacer battle-history"><br></div><div class="battle-history"><small>Celesteela restored a little HP using its Leftovers!</small><br></div><div class="spacer battle-history"><br></div><h2 class="battle-history">Turn 87</h2><div class="chat"><small> SimpyShrimp left</small></div><div class="spacer battle-history"><br></div><div class="battle-history">Celesteela used <strong>Protect</strong>!<br></div><div class="battle-history"><small>Celesteela protected itself!</small><br></div><div class="spacer battle-history"><br></div><div class="battle-history">The opposing Bandana used <strong>Liquidation</strong>!<br></div><div class="battle-history"><small>Celesteela protected itself!</small><br></div><div class="spacer battle-history"><br></div><div class="battle-history"><small>Celesteela restored a little HP using its Leftovers!</small><br></div><div class="spacer battle-history"><br></div><h2 class="battle-history">Turn 88</h2><div class="spacer battle-history"><br></div><div class="battle-history">Celesteela used <strong>Leech Seed</strong>!<br></div><div class="battle-history"><small>The opposing Bandana was seeded!</small><br></div><div class="spacer battle-history"><br></div><div class="battle-history">The opposing Bandana used <strong>Liquidation</strong>!<br></div><div class="battle-history"><small>(Celesteela lost <abbr title="−96/398">24.1%</abbr> of its health!)</small><br></div><div class="spacer battle-history"><br></div><div class="battle-history">Celesteela fainted!<br></div><div class="spacer battle-history"><br></div><div class="battle-history">Go! Toxtricity (<strong>Toxtricity-Low-Key-Mega</strong>)!<br></div><div class="battle-history">[Toxtricity's Acid Rock]<br></div><div class="battle-history"><small>It doesn't affect the opposing Bandana...</small><br></div><div class="spacer battle-history"><br></div><h2 class="battle-history">Turn 89</h2><div class="spacer battle-history"><br></div><div class="battle-history">Toxtricity used <strong>Slack Off</strong>!<br></div><div class="battle-history"><small>Toxtricity had its HP restored.</small><br></div><div class="spacer battle-history"><br></div><div class="battle-history">The opposing Bandana used <strong>Liquidation</strong>!<br></div><div class="battle-history"><small>(Toxtricity lost <abbr title="−148/353">41.9%</abbr> of its health!)</small><br></div><div class="spacer battle-history"><br></div><div class="battle-history"><small>The opposing Bandana's health is sapped by Leech Seed!</small><br></div><div class="spacer battle-history"><br></div><h2 class="battle-history">Turn 90</h2><div class="spacer battle-history"><br></div><div class="battle-history">Toxtricity used <strong>Slack Off</strong>!<br></div><div class="battle-history"><small>Toxtricity had its HP restored.</small><br></div><div class="spacer battle-history"><br></div><div class="battle-history">The opposing Bandana used <strong>Liquidation</strong>!<br></div><div class="battle-history"><small>(Toxtricity lost <abbr title="−148/353">41.9%</abbr> of its health!)</small><br></div><div class="battle-history"><small>Toxtricity's Defense fell!</small><br></div><div class="spacer battle-history"><br></div><div class="battle-history"><small>The opposing Bandana's health is sapped by Leech Seed!</small><br></div><div class="spacer battle-history"><br></div><h2 class="battle-history">Turn 91</h2><div class="spacer battle-history"><br></div><div class="battle-history">Toxtricity used <strong>Volt Switch</strong>!<br></div><div class="battle-history"><small>It's super effective!</small><br></div><div class="battle-history"><small>(The opposing Bandana lost 43% of its health!)</small><br></div><div class="spacer battle-history"><br></div><div class="battle-history">The opposing Bandana fainted!<br></div><div class="chat chatmessage-exploziff"><strong style="color:#70a52f"><small>☆</small><span class="username" data-name="exploziff">exploziff</span>:</strong> <em>shot</em></div><div class="spacer battle-history"><br></div><div class="battle-history">Toxtricity went back to Way of Bandana!<br></div><div class="battle-history">Go! <strong>Victini</strong>!<br></div><div class="spacer battle-history"><br></div><div class="battle-history">exploziff sent out Landorus (<strong>Landorus-Therian</strong>)!<br></div><div class="battle-history">[The opposing Landorus's Intimidate]<br></div><div class="battle-history"><small>Victini's Attack fell!</small><br></div><div class="spacer battle-history"><br></div><h2 class="battle-history">Turn 92</h2><div class="spacer battle-history"><br></div><div class="battle-history">Victini used <strong>V-create</strong>!<br></div><div class="battle-history"><small>(The opposing Landorus lost 7% of its health!)</small><br></div><div class="battle-history"><small>Victini's Speed fell!</small><br></div><div class="battle-history"><small>Victini's Defense fell!</small><br></div><div class="battle-history"><small>Victini's Sp. Def fell!</small><br></div><div class="spacer battle-history"><br></div><div class="battle-history">The opposing Landorus fainted!<br></div><div class="spacer battle-history"><br></div><div class="battle-history">exploziff sent out <strong>Porygon-Z</strong>!<br></div><div class="spacer battle-history"><br></div><h2 class="battle-history">Turn 93</h2><div class="spacer battle-history"><br></div><div class="battle-history">Victini, come back!<br></div><div class="battle-history">Go! Toxtricity (<strong>Toxtricity-Low-Key-Mega</strong>)!<br></div><div class="battle-history">[Toxtricity's Acid Rock]<br><small>The opposing Porygon-Z was poisoned!</small><br></div><div class="battle-history"><small>The opposing Porygon-Z surrounded itself with its Z-Power!</small><br></div><div class="spacer battle-history"><br></div><div class="battle-history">The opposing Porygon-Z used <strong>Z-Conversion</strong>!<br></div><div class="battle-history"><small>The opposing Porygon-Z boosted its Attack using its Z-Power!</small><br></div><div class="battle-history"><small>The opposing Porygon-Z boosted its Defense using its Z-Power!</small><br></div><div class="battle-history"><small>The opposing Porygon-Z boosted its Sp. Atk using its Z-Power!</small><br></div><div class="battle-history"><small>The opposing Porygon-Z boosted its Sp. Def using its Z-Power!</small><br></div><div class="battle-history"><small>The opposing Porygon-Z boosted its Speed using its Z-Power!</small><br></div><div class="battle-history"><small>The opposing Porygon-Z's type changed to Electric!</small><br></div><div class="spacer battle-history"><br></div><div class="battle-history"><small>The opposing Porygon-Z was hurt by poison!</small><br></div><div class="spacer battle-history"><br></div><h2 class="battle-history">Turn 94</h2><div class="spacer battle-history"><br></div><div class="battle-history">The opposing Porygon-Z used <strong>Ice Beam</strong>!<br></div><div class="battle-history"><small>(Toxtricity lost <abbr title="−108/353">30.6%</abbr> of its health!)</small><br></div><div class="spacer battle-history"><br></div><div class="battle-history">Toxtricity used <strong>Slack Off</strong>!<br></div><div class="battle-history"><small>Toxtricity had its HP restored.</small><br></div><div class="spacer battle-history"><br></div><div class="battle-history"><small>The opposing Porygon-Z was hurt by poison!</small><br></div><div class="spacer battle-history"><br></div><h2 class="battle-history">Turn 95</h2><div class="chat chatmessage-exploziff"><strong style="color:#70a52f"><small>☆</small><span class="username" data-name="exploziff">exploziff</span>:</strong> <em>freeze ?</em></div><div class="spacer battle-history"><br></div><div class="battle-history">Toxtricity used <strong>Protect</strong>!<br></div><div class="battle-history"><small>Toxtricity protected itself!</small><br></div><div class="spacer battle-history"><br></div><div class="battle-history">The opposing Porygon-Z used <strong>Ice Beam</strong>!<br></div><div class="battle-history"><small>Toxtricity protected itself!</small><br></div><div class="spacer battle-history"><br></div><div class="battle-history"><small>The opposing Porygon-Z was hurt by poison!</small><br></div><div class="spacer battle-history"><br></div><h2 class="battle-history">Turn 96</h2><div class="spacer battle-history"><br></div><div class="battle-history">The opposing Porygon-Z used <strong>Ice Beam</strong>!<br></div><div class="battle-history"><small>(Toxtricity lost <abbr title="−105/353">29.7%</abbr> of its health!)</small><br></div><div class="spacer battle-history"><br></div><div class="battle-history">Toxtricity used <strong>Slack Off</strong>!<br></div><div class="battle-history"><small>Toxtricity had its HP restored.</small><br></div><div class="spacer battle-history"><br></div><div class="battle-history"><small>The opposing Porygon-Z was hurt by poison!</small><br></div><div class="spacer battle-history"><br></div><h2 class="battle-history">Turn 97</h2><div class="spacer battle-history"><br></div><div class="battle-history">Toxtricity used <strong>Protect</strong>!<br></div><div class="battle-history"><small>Toxtricity protected itself!</small><br></div><div class="spacer battle-history"><br></div><div class="battle-history">The opposing Porygon-Z used <strong>Recover</strong>!<br></div><div class="battle-history"><small>The opposing Porygon-Z had its HP restored.</small><br></div><div class="spacer battle-history"><br></div><div class="battle-history"><small>The opposing Porygon-Z was hurt by poison!</small><br></div><div class="spacer battle-history"><br></div><h2 class="battle-history">Turn 98</h2><div class="spacer battle-history"><br></div><div class="battle-history">The opposing Porygon-Z used <strong>Ice Beam</strong>!<br></div><div class="battle-history"><small>(Toxtricity lost <abbr title="−92/353">26.1%</abbr> of its health!)</small><br></div><div class="spacer battle-history"><br></div><div class="battle-history">Toxtricity used <strong>Sludge Bomb</strong>!<br></div><div class="battle-history"><small>(The opposing Porygon-Z lost 31% of its health!)</small><br></div><div class="spacer battle-history"><br></div><div class="battle-history"><small>The opposing Porygon-Z was hurt by poison!</small><br></div><div class="spacer battle-history"><br></div><h2 class="battle-history">Turn 99</h2><div class="spacer battle-history"><br></div><div class="battle-history">The opposing Porygon-Z used <strong>Ice Beam</strong>!<br></div><div class="battle-history"><small>(Toxtricity lost <abbr title="−99/353">28.0%</abbr> of its health!)</small><br></div><div class="spacer battle-history"><br></div><div class="battle-history">Toxtricity used <strong>Sludge Bomb</strong>!<br></div><div class="battle-history"><small>(The opposing Porygon-Z lost 30% of its health!)</small><br></div><div class="spacer battle-history"><br></div><div class="battle-history"><small>The opposing Porygon-Z was hurt by poison!</small><br></div><div class="spacer battle-history"><br></div><h2 class="battle-history">Turn 100</h2><div class="spacer battle-history"><br></div><div class="battle-history">The opposing Porygon-Z used <strong>Recover</strong>!<br></div><div class="battle-history"><small>The opposing Porygon-Z had its HP restored.</small><br></div><div class="spacer battle-history"><br></div><div class="battle-history">Toxtricity used <strong>Volt Switch</strong>!<br></div><div class="battle-history"><small>It's not very effective...</small><br></div><div class="battle-history"><small>(The opposing Porygon-Z lost 12% of its health!)</small><br></div><div class="spacer battle-history"><br></div><div class="battle-history">Toxtricity went back to Way of Bandana!<br></div><div class="battle-history">Go! <strong>Victini</strong>!<br></div><div class="spacer battle-history"><br></div><div class="battle-history"><small>The opposing Porygon-Z was hurt by poison!</small><br></div><div class="spacer battle-history"><br></div><h2 class="battle-history">Turn 101</h2><div class="spacer battle-history"><br></div><div class="battle-history">Victini used <strong>V-create</strong>!<br></div><div class="battle-history"><small>(The opposing Porygon-Z lost 29% of its health!)</small><br></div><div class="battle-history"><small>Victini's Speed fell!</small><br></div><div class="battle-history"><small>Victini's Defense fell!</small><br></div><div class="battle-history"><small>Victini's Sp. Def fell!</small><br></div><div class="spacer battle-history"><br></div><div class="battle-history">The opposing Porygon-Z fainted!<br></div><div class="spacer battle-history"><br></div><div class="battle-history"><strong>Way of Bandana</strong> won the battle!<br></div><div class="chat chatmessage-exploziff"><strong style="color:#70a52f"><small>☆</small><span class="username" data-name="exploziff">exploziff</span>:</strong> <em>gg</em></div><div class="chat chatmessage-wayofbandana mine"><strong style="color:#ae5b4b"><small>☆</small><span class="username" data-name="Way of Bandana">Way of Bandana</span>:</strong> <em>Gg</em></div><div class="chat chatmessage-wayofbandana mine"><strong style="color:#ae5b4b"><small>☆</small><span class="username" data-name="Way of Bandana">Way of Bandana</span>:</strong> <em>Cool battle</em></div><div class="chat chatmessage-exploziff"><strong style="color:#70a52f"><small>☆</small><span class="username" data-name="exploziff">exploziff</span>:</strong> <em>i didn't manage to find the righ time to setup p-z</em></div><div class="chat chatmessage-wayofbandana mine"><strong style="color:#ae5b4b"><small>☆</small><span class="username" data-name="Way of Bandana">Way of Bandana</span>:</strong> <em>I have to show Paul that Bandana</em></div><div class="chat chatmessage-exploziff"><strong style="color:#70a52f"><small>☆</small><span class="username" data-name="exploziff">exploziff</span>:</strong> <em>yeah that Bandana put so much work x)</em></div><div class="chat chatmessage-wayofbandana mine"><strong style="color:#ae5b4b"><small>☆</small><span class="username" data-name="Way of Bandana">Way of Bandana</span>:</strong> <em>Really cool if you to use that</em></div><div class="chat chatmessage-wayofbandana mine"><strong style="color:#ae5b4b"><small>☆</small><span class="username" data-name="Way of Bandana">Way of Bandana</span>:</strong> <em>Made my day :D</em></div><div class="chat chatmessage-exploziff"><strong style="color:#70a52f"><small>☆</small><span class="username" data-name="exploziff">exploziff</span>:</strong> <em>i wanted to make a Billy x Bandana team</em></div></div><div class="inner-preempt message-log"></div></div></div>
</div>
<script>
let daily = Math.floor(Date.now()/1000/60/60/24);document.write('<script src="https://dragonheaven.herokuapp.com/js/replay-embed.js?version'+daily+'"></'+'script>');
</script>
