<!DOCTYPE html>
<meta charset="utf-8" />
<!-- version 1 -->
<title>[Gen 8] M4A VGC replay: BlazingHero657 vs. Jake880305</title>
<style>
html,body {font-family:Verdana, sans-serif;font-size:10pt;margin:0;padding:0;}body{padding:12px 0;} .battle-log {font-family:Verdana, sans-serif;font-size:10pt;} .battle-log-inline {border:1px solid #AAAAAA;background:#EEF2F5;color:black;max-width:640px;margin:0 auto 80px;padding-bottom:5px;} .battle-log .inner {padding:4px 8px 0px 8px;} .battle-log .inner-preempt {padding:0 8px 4px 8px;} .battle-log .inner-after {margin-top:0.5em;} .battle-log h2 {margin:0.5em -8px;padding:4px 8px;border:1px solid #AAAAAA;background:#E0E7EA;border-left:0;border-right:0;font-family:Verdana, sans-serif;font-size:13pt;} .battle-log .chat {vertical-align:middle;padding:3px 0 3px 0;font-size:8pt;} .battle-log .chat strong {color:#40576A;} .battle-log .chat em {padding:1px 4px 1px 3px;color:#000000;font-style:normal;} .chat.mine {background:rgba(0,0,0,0.05);margin-left:-8px;margin-right:-8px;padding-left:8px;padding-right:8px;} .spoiler {color:#BBBBBB;background:#BBBBBB;padding:0px 3px;} .spoiler:hover, .spoiler:active, .spoiler-shown {color:#000000;background:#E2E2E2;padding:0px 3px;} .spoiler a {color:#BBBBBB;} .spoiler:hover a, .spoiler:active a, .spoiler-shown a {color:#2288CC;} .chat code, .chat .spoiler:hover code, .chat .spoiler:active code, .chat .spoiler-shown code {border:1px solid #C0C0C0;background:#EEEEEE;color:black;padding:0 2px;} .chat .spoiler code {border:1px solid #CCCCCC;background:#CCCCCC;color:#CCCCCC;} .battle-log .rated {padding:3px 4px;} .battle-log .rated strong {color:white;background:#89A;padding:1px 4px;border-radius:4px;} .spacer {margin-top:0.5em;} .message-announce {background:#6688AA;color:white;padding:1px 4px 2px;} .message-announce a, .broadcast-green a, .broadcast-blue a, .broadcast-red a {color:#DDEEFF;} .broadcast-green {background-color:#559955;color:white;padding:2px 4px;} .broadcast-blue {background-color:#6688AA;color:white;padding:2px 4px;} .infobox {border:1px solid #6688AA;padding:2px 4px;} .infobox-limited {max-height:200px;overflow:auto;overflow-x:hidden;} .broadcast-red {background-color:#AA5544;color:white;padding:2px 4px;} .message-learn-canlearn {font-weight:bold;color:#228822;text-decoration:underline;} .message-learn-cannotlearn {font-weight:bold;color:#CC2222;text-decoration:underline;} .message-effect-weak {font-weight:bold;color:#CC2222;} .message-effect-resist {font-weight:bold;color:#6688AA;} .message-effect-immune {font-weight:bold;color:#666666;} .message-learn-list {margin-top:0;margin-bottom:0;} .message-throttle-notice, .message-error {color:#992222;} .message-overflow, .chat small.message-overflow {font-size:0pt;} .message-overflow::before {font-size:9pt;content:'...';} .subtle {color:#3A4A66;}
</style>
<div class="wrapper replay-wrapper" style="max-width:1180px;margin:0 auto">
<input type="hidden" name="replayid" value="dragonheaven-gen8m4avgc-327" />
<div class="battle"></div><div class="battle-log"></div><div class="replay-controls"></div><div class="replay-controls-2"></div>
<h1 style="font-weight:normal;text-align:center"><strong>[Gen 8] M4A VGC</strong><br /><a href="http://pokemonshowdown.com/users/blazinghero657" class="subtle" target="_blank">BlazingHero657</a> vs. <a href="http://pokemonshowdown.com/users/jake880305" class="subtle" target="_blank">Jake880305</a></h1>
<script type="text/plain" class="battle-log-data">|j|☆BlazingHero657

|j|☆Jake880305
|t:|1630171407
|player|p1|BlazingHero657|veteran|
|player|p2|Jake880305|steven|
|teamsize|p1|6
|teamsize|p2|6
|gametype|doubles
|gen|8
|tier|[Gen 8] M4A VGC
|clearpoke
|poke|p1|Scizor, L50, M|
|poke|p1|Kingdra, L50, F|
|poke|p1|Clefairy, L50, F|
|poke|p1|Gothitelle, L50, F|
|poke|p1|Walrein, L50, M|
|poke|p1|Jellicent, L50, F|
|poke|p2|Corviknight, L50, M|
|poke|p2|Empoleon, L50, F|
|poke|p2|Heatran, L50, M|
|poke|p2|Clefairy, L50, F|
|poke|p2|Volcarona, L50, M|
|poke|p2|Kartana, L50|
|rule|Species Clause: Limit one of each Pokémon
|rule|Item Clause: Limit one of each item
|rule|Dynamax Clause: You cannot dynamax
|raw|<img src="https:\/\/www.smogon.com\/forums\/attachments\/banner_2-png.302358\/" height="65" width="381">
|-message|Welcome to Megas for All!
|-message|This is a National Dex-based format where we aim to give a new Mega Evolution to every Pokémon.
|-message|Just like any official format, you can still only Mega Evolve one Pokémon per team!
|-message|You can find our thread and metagame resources here:
|-message|https:\/\/www.smogon.com\/forums\/threads\/3671140\/
|teampreview|4
|c|☆Jake880305|glhf
|j| VGlaCeon
|j| pitterpatter5786
|j| analysis geek
|c|☆BlazingHero657|same to you.
|c| VGlaCeon|Hype
|j| BlueRayVGC
|c| VGlaCeon|Asf
|c|☆Jake880305|Im so scared of rain ngl
|c|☆BlazingHero657|:)
|c| pitterpatter5786|so this is the person who beat glaceon vs the person who beat me?
|c|☆Jake880305|Yes
|
|t:|1630171457
|start
|switch|p1a: Tusk|Walrein, L50, M|217\/217
|switch|p1b: Seafarer|Kingdra, L50, F, shiny|150\/150
|switch|p2a: Mirror Knight|Corviknight, L50, M|48\/48
|switch|p2b: Kirigami|Kartana, L50, shiny|48\/48
|turn|1
|c| VGlaCeon|Kirigami
|c| VGlaCeon|Kartana+origami
|c| VGlaCeon|Cool
|
|t:|1630171496
|detailschange|p1a: Tusk|Walrein-Mega, L50, M
|-mega|p1a: Tusk|Walrein|Walreinite
|-weather|RainDance|[from] ability: Drizzle|[of] p1a: Tusk
|-start|p1a: Tusk|typechange|Ice\/Water|[silent]
|raw|<ul class="utilichart"><li class="result"><span class="col pokemonnamecol" style="white-space: nowrap">Walrein-Mega<\/span> <span class="col typecol"><img src="https:\/\/play.pokemonshowdown.com\/sprites\/types\/Ice.png" alt="Ice" height="14" width="32"><img src="https:\/\/play.pokemonshowdown.com\/sprites\/types\/Water.png" alt="Water" height="14" width="32"><\/span> <span style="float: left ; min-height: 26px"><span class="col abilitycol">Drizzle<\/span><span class="col abilitycol"><\/span><\/span><span style="float: left ; min-height: 26px"><span class="col statcol"><em>HP<\/em><br>110<\/span> <span class="col statcol"><em>Atk<\/em><br>110<\/span> <span class="col statcol"><em>Def<\/em><br>90<\/span> <span class="col statcol"><em>SpA<\/em><br>145<\/span> <span class="col statcol"><em>SpD<\/em><br>90<\/span> <span class="col statcol"><em>Spe<\/em><br>85<\/span> <\/span><\/li><li style="clear: both"><\/li><\/ul>
|move|p1a: Tusk|Protect|p1a: Tusk
|-singleturn|p1a: Tusk|Protect
|move|p1b: Seafarer|Muddy Water|p2a: Mirror Knight|[spread] p2a,p2b
|-resisted|p2b: Kirigami
|-damage|p2a: Mirror Knight|31\/48
|-damage|p2b: Kirigami|13\/48
|move|p2b: Kirigami|Leaf Blade|p1b: Seafarer
|-damage|p1b: Seafarer|44\/150
|move|p2a: Mirror Knight|Bulk Up|p2a: Mirror Knight
|-boost|p2a: Mirror Knight|atk|1
|-boost|p2a: Mirror Knight|def|1
|
|-weather|RainDance|[upkeep]
|-heal|p2a: Mirror Knight|34\/48|[from] item: Leftovers
|upkeep
|turn|2
|c| pitterpatter5786|its literally the version of origami where youre allowed to cut the paper
|c| pitterpatter5786|nice nickname
|c|☆Jake880305|It actually refers to origami with cuts but yeah
|c|☆Jake880305|I like the name a lot haha
|c| VGlaCeon|Sorry me dum
|c|☆Jake880305|np
|
|t:|1630171533
|move|p2b: Kirigami|Detect|p2b: Kirigami
|-singleturn|p2b: Kirigami|Protect
|-zpower|p1b: Seafarer
|move|p1b: Seafarer|Hydro Vortex|p2b: Kirigami|[zeffect]
|-resisted|p2b: Kirigami
|-zbroken|p2b: Kirigami
|-damage|p2b: Kirigami|0 fnt
|faint|p2b: Kirigami
|move|p1a: Tusk|Hydro Pump|p2a: Mirror Knight|[miss]
|-miss|p1a: Tusk|p2a: Mirror Knight
|move|p2a: Mirror Knight|Body Press|p1a: Tusk
|-supereffective|p1a: Tusk
|-damage|p1a: Tusk|129\/217
|
|-weather|RainDance|[upkeep]
|-heal|p2a: Mirror Knight|37\/48|[from] item: Leftovers
|upkeep
|
|t:|1630171547
|switch|p2b: Fren|Clefairy, L50, F|48\/48
|turn|3
|c|☆BlazingHero657|oh wow
|c|☆Jake880305|jeez that bulk
|c|☆BlazingHero657|that did a lot less than i thought it would
|c|☆BlazingHero657|he a thick boi
|
|t:|1630171566
|move|p1b: Seafarer|Muddy Water|p2b: Fren|[spread] p2a,p2b
|-damage|p2a: Mirror Knight|25\/48
|-damage|p2b: Fren|33\/48
|-unboost|p2b: Fren|accuracy|1
|move|p1a: Tusk|Hydro Pump|p2a: Mirror Knight
|-damage|p2a: Mirror Knight|1\/48
|move|p2a: Mirror Knight|Bulk Up|p2a: Mirror Knight
|-boost|p2a: Mirror Knight|atk|1
|-boost|p2a: Mirror Knight|def|1
|move|p2b: Fren|Moonblast|p1b: Seafarer
|-supereffective|p1b: Seafarer
|-damage|p1b: Seafarer|0 fnt
|faint|p1b: Seafarer
|
|-weather|RainDance|[upkeep]
|-heal|p2a: Mirror Knight|4\/48|[from] item: Leftovers
|upkeep
|c| VGlaCeon|Thicc
|c| pitterpatter5786|thing tanked a thunderbolt from my aurorus
|c|☆Jake880305|aaaaaaah
|
|t:|1630171579
|switch|p1b: Saltwater|Jellicent, L50, F|207\/207
|turn|4
|c|☆Jake880305|god walrein so stronk
|c| pitterpatter5786|walrain
|c| VGlaCeon|Walrain
|c|☆BlazingHero657|it's real strong and that's why i like this team.
|c|☆Jake880305|I'm p sure I just loose to spout now ngl
|c|☆BlazingHero657|maybe.
|
|t:|1630171631
|move|p1a: Tusk|Hydro Pump|p2a: Mirror Knight|[miss]
|-miss|p1a: Tusk|p2a: Mirror Knight
|move|p2a: Mirror Knight|Body Press|p1a: Tusk
|-supereffective|p1a: Tusk
|-damage|p1a: Tusk|9\/217
|move|p1b: Saltwater|Water Spout|p2a: Mirror Knight|[spread] p2a,p2b
|-damage|p2a: Mirror Knight|0 fnt
|-damage|p2b: Fren|12\/48
|faint|p2a: Mirror Knight
|move|p2b: Fren|Heal Pulse|p2: Mirror Knight|[notarget]
|-fail|p2b: Fren
|
|-weather|RainDance|[upkeep]
|upkeep
|
|t:|1630171643
|switch|p2a: Vulcan|Heatran, L50, M|48\/48
|turn|5
|c| VGlaCeon|._.
|c| VGlaCeon|Paim
|
|t:|1630171665
|move|p2b: Fren|Follow Me|p2b: Fren
|-singleturn|p2b: Fren|move: Follow Me
|move|p2a: Vulcan|Earth Power|p1b: Saltwater
|-damage|p1b: Saltwater|151\/207
|move|p1a: Tusk|Slack Off|p1a: Tusk
|-heal|p1a: Tusk|118\/217
|move|p1b: Saltwater|Water Spout|p2b: Fren|[spread] p2a,p2b
|-supereffective|p2a: Vulcan
|-damage|p2a: Vulcan|9\/48y
|-damage|p2b: Fren|0 fnt
|faint|p2b: Fren
|
|-weather|none
|upkeep
|turn|6
|c|☆Jake880305|Oh my lord the bulk
|
|t:|1630171679
|switch|p1a: Stardust|Clefairy, L50, F|177\/177
|move|p1b: Saltwater|Protect|p1b: Saltwater
|-singleturn|p1b: Saltwater|Protect
|move|p2a: Vulcan|Earth Power|p1b: Saltwater
|-activate|p1b: Saltwater|move: Protect
|
|upkeep
|turn|7
|c| VGlaCeon|paaiiim
|c|☆Jake880305|Yeah ggs
|
|t:|1630171688
|move|p1a: Stardust|Follow Me|p1a: Stardust
|-singleturn|p1a: Stardust|move: Follow Me
|move|p2a: Vulcan|Earth Power|p1a: Stardust
|-damage|p1a: Stardust|139\/177
|move|p1b: Saltwater|Water Spout|p2a: Vulcan
|-supereffective|p2a: Vulcan
|-damage|p2a: Vulcan|0 fnt
|faint|p2a: Vulcan
|
|win|BlazingHero657
|c| VGlaCeon|Ggs
|l| analysis geek
|c|☆BlazingHero657|gg.
|c|☆BlazingHero657|ngl
|l| pitterpatter5786
|l| VGlaCeon
|c|☆BlazingHero657|kartana scares me.
|c|☆Jake880305|Oh god what do I do against this sheesh</script>
</div>
<div class="battle-log battle-log-inline"><div class="inner"><div class="battle-options"><div style="padding-top: 3px; padding-right: 3px; text-align: right"><button class="icon button" name="openBattleOptions" title="Options">Battle Options</button></div></div><div class="inner message-log"><div class="chat"><small>☆BlazingHero657 and ☆Jake880305 joined</small></div><div class=""><small>Format:</small> <br><strong>[Gen 8] M4A VGC</strong></div><div class=""><small><em>Species Clause:</em> Limit one of each Pokémon</small></div><div class=""><small><em>Item Clause:</em> Limit one of each item</small></div><div class=""><small><em>Dynamax Clause:</em> You cannot dynamax</small></div><div class="chat"><img src="https://www.smogon.com/forums/attachments/banner_2-png.302358/" height="65" width="381"></div><div class="spacer battle-history"><br></div><div class="battle-history"><small>Welcome to Megas for All!</small><br></div><div class="battle-history"><small>This is a National Dex-based format where we aim to give a new Mega Evolution to every Pokémon.</small><br></div><div class="battle-history"><small>Just like any official format, you can still only Mega Evolve one Pokémon per team!</small><br></div><div class="battle-history"><small>You can find our thread and metagame resources here:</small><br></div><div class="battle-history"><small>https://www.smogon.com/forums/threads/3671140/</small><br></div><div class="chat battle-history"><strong>BlazingHero657's team:</strong> <em style="color:#445566;display:block;">Scizor / Kingdra / Clefairy / Gothitelle / Walrein / Jellicent</em></div><div class="chat battle-history"><strong>Jake880305's team:</strong> <em style="color:#445566;display:block;">Corviknight / Empoleon / Heatran / Clefairy / Volcarona / Kartana</em></div><div class="chat chatmessage-jake880305"><strong style="color:#5b73c8"><small>☆</small><span class="username" data-name="Jake880305">Jake880305</span>:</strong> <em>glhf</em></div><div class="chat"><small> VGlaCeon,  pitterpatter5786, and  analysis geek joined</small></div><div class="chat chatmessage-blazinghero657 mine"><strong style="color:#2e9e35"><small>☆</small><span class="username" data-name="BlazingHero657">BlazingHero657</span>:</strong> <em>same to you.</em></div><div class="chat chatmessage-vglaceon"><strong style="color:#1da737"><small> </small><span class="username" data-name="VGlaCeon">VGlaCeon</span>:</strong> <em>Hype</em></div><div class="chat"><small> BlueRayVGC joined</small></div><div class="chat chatmessage-vglaceon"><strong style="color:#1da737"><small> </small><span class="username" data-name="VGlaCeon">VGlaCeon</span>:</strong> <em>Asf</em></div><div class="chat chatmessage-jake880305"><strong style="color:#5b73c8"><small>☆</small><span class="username" data-name="Jake880305">Jake880305</span>:</strong> <em>Im so scared of rain ngl</em></div><div class="chat chatmessage-blazinghero657 mine"><strong style="color:#2e9e35"><small>☆</small><span class="username" data-name="BlazingHero657">BlazingHero657</span>:</strong> <em>:)</em></div><div class="chat chatmessage-pitterpatter5786"><strong style="color:#b749aa"><small> </small><span class="username" data-name="pitterpatter5786">pitterpatter5786</span>:</strong> <em>so this is the person who beat glaceon vs the person who beat me?</em></div><div class="chat chatmessage-jake880305"><strong style="color:#5b73c8"><small>☆</small><span class="username" data-name="Jake880305">Jake880305</span>:</strong> <em>Yes</em></div><div class="spacer battle-history"><br></div><div class="battle-history">Battle started between BlazingHero657 and Jake880305!<br></div><div class="spacer battle-history"><br></div><div class="battle-history">Go! Tusk (<strong>Walrein</strong>)!<br></div><div class="spacer battle-history"><br></div><div class="battle-history">Go! Seafarer (<strong>Kingdra</strong>)!<br></div><div class="spacer battle-history"><br></div><div class="battle-history">Jake880305 sent out Mirror Knight (<strong>Corviknight</strong>)!<br></div><div class="spacer battle-history"><br></div><div class="battle-history">Jake880305 sent out Kirigami (<strong>Kartana</strong>)!<br></div><div class="spacer battle-history"><br></div><h2 class="battle-history">Turn 1</h2><div class="chat chatmessage-vglaceon"><strong style="color:#1da737"><small> </small><span class="username" data-name="VGlaCeon">VGlaCeon</span>:</strong> <em>Kirigami</em></div><div class="chat chatmessage-vglaceon"><strong style="color:#1da737"><small> </small><span class="username" data-name="VGlaCeon">VGlaCeon</span>:</strong> <em>Kartana+origami</em></div><div class="chat chatmessage-vglaceon"><strong style="color:#1da737"><small> </small><span class="username" data-name="VGlaCeon">VGlaCeon</span>:</strong> <em>Cool</em></div><div class="spacer battle-history"><br></div><div class="battle-history"><small>Tusk's Walreinite is reacting to the Key Stone!</small><br>Tusk has Mega Evolved into Mega Walrein!<br></div><div class="battle-history">[Tusk's Drizzle]<br><small>It started to rain!</small><br></div><div class="chat"><ul class="utilichart"><li class="result"><span class="col pokemonnamecol" style="white-space: nowrap">Walrein-Mega</span> <span class="col typecol"><img src="https://play.pokemonshowdown.com/sprites/types/Ice.png" alt="Ice" height="14" width="32"><img src="https://play.pokemonshowdown.com/sprites/types/Water.png" alt="Water" height="14" width="32"></span> <span style="float: left ; min-height: 26px"><span class="col abilitycol">Drizzle</span><span class="col abilitycol"></span></span><span style="float: left ; min-height: 26px"><span class="col statcol"><em>HP</em><br>110</span> <span class="col statcol"><em>Atk</em><br>110</span> <span class="col statcol"><em>Def</em><br>90</span> <span class="col statcol"><em>SpA</em><br>145</span> <span class="col statcol"><em>SpD</em><br>90</span> <span class="col statcol"><em>Spe</em><br>85</span> </span></li><li style="clear: both"></li></ul></div><div class="spacer battle-history"><br></div><div class="battle-history">Tusk used <strong>Protect</strong>!<br></div><div class="battle-history"><small>Tusk protected itself!</small><br></div><div class="spacer battle-history"><br></div><div class="battle-history">Seafarer used <strong>Muddy Water</strong>!<br></div><div class="battle-history"><small>It's not very effective on the opposing Kirigami.</small><br></div><div class="battle-history"><small>(The opposing Mirror Knight lost <abbr title="−17/48 pixels">33.4–35.4%</abbr> of its health!)</small><br></div><div class="battle-history"><small>(The opposing Kirigami lost <abbr title="−35/48 pixels">70.9–72.9%</abbr> of its health!)</small><br></div><div class="spacer battle-history"><br></div><div class="battle-history">The opposing Kirigami used <strong>Leaf Blade</strong>!<br></div><div class="battle-history"><small>(Seafarer lost <abbr title="−106/150">70.7%</abbr> of its health!)</small><br></div><div class="spacer battle-history"><br></div><div class="battle-history">The opposing Mirror Knight used <strong>Bulk Up</strong>!<br></div><div class="battle-history"><small>The opposing Mirror Knight's Attack rose!</small><br></div><div class="battle-history"><small>The opposing Mirror Knight's Defense rose!</small><br></div><div class="spacer battle-history"><br></div><div class="battle-history"><small>(Rain continues to fall.)</small><br></div><div class="battle-history"><small>The opposing Mirror Knight restored a little HP using its Leftovers!</small><br></div><div class="spacer battle-history"><br></div><h2 class="battle-history">Turn 2</h2><div class="chat chatmessage-pitterpatter5786"><strong style="color:#b749aa"><small> </small><span class="username" data-name="pitterpatter5786">pitterpatter5786</span>:</strong> <em>its literally the version of origami where youre allowed to cut the paper</em></div><div class="chat chatmessage-pitterpatter5786"><strong style="color:#b749aa"><small> </small><span class="username" data-name="pitterpatter5786">pitterpatter5786</span>:</strong> <em>nice nickname</em></div><div class="chat chatmessage-jake880305"><strong style="color:#5b73c8"><small>☆</small><span class="username" data-name="Jake880305">Jake880305</span>:</strong> <em>It actually refers to origami with cuts but yeah</em></div><div class="chat chatmessage-jake880305"><strong style="color:#5b73c8"><small>☆</small><span class="username" data-name="Jake880305">Jake880305</span>:</strong> <em>I like the name a lot haha</em></div><div class="chat chatmessage-vglaceon"><strong style="color:#1da737"><small> </small><span class="username" data-name="VGlaCeon">VGlaCeon</span>:</strong> <em>Sorry me dum</em></div><div class="chat chatmessage-jake880305"><strong style="color:#5b73c8"><small>☆</small><span class="username" data-name="Jake880305">Jake880305</span>:</strong> <em>np</em></div><div class="spacer battle-history"><br></div><div class="battle-history">The opposing Kirigami used <strong>Detect</strong>!<br></div><div class="battle-history"><small>The opposing Kirigami protected itself!</small><br></div><div class="battle-history"><small>Seafarer surrounded itself with its Z-Power!</small><br></div><div class="spacer battle-history"><br></div><div class="battle-history"><small>Seafarer unleashes its full-force Z-Move!</small><br>Seafarer used <strong>Hydro Vortex</strong>!<br></div><div class="battle-history"><small>It's not very effective...</small><br></div><div class="battle-history"><small>The opposing Kirigami couldn't fully protect itself and got hurt!</small><br></div><div class="battle-history"><small>(The opposing Kirigami lost <abbr title="−13/48 pixels">27.1–29.1%</abbr> of its health!)</small><br></div><div class="spacer battle-history"><br></div><div class="battle-history">The opposing Kirigami fainted!<br></div><div class="battle-history">Tusk used <strong>Hydro Pump</strong>!<br></div><div class="battle-history"><small>The opposing Mirror Knight avoided the attack!</small><br></div><div class="spacer battle-history"><br></div><div class="battle-history">The opposing Mirror Knight used <strong>Body Press</strong>!<br></div><div class="battle-history"><small>It's super effective!</small><br></div><div class="battle-history"><small>(Tusk lost <abbr title="−88/217">40.6%</abbr> of its health!)</small><br></div><div class="spacer battle-history"><br></div><div class="battle-history"><small>(Rain continues to fall.)</small><br></div><div class="battle-history"><small>The opposing Mirror Knight restored a little HP using its Leftovers!</small><br></div><div class="spacer battle-history"><br></div><div class="battle-history">Jake880305 sent out Fren (<strong>Clefairy</strong>)!<br></div><div class="spacer battle-history"><br></div><h2 class="battle-history">Turn 3</h2><div class="chat chatmessage-blazinghero657 mine"><strong style="color:#2e9e35"><small>☆</small><span class="username" data-name="BlazingHero657">BlazingHero657</span>:</strong> <em>oh wow</em></div><div class="chat chatmessage-jake880305"><strong style="color:#5b73c8"><small>☆</small><span class="username" data-name="Jake880305">Jake880305</span>:</strong> <em>jeez that bulk</em></div><div class="chat chatmessage-blazinghero657 mine"><strong style="color:#2e9e35"><small>☆</small><span class="username" data-name="BlazingHero657">BlazingHero657</span>:</strong> <em>that did a lot less than i thought it would</em></div><div class="chat chatmessage-blazinghero657 mine"><strong style="color:#2e9e35"><small>☆</small><span class="username" data-name="BlazingHero657">BlazingHero657</span>:</strong> <em>he a thick boi</em></div><div class="spacer battle-history"><br></div><div class="battle-history">Seafarer used <strong>Muddy Water</strong>!<br></div><div class="battle-history"><small>(The opposing Mirror Knight lost <abbr title="−12/48 pixels">23.0–27.0%</abbr> of its health!)</small><br></div><div class="battle-history"><small>(The opposing Fren lost <abbr title="−15/48 pixels">29.2–31.3%</abbr> of its health!)</small><br></div><div class="battle-history"><small>The opposing Fren's accuracy fell!</small><br></div><div class="spacer battle-history"><br></div><div class="battle-history">Tusk used <strong>Hydro Pump</strong>!<br></div><div class="battle-history"><small>(The opposing Mirror Knight lost <abbr title="−24/48 pixels">48.0–54.0%</abbr> of its health!)</small><br></div><div class="spacer battle-history"><br></div><div class="battle-history">The opposing Mirror Knight used <strong>Bulk Up</strong>!<br></div><div class="battle-history"><small>The opposing Mirror Knight's Attack rose!</small><br></div><div class="battle-history"><small>The opposing Mirror Knight's Defense rose!</small><br></div><div class="spacer battle-history"><br></div><div class="battle-history">The opposing Fren used <strong>Moonblast</strong>!<br></div><div class="battle-history"><small>It's super effective!</small><br></div><div class="battle-history"><small>(Seafarer lost <abbr title="−44/150">29.3%</abbr> of its health!)</small><br></div><div class="spacer battle-history"><br></div><div class="battle-history">Seafarer fainted!<br></div><div class="spacer battle-history"><br></div><div class="battle-history"><small>(Rain continues to fall.)</small><br></div><div class="battle-history"><small>The opposing Mirror Knight restored a little HP using its Leftovers!</small><br></div><div class="chat chatmessage-vglaceon"><strong style="color:#1da737"><small> </small><span class="username" data-name="VGlaCeon">VGlaCeon</span>:</strong> <em>Thicc</em></div><div class="chat chatmessage-pitterpatter5786"><strong style="color:#b749aa"><small> </small><span class="username" data-name="pitterpatter5786">pitterpatter5786</span>:</strong> <em>thing tanked a thunderbolt from my aurorus</em></div><div class="chat chatmessage-jake880305"><strong style="color:#5b73c8"><small>☆</small><span class="username" data-name="Jake880305">Jake880305</span>:</strong> <em>aaaaaaah</em></div><div class="spacer battle-history"><br></div><div class="battle-history">Go! Saltwater (<strong>Jellicent</strong>)!<br></div><div class="spacer battle-history"><br></div><h2 class="battle-history">Turn 4</h2><div class="chat chatmessage-jake880305"><strong style="color:#5b73c8"><small>☆</small><span class="username" data-name="Jake880305">Jake880305</span>:</strong> <em>god walrein so stronk</em></div><div class="chat chatmessage-pitterpatter5786"><strong style="color:#b749aa"><small> </small><span class="username" data-name="pitterpatter5786">pitterpatter5786</span>:</strong> <em>walrain</em></div><div class="chat chatmessage-vglaceon"><strong style="color:#1da737"><small> </small><span class="username" data-name="VGlaCeon">VGlaCeon</span>:</strong> <em>Walrain</em></div><div class="chat chatmessage-blazinghero657 mine"><strong style="color:#2e9e35"><small>☆</small><span class="username" data-name="BlazingHero657">BlazingHero657</span>:</strong> <em>it's real strong and that's why i like this team.</em></div><div class="chat chatmessage-jake880305"><strong style="color:#5b73c8"><small>☆</small><span class="username" data-name="Jake880305">Jake880305</span>:</strong> <em>I'm p sure I just loose to spout now ngl</em></div><div class="chat chatmessage-blazinghero657 mine"><strong style="color:#2e9e35"><small>☆</small><span class="username" data-name="BlazingHero657">BlazingHero657</span>:</strong> <em>maybe.</em></div><div class="spacer battle-history"><br></div><div class="battle-history">Tusk used <strong>Hydro Pump</strong>!<br></div><div class="battle-history"><small>The opposing Mirror Knight avoided the attack!</small><br></div><div class="spacer battle-history"><br></div><div class="battle-history">The opposing Mirror Knight used <strong>Body Press</strong>!<br></div><div class="battle-history"><small>It's super effective!</small><br></div><div class="battle-history"><small>(Tusk lost <abbr title="−120/217">55.3%</abbr> of its health!)</small><br></div><div class="spacer battle-history"><br></div><div class="battle-history">Saltwater used <strong>Water Spout</strong>!<br></div><div class="battle-history"><small>(The opposing Mirror Knight lost <abbr title="−4/48 pixels">8.3–10.3%</abbr> of its health!)</small><br></div><div class="battle-history"><small>(The opposing Fren lost <abbr title="−21/48 pixels">41.7–45.8%</abbr> of its health!)</small><br></div><div class="spacer battle-history"><br></div><div class="battle-history">The opposing Mirror Knight fainted!<br></div><div class="battle-history">The opposing Fren used <strong>Heal Pulse</strong>!<br></div><div class="battle-history"><small>But it failed!</small><br></div><div class="spacer battle-history"><br></div><div class="battle-history"><small>(Rain continues to fall.)</small><br></div><div class="spacer battle-history"><br></div><div class="battle-history">Jake880305 sent out Vulcan (<strong>Heatran</strong>)!<br></div><div class="spacer battle-history"><br></div><h2 class="battle-history">Turn 5</h2><div class="chat chatmessage-vglaceon"><strong style="color:#1da737"><small> </small><span class="username" data-name="VGlaCeon">VGlaCeon</span>:</strong> <em>._.</em></div><div class="chat chatmessage-vglaceon"><strong style="color:#1da737"><small> </small><span class="username" data-name="VGlaCeon">VGlaCeon</span>:</strong> <em>Paim</em></div><div class="spacer battle-history"><br></div><div class="battle-history">The opposing Fren used <strong>Follow Me</strong>!<br></div><div class="battle-history"><small>The opposing Fren became the center of attention!</small><br></div><div class="spacer battle-history"><br></div><div class="battle-history">The opposing Vulcan used <strong>Earth Power</strong>!<br></div><div class="battle-history"><small>(Saltwater lost <abbr title="−56/207">27.1%</abbr> of its health!)</small><br></div><div class="spacer battle-history"><br></div><div class="battle-history">Tusk used <strong>Slack Off</strong>!<br></div><div class="battle-history"><small>Tusk had its HP restored.</small><br></div><div class="spacer battle-history"><br></div><div class="battle-history">Saltwater used <strong>Water Spout</strong>!<br></div><div class="battle-history"><small>It's super effective on the opposing Vulcan!</small><br></div><div class="battle-history"><small>(The opposing Vulcan lost <abbr title="−39/48 pixels">79.2–79.9%</abbr> of its health!)</small><br></div><div class="battle-history"><small>(The opposing Fren lost <abbr title="−12/48 pixels">25.0–27.0%</abbr> of its health!)</small><br></div><div class="spacer battle-history"><br></div><div class="battle-history">The opposing Fren fainted!<br></div><div class="spacer battle-history"><br></div><div class="battle-history"><small>The rain stopped.</small><br></div><div class="spacer battle-history"><br></div><h2 class="battle-history">Turn 6</h2><div class="chat chatmessage-jake880305"><strong style="color:#5b73c8"><small>☆</small><span class="username" data-name="Jake880305">Jake880305</span>:</strong> <em>Oh my lord the bulk</em></div><div class="spacer battle-history"><br></div><div class="battle-history">Tusk, come back!<br></div><div class="battle-history">Go! Stardust (<strong>Clefairy</strong>)!<br></div><div class="spacer battle-history"><br></div><div class="battle-history">Saltwater used <strong>Protect</strong>!<br></div><div class="battle-history"><small>Saltwater protected itself!</small><br></div><div class="spacer battle-history"><br></div><div class="battle-history">The opposing Vulcan used <strong>Earth Power</strong>!<br></div><div class="battle-history"><small>Saltwater protected itself!</small><br></div><div class="spacer battle-history"><br></div><h2 class="battle-history">Turn 7</h2><div class="chat chatmessage-vglaceon"><strong style="color:#1da737"><small> </small><span class="username" data-name="VGlaCeon">VGlaCeon</span>:</strong> <em>paaiiim</em></div><div class="chat chatmessage-jake880305"><strong style="color:#5b73c8"><small>☆</small><span class="username" data-name="Jake880305">Jake880305</span>:</strong> <em>Yeah ggs</em></div><div class="spacer battle-history"><br></div><div class="battle-history">Stardust used <strong>Follow Me</strong>!<br></div><div class="battle-history"><small>Stardust became the center of attention!</small><br></div><div class="spacer battle-history"><br></div><div class="battle-history">The opposing Vulcan used <strong>Earth Power</strong>!<br></div><div class="battle-history"><small>(Stardust lost <abbr title="−38/177">21.5%</abbr> of its health!)</small><br></div><div class="spacer battle-history"><br></div><div class="battle-history">Saltwater used <strong>Water Spout</strong>!<br></div><div class="battle-history"><small>It's super effective!</small><br></div><div class="battle-history"><small>(The opposing Vulcan lost <abbr title="−9/48 pixels">20.1–20.8%</abbr> of its health!)</small><br></div><div class="spacer battle-history"><br></div><div class="battle-history">The opposing Vulcan fainted!<br></div><div class="spacer battle-history"><br></div><div class="battle-history"><strong>BlazingHero657</strong> won the battle!<br></div><div class="chat chatmessage-vglaceon"><strong style="color:#1da737"><small> </small><span class="username" data-name="VGlaCeon">VGlaCeon</span>:</strong> <em>Ggs</em></div><div class="chat"><small> analysis geek left</small></div><div class="chat chatmessage-blazinghero657 mine"><strong style="color:#2e9e35"><small>☆</small><span class="username" data-name="BlazingHero657">BlazingHero657</span>:</strong> <em>gg.</em></div><div class="chat chatmessage-blazinghero657 mine"><strong style="color:#2e9e35"><small>☆</small><span class="username" data-name="BlazingHero657">BlazingHero657</span>:</strong> <em>ngl</em></div><div class="chat"><small> pitterpatter5786 and  VGlaCeon left</small></div><div class="chat chatmessage-blazinghero657 mine"><strong style="color:#2e9e35"><small>☆</small><span class="username" data-name="BlazingHero657">BlazingHero657</span>:</strong> <em>kartana scares me.</em></div><div class="chat chatmessage-jake880305"><strong style="color:#5b73c8"><small>☆</small><span class="username" data-name="Jake880305">Jake880305</span>:</strong> <em>Oh god what do I do against this sheesh</em></div></div><div class="inner-preempt message-log"></div></div></div>
</div>
<script>
let daily = Math.floor(Date.now()/1000/60/60/24);document.write('<script src="https://dragonheaven.herokuapp.com/js/replay-embed.js?version'+daily+'"></'+'script>');
</script>
