<!DOCTYPE html>
<meta charset="utf-8" />
<!-- version 1 -->
<title>[Gen 8] Megas for All replay: pokisokis vs. Mossy Sandwich</title>
<style>
html,body {font-family:Verdana, sans-serif;font-size:10pt;margin:0;padding:0;}body{padding:12px 0;} .battle-log {font-family:Verdana, sans-serif;font-size:10pt;} .battle-log-inline {border:1px solid #AAAAAA;background:#EEF2F5;color:black;max-width:640px;margin:0 auto 80px;padding-bottom:5px;} .battle-log .inner {padding:4px 8px 0px 8px;} .battle-log .inner-preempt {padding:0 8px 4px 8px;} .battle-log .inner-after {margin-top:0.5em;} .battle-log h2 {margin:0.5em -8px;padding:4px 8px;border:1px solid #AAAAAA;background:#E0E7EA;border-left:0;border-right:0;font-family:Verdana, sans-serif;font-size:13pt;} .battle-log .chat {vertical-align:middle;padding:3px 0 3px 0;font-size:8pt;} .battle-log .chat strong {color:#40576A;} .battle-log .chat em {padding:1px 4px 1px 3px;color:#000000;font-style:normal;} .chat.mine {background:rgba(0,0,0,0.05);margin-left:-8px;margin-right:-8px;padding-left:8px;padding-right:8px;} .spoiler {color:#BBBBBB;background:#BBBBBB;padding:0px 3px;} .spoiler:hover, .spoiler:active, .spoiler-shown {color:#000000;background:#E2E2E2;padding:0px 3px;} .spoiler a {color:#BBBBBB;} .spoiler:hover a, .spoiler:active a, .spoiler-shown a {color:#2288CC;} .chat code, .chat .spoiler:hover code, .chat .spoiler:active code, .chat .spoiler-shown code {border:1px solid #C0C0C0;background:#EEEEEE;color:black;padding:0 2px;} .chat .spoiler code {border:1px solid #CCCCCC;background:#CCCCCC;color:#CCCCCC;} .battle-log .rated {padding:3px 4px;} .battle-log .rated strong {color:white;background:#89A;padding:1px 4px;border-radius:4px;} .spacer {margin-top:0.5em;} .message-announce {background:#6688AA;color:white;padding:1px 4px 2px;} .message-announce a, .broadcast-green a, .broadcast-blue a, .broadcast-red a {color:#DDEEFF;} .broadcast-green {background-color:#559955;color:white;padding:2px 4px;} .broadcast-blue {background-color:#6688AA;color:white;padding:2px 4px;} .infobox {border:1px solid #6688AA;padding:2px 4px;} .infobox-limited {max-height:200px;overflow:auto;overflow-x:hidden;} .broadcast-red {background-color:#AA5544;color:white;padding:2px 4px;} .message-learn-canlearn {font-weight:bold;color:#228822;text-decoration:underline;} .message-learn-cannotlearn {font-weight:bold;color:#CC2222;text-decoration:underline;} .message-effect-weak {font-weight:bold;color:#CC2222;} .message-effect-resist {font-weight:bold;color:#6688AA;} .message-effect-immune {font-weight:bold;color:#666666;} .message-learn-list {margin-top:0;margin-bottom:0;} .message-throttle-notice, .message-error {color:#992222;} .message-overflow, .chat small.message-overflow {font-size:0pt;} .message-overflow::before {font-size:9pt;content:'...';} .subtle {color:#3A4A66;}
</style>
<div class="wrapper replay-wrapper" style="max-width:1180px;margin:0 auto">
<input type="hidden" name="replayid" value="dragonheaven-gen8megasforall-314" />
<div class="battle"></div><div class="battle-log"></div><div class="replay-controls"></div><div class="replay-controls-2"></div>
<h1 style="font-weight:normal;text-align:center"><strong>[Gen 8] Megas for All</strong><br /><a href="http://pokemonshowdown.com/users/pokisokis" class="subtle" target="_blank">pokisokis</a> vs. <a href="http://pokemonshowdown.com/users/mossysandwich" class="subtle" target="_blank">Mossy Sandwich</a></h1>
<script type="text/plain" class="battle-log-data">|j|☆pokisokis
|j|☆Mossy Sandwich
|t:|1609885961
|player|p1|pokisokis|101|
|player|p2|Mossy Sandwich|266|
|teamsize|p1|6
|teamsize|p2|6
|gametype|singles
|gen|8
|tier|[Gen 8] Megas for All
|clearpoke
|poke|p1|Pelipper, M|
|poke|p1|Barraskewda, F|
|poke|p1|Zapdos|
|poke|p1|Ferrothorn, M|
|poke|p1|Clefable, F|
|poke|p1|Walrein, M|
|poke|p2|Reuniclus, F|
|poke|p2|Kartana|
|poke|p2|Heatran, M|
|poke|p2|Clefable, F|
|poke|p2|Corviknight, M|
|poke|p2|Kommo-o, F|
|rule|HP Percentage Mod: HP is shown in percentages
|rule|Endless Battle Clause: Forcing endless battles is banned
|rule|OHKO Clause: OHKO moves are banned
|rule|Evasion Moves Clause: Evasion moves are banned
|rule|Species Clause: Limit one of each Pokémon
|rule|Dynamax Clause: You cannot dynamax
|rule|Sleep Clause Mod: Limit one foe put to sleep
|rule|Freeze Clause Mod: Limit one foe frozen
|teampreview
|c|☆Mossy Sandwich|gl hf!
|c|☆pokisokis|glhf
|
|t:|1609885979
|start
|switch|p1a: Deez Nuts|Ferrothorn, M|100\/100
|switch|p2a: Reuniclus|Reuniclus, F|100\/100
|turn|1
|
|t:|1609885987
|switch|p1a: Singin'|Pelipper, M|100\/100
|-weather|RainDance|[from] ability: Drizzle|[of] p1a: Singin'
|detailschange|p2a: Reuniclus|Reuniclus-Mega, F
|-mega|p2a: Reuniclus|Reuniclus|Reunite
|-start|p2a: Reuniclus|typechange|Psychic\/Fighting|[silent]
|raw|<ul class="utilichart"><li class="result"><span class="col pokemonnamecol" style="white-space: nowrap">Reuniclus-Mega<\/span> <span class="col typecol"><img src="https:\/\/play.pokemonshowdown.com\/sprites\/types\/Psychic.png" alt="Psychic" height="14" width="32"><img src="https:\/\/play.pokemonshowdown.com\/sprites\/types\/Fighting.png" alt="Fighting" height="14" width="32"><\/span> <span style="float: left ; min-height: 26px"><span class="col abilitycol">Two-Minded<\/span><span class="col abilitycol"><\/span><\/span><span style="float: left ; min-height: 26px"><span class="col statcol"><em>HP<\/em><br>110<\/span> <span class="col statcol"><em>Atk<\/em><br>110<\/span> <span class="col statcol"><em>Def<\/em><br>115<\/span> <span class="col statcol"><em>SpA<\/em><br>165<\/span> <span class="col statcol"><em>SpD<\/em><br>85<\/span> <span class="col statcol"><em>Spe<\/em><br>5<\/span> <\/span><\/li><li style="clear: both"><\/li><\/ul>
|move|p2a: Reuniclus|Psycho Boost|p1a: Singin'
|-damage|p1a: Singin'|0 fnt
|-unboost|p2a: Reuniclus|spa|2
|-ability|p2a: Reuniclus|Two-Minded
|-boost|p2a: Reuniclus|atk|2
|faint|p1a: Singin'
|
|-weather|RainDance|[upkeep]
|upkeep
|
|t:|1609886017
|switch|p1a: Incoming|Barraskewda, F, shiny|100\/100
|turn|2
|j| inkbug1

|
|t:|1609886020
|move|p1a: Incoming|Waterfall|p2a: Reuniclus
|-damage|p2a: Reuniclus|28\/100
|cant|p2a: Reuniclus|flinch
|
|-weather|RainDance|[upkeep]
|upkeep
|turn|3
|c|☆Mossy Sandwich|oof
|
|t:|1609886028
|move|p1a: Incoming|Waterfall|p2a: Reuniclus
|-damage|p2a: Reuniclus|0 fnt
|faint|p2a: Reuniclus
|
|-weather|RainDance|[upkeep]
|upkeep
|
|t:|1609886032
|switch|p2a: Kommo-o|Kommo-o, F|100\/100
|turn|4
|
|t:|1609886046
|switch|p1a: Dunder Birb|Zapdos, shiny|100\/100
|move|p2a: Kommo-o|Clanging Scales|p1a: Dunder Birb
|-damage|p1a: Dunder Birb|52\/100
|-unboost|p2a: Kommo-o|def|1
|
|-weather|RainDance|[upkeep]
|upkeep
|turn|5
|
|t:|1609886063
|move|p2a: Kommo-o|Flash Cannon|p1a: Dunder Birb
|-resisted|p1a: Dunder Birb
|-damage|p1a: Dunder Birb|40\/100
|move|p1a: Dunder Birb|Thunder|p2a: Kommo-o
|-resisted|p2a: Kommo-o
|-damage|p2a: Kommo-o|60\/100
|
|-weather|none
|upkeep
|turn|6
|
|t:|1609886085
|switch|p1a: Deez Nuts|Ferrothorn, M|100\/100
|move|p2a: Kommo-o|Clanging Scales|p1a: Deez Nuts
|-resisted|p1a: Deez Nuts
|-damage|p1a: Deez Nuts|81\/100
|-unboost|p2a: Kommo-o|def|1
|
|-heal|p1a: Deez Nuts|87\/100|[from] item: Leftovers
|upkeep
|turn|7
|j| ViZarPKMN
|
|t:|1609886108
|switch|p1a: Cinnabun|Clefable, F|100\/100
|move|p2a: Kommo-o|Flamethrower|p1a: Cinnabun
|-damage|p1a: Cinnabun|83\/100
|
|-heal|p1a: Cinnabun|90\/100|[from] item: Leftovers
|upkeep
|turn|8
|
|t:|1609886122
|switch|p2a: Corviknight|Corviknight, M|100\/100
|-ability|p2a: Corviknight|Pressure
|move|p1a: Cinnabun|Stealth Rock|p2a: Corviknight
|-sidestart|p2: Mossy Sandwich|move: Stealth Rock
|
|-heal|p1a: Cinnabun|96\/100|[from] item: Leftovers
|upkeep
|turn|9
|
|t:|1609886130
|switch|p1a: Dunder Birb|Zapdos, shiny|40\/100
|move|p2a: Corviknight|Defog|p1a: Dunder Birb
|-unboost|p1a: Dunder Birb|evasion|1
|-sideend|p2: Mossy Sandwich|Stealth Rock|[from] move: Defog|[of] p2a: Corviknight
|
|upkeep
|turn|10
|
|t:|1609886136
|switch|p2a: Heatran|Heatran, M|100\/100
|move|p1a: Dunder Birb|Roost|p1a: Dunder Birb
|-heal|p1a: Dunder Birb|90\/100
|-singleturn|p1a: Dunder Birb|move: Roost
|
|upkeep
|turn|11
|
|t:|1609886143
|switch|p1a: Tusky Boi|Walrein, M|100\/100
|move|p2a: Heatran|Toxic|p1a: Tusky Boi
|-status|p1a: Tusky Boi|tox
|
|-damage|p1a: Tusky Boi|94\/100 tox|[from] psn
|upkeep
|turn|12
|
|t:|1609886158
|switch|p2a: Corviknight|Corviknight, M|100\/100
|-ability|p2a: Corviknight|Pressure
|detailschange|p1a: Tusky Boi|Walrein-Mega, M
|-mega|p1a: Tusky Boi|Walrein|Walreinite
|-weather|RainDance|[from] ability: Drizzle|[of] p1a: Tusky Boi
|-start|p1a: Tusky Boi|typechange|Ice\/Water|[silent]
|raw|<ul class="utilichart"><li class="result"><span class="col pokemonnamecol" style="white-space: nowrap">Walrein-Mega<\/span> <span class="col typecol"><img src="https:\/\/play.pokemonshowdown.com\/sprites\/types\/Ice.png" alt="Ice" height="14" width="32"><img src="https:\/\/play.pokemonshowdown.com\/sprites\/types\/Water.png" alt="Water" height="14" width="32"><\/span> <span style="float: left ; min-height: 26px"><span class="col abilitycol">Drizzle<\/span><span class="col abilitycol"><\/span><\/span><span style="float: left ; min-height: 26px"><span class="col statcol"><em>HP<\/em><br>110<\/span> <span class="col statcol"><em>Atk<\/em><br>110<\/span> <span class="col statcol"><em>Def<\/em><br>90<\/span> <span class="col statcol"><em>SpA<\/em><br>145<\/span> <span class="col statcol"><em>SpD<\/em><br>90<\/span> <span class="col statcol"><em>Spe<\/em><br>85<\/span> <\/span><\/li><li style="clear: both"><\/li><\/ul>
|move|p1a: Tusky Boi|Flip Turn|p2a: Corviknight
|-damage|p2a: Corviknight|76\/100
|
|t:|1609886169
|switch|p1a: Dunder Birb|Zapdos, shiny|90\/100|[from]move: Flip Turn
|
|-weather|RainDance|[upkeep]
|-heal|p2a: Corviknight|82\/100|[from] item: Leftovers
|upkeep
|turn|13
|
|t:|1609886182
|switch|p2a: Heatran|Heatran, M|100\/100
|move|p1a: Dunder Birb|Weather Ball|p2a: Heatran
|-supereffective|p2a: Heatran
|-damage|p2a: Heatran|32\/100
|
|-weather|RainDance|[upkeep]
|-heal|p2a: Heatran|38\/100|[from] item: Leftovers
|upkeep
|turn|14
|
|t:|1609886190
|move|p1a: Dunder Birb|Weather Ball|p2a: Heatran
|-supereffective|p2a: Heatran
|-damage|p2a: Heatran|0 fnt
|faint|p2a: Heatran
|
|-weather|RainDance|[upkeep]
|upkeep
|l|vizarpkmn
|
|t:|1609886213
|switch|p2a: Clefable|Clefable, F|100\/100
|turn|15
|
|t:|1609886219
|move|p1a: Dunder Birb|Thunder|p2a: Clefable
|-damage|p2a: Clefable|40\/100
|move|p2a: Clefable|Stealth Rock|p1a: Dunder Birb
|-sidestart|p1: pokisokis|move: Stealth Rock
|
|-weather|RainDance|[upkeep]
|-heal|p2a: Clefable|46\/100|[from] item: Leftovers
|upkeep
|turn|16
|
|t:|1609886229
|move|p1a: Dunder Birb|Hurricane|p2a: Clefable
|-damage|p2a: Clefable|0 fnt
|faint|p2a: Clefable
|
|-weather|none
|upkeep
|
|t:|1609886233
|switch|p2a: Kommo-o|Kommo-o, F|60\/100
|turn|17
|
|t:|1609886251
|switch|p1a: Cinnabun|Clefable, F|96\/100
|move|p2a: Kommo-o|Clanging Scales|p1a: Cinnabun
|-immune|p1a: Cinnabun
|
|-heal|p1a: Cinnabun|100\/100|[from] item: Leftovers
|upkeep
|turn|18
|
|t:|1609886267
|switch|p2a: Kartana|Kartana|100\/100
|move|p1a: Cinnabun|Moonblast|p2a: Kartana
|-resisted|p2a: Kartana
|-damage|p2a: Kartana|50\/100
|
|upkeep
|turn|19
|
|t:|1609886280
|switch|p1a: Deez Nuts|Ferrothorn, M|87\/100
|-damage|p1a: Deez Nuts|81\/100|[from] Stealth Rock
|move|p2a: Kartana|Knock Off|p1a: Deez Nuts
|-damage|p1a: Deez Nuts|58\/100
|-damage|p2a: Kartana|38\/100|[from] ability: Iron Barbs|[of] p1a: Deez Nuts
|-enditem|p1a: Deez Nuts|Leftovers|[from] move: Knock Off|[of] p2a: Kartana
|
|upkeep
|turn|20
|
|t:|1609886293
|switch|p2a: Kommo-o|Kommo-o, F|60\/100
|move|p1a: Deez Nuts|Leech Seed|p2a: Kommo-o
|-start|p2a: Kommo-o|move: Leech Seed
|
|-damage|p2a: Kommo-o|48\/100|[from] Leech Seed|[of] p1a: Deez Nuts
|-heal|p1a: Deez Nuts|68\/100|[silent]
|upkeep
|turn|21
|
|t:|1609886317
|switch|p2a: Kartana|Kartana|38\/100
|switch|p1a: Cinnabun|Clefable, F|100\/100
|
|upkeep
|turn|22
|
|t:|1609886329
|switch|p2a: Kommo-o|Kommo-o, F|48\/100
|switch|p1a: Deez Nuts|Ferrothorn, M|68\/100
|-damage|p1a: Deez Nuts|62\/100|[from] Stealth Rock
|
|upkeep
|turn|23
|
|t:|1609886340
|switch|p1a: Tusky Boi|Walrein-Mega, M|94\/100 tox
|-damage|p1a: Tusky Boi|70\/100 tox|[from] Stealth Rock
|-start|p1a: Tusky Boi|typechange|Ice\/Water|[silent]
|-weather|RainDance|[from] ability: Drizzle|[of] p1a: Tusky Boi
|move|p2a: Kommo-o|Flash Cannon|p1a: Tusky Boi
|-damage|p1a: Tusky Boi|56\/100 tox
|
|-weather|RainDance|[upkeep]
|-damage|p1a: Tusky Boi|50\/100 tox|[from] psn
|upkeep
|turn|24
|
|t:|1609886348
|move|p2a: Kommo-o|Close Combat|p1a: Tusky Boi
|-supereffective|p1a: Tusky Boi
|-damage|p1a: Tusky Boi|0 fnt
|-unboost|p2a: Kommo-o|def|1
|-unboost|p2a: Kommo-o|spd|1
|faint|p1a: Tusky Boi
|
|-weather|RainDance|[upkeep]
|upkeep
|
|t:|1609886357
|switch|p1a: Dunder Birb|Zapdos, shiny|90\/100
|turn|25
|
|t:|1609886362
|switch|p2a: Corviknight|Corviknight, M|82\/100
|-ability|p2a: Corviknight|Pressure
|move|p1a: Dunder Birb|Hurricane|p2a: Corviknight
|-resisted|p2a: Corviknight
|-damage|p2a: Corviknight|60\/100
|
|-weather|RainDance|[upkeep]
|-heal|p2a: Corviknight|66\/100|[from] item: Leftovers
|upkeep
|turn|26
|
|t:|1609886371
|move|p1a: Dunder Birb|Thunder|p2a: Corviknight
|-supereffective|p2a: Corviknight
|-damage|p2a: Corviknight|0 fnt
|faint|p2a: Corviknight
|
|-weather|RainDance|[upkeep]
|upkeep
|
|t:|1609886374
|switch|p2a: Kartana|Kartana|38\/100
|turn|27
|
|t:|1609886379
|move|p2a: Kartana|Knock Off|p1a: Dunder Birb
|-damage|p1a: Dunder Birb|44\/100
|-status|p2a: Kartana|par|[from] ability: Static|[of] p1a: Dunder Birb
|-enditem|p1a: Dunder Birb|Heavy-Duty Boots|[from] move: Knock Off|[of] p2a: Kartana
|move|p1a: Dunder Birb|Hurricane|p2a: Kartana
|-damage|p2a: Kartana|0 fnt
|faint|p2a: Kartana
|
|-weather|none
|upkeep
|
|t:|1609886381
|switch|p2a: Kommo-o|Kommo-o, F|48\/100
|turn|28
|
|t:|1609886392
|move|p2a: Kommo-o|Flash Cannon|p1a: Dunder Birb
|-resisted|p1a: Dunder Birb
|-damage|p1a: Dunder Birb|34\/100
|-unboost|p1a: Dunder Birb|spd|1
|move|p1a: Dunder Birb|Hurricane|p2a: Kommo-o
|-supereffective|p2a: Kommo-o
|-damage|p2a: Kommo-o|0 fnt
|faint|p2a: Kommo-o
|
|win|pokisokis
|c|☆Mossy Sandwich|gg
|c|☆pokisokis|gg
|l|☆Mossy Sandwich
|j|☆Mossy Sandwich
|player|p2|Mossy Sandwich|266
|l|☆Mossy Sandwich
|player|p2|
|l|☆pokisokis</script>
</div>
<div class="battle-log battle-log-inline"><div class="inner"><div class="battle-options"><div style="padding-top: 3px; padding-right: 3px; text-align: right"><button class="icon button" name="openBattleOptions" title="Options">Battle Options</button></div></div><div class="inner message-log"><div class="chat"><small>☆pokisokis and ☆Mossy Sandwich joined</small></div><div class=""><small>Format:</small> <br><strong>[Gen 8] Megas for All</strong></div><div class=""><small><em>HP Percentage Mod:</em> HP is shown in percentages</small></div><div class=""><small><em>Endless Battle Clause:</em> Forcing endless battles is banned</small></div><div class=""><small><em>OHKO Clause:</em> OHKO moves are banned</small></div><div class=""><small><em>Evasion Moves Clause:</em> Evasion moves are banned</small></div><div class=""><small><em>Species Clause:</em> Limit one of each Pokémon</small></div><div class=""><small><em>Dynamax Clause:</em> You cannot dynamax</small></div><div class=""><small><em>Sleep Clause Mod:</em> Limit one foe put to sleep</small></div><div class=""><small><em>Freeze Clause Mod:</em> Limit one foe frozen</small></div><div class="chat battle-history"><strong>pokisokis's team:</strong> <em style="color:#445566;display:block;">Pelipper / Barraskewda / Zapdos / Ferrothorn / Clefable / Walrein</em></div><div class="chat battle-history"><strong>Mossy Sandwich's team:</strong> <em style="color:#445566;display:block;">Reuniclus / Kartana / Heatran / Clefable / Corviknight / Kommo-o</em></div><div class="chat chatmessage-mossysandwich"><strong style="color:#ba49a2"><small>☆</small><span class="username" data-name="Mossy Sandwich">Mossy Sandwich</span>:</strong> <em>gl hf!</em></div><div class="chat chatmessage-pokisokis"><strong style="color:#12adbe"><small>☆</small><span class="username" data-name="pokisokis">pokisokis</span>:</strong> <em>glhf</em></div><div class="spacer battle-history"><br></div><div class="battle-history">Battle started between pokisokis and Mossy Sandwich!<br></div><div class="spacer battle-history"><br></div><div class="battle-history">Go! Deez Nuts (<strong>Ferrothorn</strong>)!<br></div><div class="spacer battle-history"><br></div><div class="battle-history">Mossy Sandwich sent out <strong>Reuniclus</strong>!<br></div><div class="spacer battle-history"><br></div><h2 class="battle-history">Turn 1</h2><div class="spacer battle-history"><br></div><div class="battle-history">Deez Nuts, come back!<br></div><div class="battle-history">Go! Singin' (<strong>Pelipper</strong>)!<br></div><div class="battle-history">[Singin''s Drizzle]<br><small>It started to rain!</small><br></div><div class="spacer battle-history"><br></div><div class="battle-history"><small>The opposing Reuniclus's Reunite is reacting to the Key Stone!</small><br>The opposing Reuniclus has Mega Evolved into Mega Reuniclus!<br></div><div class="chat"><ul class="utilichart"><li class="result"><span class="col pokemonnamecol" style="white-space: nowrap">Reuniclus-Mega</span> <span class="col typecol"><img src="https://play.pokemonshowdown.com/sprites/types/Psychic.png" alt="Psychic" height="14" width="32"><img src="https://play.pokemonshowdown.com/sprites/types/Fighting.png" alt="Fighting" height="14" width="32"></span> <span style="float: left ; min-height: 26px"><span class="col abilitycol">Two-Minded</span><span class="col abilitycol"></span></span><span style="float: left ; min-height: 26px"><span class="col statcol"><em>HP</em><br>110</span> <span class="col statcol"><em>Atk</em><br>110</span> <span class="col statcol"><em>Def</em><br>115</span> <span class="col statcol"><em>SpA</em><br>165</span> <span class="col statcol"><em>SpD</em><br>85</span> <span class="col statcol"><em>Spe</em><br>5</span> </span></li><li style="clear: both"></li></ul></div><div class="spacer battle-history"><br></div><div class="battle-history">The opposing Reuniclus used <strong>Psycho Boost</strong>!<br></div><div class="battle-history"><small>(Singin' lost 100% of its health!)</small><br></div><div class="battle-history"><small>The opposing Reuniclus's Sp. Atk fell harshly!</small><br></div><div class="battle-history">[The opposing Reuniclus's Two-Minded]<br></div><div class="battle-history"><small>The opposing Reuniclus's Attack rose sharply!</small><br></div><div class="spacer battle-history"><br></div><div class="battle-history">Singin' fainted!<br></div><div class="spacer battle-history"><br></div><div class="battle-history"><small>(Rain continues to fall.)</small><br></div><div class="spacer battle-history"><br></div><div class="battle-history">Go! Incoming (<strong>Barraskewda</strong>)!<br></div><div class="spacer battle-history"><br></div><h2 class="battle-history">Turn 2</h2><div class="chat"><small> inkbug1 joined</small></div><div class="spacer battle-history"><br></div><div class="battle-history">Incoming used <strong>Waterfall</strong>!<br></div><div class="battle-history"><small>(The opposing Reuniclus lost 72% of its health!)</small><br></div><div class="spacer battle-history"><br></div><div class="battle-history">The opposing Reuniclus flinched and couldn't move!<br></div><div class="spacer battle-history"><br></div><div class="battle-history"><small>(Rain continues to fall.)</small><br></div><div class="spacer battle-history"><br></div><h2 class="battle-history">Turn 3</h2><div class="chat chatmessage-mossysandwich"><strong style="color:#ba49a2"><small>☆</small><span class="username" data-name="Mossy Sandwich">Mossy Sandwich</span>:</strong> <em>oof</em></div><div class="spacer battle-history"><br></div><div class="battle-history">Incoming used <strong>Waterfall</strong>!<br></div><div class="battle-history"><small>(The opposing Reuniclus lost 28% of its health!)</small><br></div><div class="spacer battle-history"><br></div><div class="battle-history">The opposing Reuniclus fainted!<br></div><div class="spacer battle-history"><br></div><div class="battle-history"><small>(Rain continues to fall.)</small><br></div><div class="spacer battle-history"><br></div><div class="battle-history">Mossy Sandwich sent out <strong>Kommo-o</strong>!<br></div><div class="spacer battle-history"><br></div><h2 class="battle-history">Turn 4</h2><div class="spacer battle-history"><br></div><div class="battle-history">Incoming, come back!<br></div><div class="battle-history">Go! Dunder Birb (<strong>Zapdos</strong>)!<br></div><div class="spacer battle-history"><br></div><div class="battle-history">The opposing Kommo-o used <strong>Clanging Scales</strong>!<br></div><div class="battle-history"><small>(Dunder Birb lost 48% of its health!)</small><br></div><div class="battle-history"><small>The opposing Kommo-o's Defense fell!</small><br></div><div class="spacer battle-history"><br></div><div class="battle-history"><small>(Rain continues to fall.)</small><br></div><div class="spacer battle-history"><br></div><h2 class="battle-history">Turn 5</h2><div class="spacer battle-history"><br></div><div class="battle-history">The opposing Kommo-o used <strong>Flash Cannon</strong>!<br></div><div class="battle-history"><small>It's not very effective...</small><br></div><div class="battle-history"><small>(Dunder Birb lost 12% of its health!)</small><br></div><div class="spacer battle-history"><br></div><div class="battle-history">Dunder Birb used <strong>Thunder</strong>!<br></div><div class="battle-history"><small>It's not very effective...</small><br></div><div class="battle-history"><small>(The opposing Kommo-o lost 40% of its health!)</small><br></div><div class="spacer battle-history"><br></div><div class="battle-history"><small>The rain stopped.</small><br></div><div class="spacer battle-history"><br></div><h2 class="battle-history">Turn 6</h2><div class="spacer battle-history"><br></div><div class="battle-history">Dunder Birb, come back!<br></div><div class="battle-history">Go! Deez Nuts (<strong>Ferrothorn</strong>)!<br></div><div class="spacer battle-history"><br></div><div class="battle-history">The opposing Kommo-o used <strong>Clanging Scales</strong>!<br></div><div class="battle-history"><small>It's not very effective...</small><br></div><div class="battle-history"><small>(Deez Nuts lost 19% of its health!)</small><br></div><div class="battle-history"><small>The opposing Kommo-o's Defense fell!</small><br></div><div class="spacer battle-history"><br></div><div class="battle-history"><small>Deez Nuts restored a little HP using its Leftovers!</small><br></div><div class="spacer battle-history"><br></div><h2 class="battle-history">Turn 7</h2><div class="chat"><small> ViZarPKMN joined</small></div><div class="spacer battle-history"><br></div><div class="battle-history">Deez Nuts, come back!<br></div><div class="battle-history">Go! Cinnabun (<strong>Clefable</strong>)!<br></div><div class="spacer battle-history"><br></div><div class="battle-history">The opposing Kommo-o used <strong>Flamethrower</strong>!<br></div><div class="battle-history"><small>(Cinnabun lost 17% of its health!)</small><br></div><div class="spacer battle-history"><br></div><div class="battle-history"><small>Cinnabun restored a little HP using its Leftovers!</small><br></div><div class="spacer battle-history"><br></div><h2 class="battle-history">Turn 8</h2><div class="spacer battle-history"><br></div><div class="battle-history">Mossy Sandwich withdrew Kommo-o!<br></div><div class="battle-history">Mossy Sandwich sent out <strong>Corviknight</strong>!<br></div><div class="battle-history">[The opposing Corviknight's Pressure]<br><small>The opposing Corviknight is exerting its pressure!</small><br></div><div class="spacer battle-history"><br></div><div class="battle-history">Cinnabun used <strong>Stealth Rock</strong>!<br></div><div class="battle-history"><small>Pointed stones float in the air around the opposing team!</small><br></div><div class="spacer battle-history"><br></div><div class="battle-history"><small>Cinnabun restored a little HP using its Leftovers!</small><br></div><div class="spacer battle-history"><br></div><h2 class="battle-history">Turn 9</h2><div class="spacer battle-history"><br></div><div class="battle-history">Cinnabun, come back!<br></div><div class="battle-history">Go! Dunder Birb (<strong>Zapdos</strong>)!<br></div><div class="spacer battle-history"><br></div><div class="battle-history">The opposing Corviknight used <strong>Defog</strong>!<br></div><div class="battle-history"><small>Dunder Birb's evasiveness fell!</small><br></div><div class="battle-history"><small>The pointed stones disappeared from around the opposing team!</small><br></div><div class="spacer battle-history"><br></div><h2 class="battle-history">Turn 10</h2><div class="spacer battle-history"><br></div><div class="battle-history">Mossy Sandwich withdrew Corviknight!<br></div><div class="battle-history">Mossy Sandwich sent out <strong>Heatran</strong>!<br></div><div class="spacer battle-history"><br></div><div class="battle-history">Dunder Birb used <strong>Roost</strong>!<br></div><div class="battle-history"><small>Dunder Birb had its HP restored.</small><br></div><div class="battle-history"><small>(Dunder Birb loses Flying type this turn.)</small><br></div><div class="spacer battle-history"><br></div><h2 class="battle-history">Turn 11</h2><div class="spacer battle-history"><br></div><div class="battle-history">Dunder Birb, come back!<br></div><div class="battle-history">Go! Tusky Boi (<strong>Walrein</strong>)!<br></div><div class="spacer battle-history"><br></div><div class="battle-history">The opposing Heatran used <strong>Toxic</strong>!<br></div><div class="battle-history"><small>Tusky Boi was badly poisoned!</small><br></div><div class="spacer battle-history"><br></div><div class="battle-history"><small>Tusky Boi was hurt by poison!</small><br></div><div class="spacer battle-history"><br></div><h2 class="battle-history">Turn 12</h2><div class="spacer battle-history"><br></div><div class="battle-history">Mossy Sandwich withdrew Heatran!<br></div><div class="battle-history">Mossy Sandwich sent out <strong>Corviknight</strong>!<br></div><div class="battle-history">[The opposing Corviknight's Pressure]<br><small>The opposing Corviknight is exerting its pressure!</small><br></div><div class="spacer battle-history"><br></div><div class="battle-history"><small>Tusky Boi's Walreinite is reacting to the Key Stone!</small><br>Tusky Boi has Mega Evolved into Mega Walrein!<br></div><div class="battle-history">[Tusky Boi's Drizzle]<br><small>It started to rain!</small><br></div><div class="chat"><ul class="utilichart"><li class="result"><span class="col pokemonnamecol" style="white-space: nowrap">Walrein-Mega</span> <span class="col typecol"><img src="https://play.pokemonshowdown.com/sprites/types/Ice.png" alt="Ice" height="14" width="32"><img src="https://play.pokemonshowdown.com/sprites/types/Water.png" alt="Water" height="14" width="32"></span> <span style="float: left ; min-height: 26px"><span class="col abilitycol">Drizzle</span><span class="col abilitycol"></span></span><span style="float: left ; min-height: 26px"><span class="col statcol"><em>HP</em><br>110</span> <span class="col statcol"><em>Atk</em><br>110</span> <span class="col statcol"><em>Def</em><br>90</span> <span class="col statcol"><em>SpA</em><br>145</span> <span class="col statcol"><em>SpD</em><br>90</span> <span class="col statcol"><em>Spe</em><br>85</span> </span></li><li style="clear: both"></li></ul></div><div class="spacer battle-history"><br></div><div class="battle-history">Tusky Boi used <strong>Flip Turn</strong>!<br></div><div class="battle-history"><small>(The opposing Corviknight lost 24% of its health!)</small><br></div><div class="spacer battle-history"><br></div><div class="battle-history">Tusky Boi, come back!<br></div><div class="battle-history">Go! Dunder Birb (<strong>Zapdos</strong>)!<br></div><div class="spacer battle-history"><br></div><div class="battle-history"><small>(Rain continues to fall.)</small><br></div><div class="battle-history"><small>The opposing Corviknight restored a little HP using its Leftovers!</small><br></div><div class="spacer battle-history"><br></div><h2 class="battle-history">Turn 13</h2><div class="spacer battle-history"><br></div><div class="battle-history">Mossy Sandwich withdrew Corviknight!<br></div><div class="battle-history">Mossy Sandwich sent out <strong>Heatran</strong>!<br></div><div class="spacer battle-history"><br></div><div class="battle-history">Dunder Birb used <strong>Weather Ball</strong>!<br></div><div class="battle-history"><small>It's super effective!</small><br></div><div class="battle-history"><small>(The opposing Heatran lost 68% of its health!)</small><br></div><div class="spacer battle-history"><br></div><div class="battle-history"><small>(Rain continues to fall.)</small><br></div><div class="battle-history"><small>The opposing Heatran restored a little HP using its Leftovers!</small><br></div><div class="spacer battle-history"><br></div><h2 class="battle-history">Turn 14</h2><div class="spacer battle-history"><br></div><div class="battle-history">Dunder Birb used <strong>Weather Ball</strong>!<br></div><div class="battle-history"><small>It's super effective!</small><br></div><div class="battle-history"><small>(The opposing Heatran lost 38% of its health!)</small><br></div><div class="spacer battle-history"><br></div><div class="battle-history">The opposing Heatran fainted!<br></div><div class="spacer battle-history"><br></div><div class="battle-history"><small>(Rain continues to fall.)</small><br></div><div class="chat"><small>vizarpkmn left</small></div><div class="spacer battle-history"><br></div><div class="battle-history">Mossy Sandwich sent out <strong>Clefable</strong>!<br></div><div class="spacer battle-history"><br></div><h2 class="battle-history">Turn 15</h2><div class="spacer battle-history"><br></div><div class="battle-history">Dunder Birb used <strong>Thunder</strong>!<br></div><div class="battle-history"><small>(The opposing Clefable lost 60% of its health!)</small><br></div><div class="spacer battle-history"><br></div><div class="battle-history">The opposing Clefable used <strong>Stealth Rock</strong>!<br></div><div class="battle-history"><small>Pointed stones float in the air around your team!</small><br></div><div class="spacer battle-history"><br></div><div class="battle-history"><small>(Rain continues to fall.)</small><br></div><div class="battle-history"><small>The opposing Clefable restored a little HP using its Leftovers!</small><br></div><div class="spacer battle-history"><br></div><h2 class="battle-history">Turn 16</h2><div class="spacer battle-history"><br></div><div class="battle-history">Dunder Birb used <strong>Hurricane</strong>!<br></div><div class="battle-history"><small>(The opposing Clefable lost 46% of its health!)</small><br></div><div class="spacer battle-history"><br></div><div class="battle-history">The opposing Clefable fainted!<br></div><div class="spacer battle-history"><br></div><div class="battle-history"><small>The rain stopped.</small><br></div><div class="spacer battle-history"><br></div><div class="battle-history">Mossy Sandwich sent out <strong>Kommo-o</strong>!<br></div><div class="spacer battle-history"><br></div><h2 class="battle-history">Turn 17</h2><div class="spacer battle-history"><br></div><div class="battle-history">Dunder Birb, come back!<br></div><div class="battle-history">Go! Cinnabun (<strong>Clefable</strong>)!<br></div><div class="spacer battle-history"><br></div><div class="battle-history">The opposing Kommo-o used <strong>Clanging Scales</strong>!<br></div><div class="battle-history"><small>It doesn't affect Cinnabun...</small><br></div><div class="spacer battle-history"><br></div><div class="battle-history"><small>Cinnabun restored a little HP using its Leftovers!</small><br></div><div class="spacer battle-history"><br></div><h2 class="battle-history">Turn 18</h2><div class="spacer battle-history"><br></div><div class="battle-history">Mossy Sandwich withdrew Kommo-o!<br></div><div class="battle-history">Mossy Sandwich sent out <strong>Kartana</strong>!<br></div><div class="spacer battle-history"><br></div><div class="battle-history">Cinnabun used <strong>Moonblast</strong>!<br></div><div class="battle-history"><small>It's not very effective...</small><br></div><div class="battle-history"><small>(The opposing Kartana lost 50% of its health!)</small><br></div><div class="spacer battle-history"><br></div><h2 class="battle-history">Turn 19</h2><div class="spacer battle-history"><br></div><div class="battle-history">Cinnabun, come back!<br></div><div class="battle-history">Go! Deez Nuts (<strong>Ferrothorn</strong>)!<br></div><div class="battle-history"><small>Pointed stones dug into Deez Nuts!</small><br></div><div class="spacer battle-history"><br></div><div class="battle-history">The opposing Kartana used <strong>Knock Off</strong>!<br></div><div class="battle-history"><small>(Deez Nuts lost 23% of its health!)</small><br></div><div class="battle-history">[Deez Nuts's Iron Barbs]<br><small>The opposing Kartana was hurt!</small><br></div><div class="battle-history"><small>The opposing Kartana knocked off Deez Nuts's Leftovers!</small><br></div><div class="spacer battle-history"><br></div><h2 class="battle-history">Turn 20</h2><div class="spacer battle-history"><br></div><div class="battle-history">Mossy Sandwich withdrew Kartana!<br></div><div class="battle-history">Mossy Sandwich sent out <strong>Kommo-o</strong>!<br></div><div class="spacer battle-history"><br></div><div class="battle-history">Deez Nuts used <strong>Leech Seed</strong>!<br></div><div class="battle-history"><small>The opposing Kommo-o was seeded!</small><br></div><div class="spacer battle-history"><br></div><div class="battle-history"><small>The opposing Kommo-o's health is sapped by Leech Seed!</small><br></div><div class="spacer battle-history"><br></div><h2 class="battle-history">Turn 21</h2><div class="spacer battle-history"><br></div><div class="battle-history">Mossy Sandwich withdrew Kommo-o!<br></div><div class="battle-history">Mossy Sandwich sent out <strong>Kartana</strong>!<br></div><div class="spacer battle-history"><br></div><div class="battle-history">Deez Nuts, come back!<br></div><div class="battle-history">Go! Cinnabun (<strong>Clefable</strong>)!<br></div><div class="spacer battle-history"><br></div><h2 class="battle-history">Turn 22</h2><div class="spacer battle-history"><br></div><div class="battle-history">Mossy Sandwich withdrew Kartana!<br></div><div class="battle-history">Mossy Sandwich sent out <strong>Kommo-o</strong>!<br></div><div class="spacer battle-history"><br></div><div class="battle-history">Cinnabun, come back!<br></div><div class="battle-history">Go! Deez Nuts (<strong>Ferrothorn</strong>)!<br></div><div class="battle-history"><small>Pointed stones dug into Deez Nuts!</small><br></div><div class="spacer battle-history"><br></div><h2 class="battle-history">Turn 23</h2><div class="spacer battle-history"><br></div><div class="battle-history">Deez Nuts, come back!<br></div><div class="battle-history">Go! Tusky Boi (<strong>Walrein-Mega</strong>)!<br></div><div class="battle-history"><small>Pointed stones dug into Tusky Boi!</small><br></div><div class="battle-history">[Tusky Boi's Drizzle]<br><small>It started to rain!</small><br></div><div class="spacer battle-history"><br></div><div class="battle-history">The opposing Kommo-o used <strong>Flash Cannon</strong>!<br></div><div class="battle-history"><small>(Tusky Boi lost 14% of its health!)</small><br></div><div class="spacer battle-history"><br></div><div class="battle-history"><small>(Rain continues to fall.)</small><br></div><div class="battle-history"><small>Tusky Boi was hurt by poison!</small><br></div><div class="spacer battle-history"><br></div><h2 class="battle-history">Turn 24</h2><div class="spacer battle-history"><br></div><div class="battle-history">The opposing Kommo-o used <strong>Close Combat</strong>!<br></div><div class="battle-history"><small>It's super effective!</small><br></div><div class="battle-history"><small>(Tusky Boi lost 50% of its health!)</small><br></div><div class="battle-history"><small>The opposing Kommo-o's Defense fell!</small><br></div><div class="battle-history"><small>The opposing Kommo-o's Sp. Def fell!</small><br></div><div class="spacer battle-history"><br></div><div class="battle-history">Tusky Boi fainted!<br></div><div class="spacer battle-history"><br></div><div class="battle-history"><small>(Rain continues to fall.)</small><br></div><div class="spacer battle-history"><br></div><div class="battle-history">Go! Dunder Birb (<strong>Zapdos</strong>)!<br></div><div class="spacer battle-history"><br></div><h2 class="battle-history">Turn 25</h2><div class="spacer battle-history"><br></div><div class="battle-history">Mossy Sandwich withdrew Kommo-o!<br></div><div class="battle-history">Mossy Sandwich sent out <strong>Corviknight</strong>!<br></div><div class="battle-history">[The opposing Corviknight's Pressure]<br><small>The opposing Corviknight is exerting its pressure!</small><br></div><div class="spacer battle-history"><br></div><div class="battle-history">Dunder Birb used <strong>Hurricane</strong>!<br></div><div class="battle-history"><small>It's not very effective...</small><br></div><div class="battle-history"><small>(The opposing Corviknight lost 22% of its health!)</small><br></div><div class="spacer battle-history"><br></div><div class="battle-history"><small>(Rain continues to fall.)</small><br></div><div class="battle-history"><small>The opposing Corviknight restored a little HP using its Leftovers!</small><br></div><div class="spacer battle-history"><br></div><h2 class="battle-history">Turn 26</h2><div class="spacer battle-history"><br></div><div class="battle-history">Dunder Birb used <strong>Thunder</strong>!<br></div><div class="battle-history"><small>It's super effective!</small><br></div><div class="battle-history"><small>(The opposing Corviknight lost 66% of its health!)</small><br></div><div class="spacer battle-history"><br></div><div class="battle-history">The opposing Corviknight fainted!<br></div><div class="spacer battle-history"><br></div><div class="battle-history"><small>(Rain continues to fall.)</small><br></div><div class="spacer battle-history"><br></div><div class="battle-history">Mossy Sandwich sent out <strong>Kartana</strong>!<br></div><div class="spacer battle-history"><br></div><h2 class="battle-history">Turn 27</h2><div class="spacer battle-history"><br></div><div class="battle-history">The opposing Kartana used <strong>Knock Off</strong>!<br></div><div class="battle-history"><small>(Dunder Birb lost 46% of its health!)</small><br></div><div class="battle-history">[Dunder Birb's Static]<br><small>The opposing Kartana is paralyzed! It may be unable to move!</small><br></div><div class="battle-history"><small>The opposing Kartana knocked off Dunder Birb's Heavy-Duty Boots!</small><br></div><div class="spacer battle-history"><br></div><div class="battle-history">Dunder Birb used <strong>Hurricane</strong>!<br></div><div class="battle-history"><small>(The opposing Kartana lost 38% of its health!)</small><br></div><div class="spacer battle-history"><br></div><div class="battle-history">The opposing Kartana fainted!<br></div><div class="spacer battle-history"><br></div><div class="battle-history"><small>The rain stopped.</small><br></div><div class="spacer battle-history"><br></div><div class="battle-history">Mossy Sandwich sent out <strong>Kommo-o</strong>!<br></div><div class="spacer battle-history"><br></div><h2 class="battle-history">Turn 28</h2><div class="spacer battle-history"><br></div><div class="battle-history">The opposing Kommo-o used <strong>Flash Cannon</strong>!<br></div><div class="battle-history"><small>It's not very effective...</small><br></div><div class="battle-history"><small>(Dunder Birb lost 10% of its health!)</small><br></div><div class="battle-history"><small>Dunder Birb's Sp. Def fell!</small><br></div><div class="spacer battle-history"><br></div><div class="battle-history">Dunder Birb used <strong>Hurricane</strong>!<br></div><div class="battle-history"><small>It's super effective!</small><br></div><div class="battle-history"><small>(The opposing Kommo-o lost 48% of its health!)</small><br></div><div class="spacer battle-history"><br></div><div class="battle-history">The opposing Kommo-o fainted!<br></div><div class="spacer battle-history"><br></div><div class="battle-history"><strong>pokisokis</strong> won the battle!<br></div><div class="chat chatmessage-mossysandwich"><strong style="color:#ba49a2"><small>☆</small><span class="username" data-name="Mossy Sandwich">Mossy Sandwich</span>:</strong> <em>gg</em></div><div class="chat chatmessage-pokisokis"><strong style="color:#12adbe"><small>☆</small><span class="username" data-name="pokisokis">pokisokis</span>:</strong> <em>gg</em></div><div class="chat"><small></small></div><div class="chat"><small>☆Mossy Sandwich left</small></div><div class="chat"><small>☆pokisokis left</small></div></div><div class="inner-preempt message-log"></div></div></div>
</div>
<script>
let daily = Math.floor(Date.now()/1000/60/60/24);document.write('<script src="https://dragonheaven.herokuapp.com/js/replay-embed.js?version'+daily+'"></'+'script>');
</script>
