<!DOCTYPE html>
<meta charset="utf-8" />
<!-- version 1 -->
<title>[Gen 8] M4A VGC replay: Sticky Fingaa vs. inkbug1</title>
<style>
html,body {font-family:Verdana, sans-serif;font-size:10pt;margin:0;padding:0;}body{padding:12px 0;} .battle-log {font-family:Verdana, sans-serif;font-size:10pt;} .battle-log-inline {border:1px solid #AAAAAA;background:#EEF2F5;color:black;max-width:640px;margin:0 auto 80px;padding-bottom:5px;} .battle-log .inner {padding:4px 8px 0px 8px;} .battle-log .inner-preempt {padding:0 8px 4px 8px;} .battle-log .inner-after {margin-top:0.5em;} .battle-log h2 {margin:0.5em -8px;padding:4px 8px;border:1px solid #AAAAAA;background:#E0E7EA;border-left:0;border-right:0;font-family:Verdana, sans-serif;font-size:13pt;} .battle-log .chat {vertical-align:middle;padding:3px 0 3px 0;font-size:8pt;} .battle-log .chat strong {color:#40576A;} .battle-log .chat em {padding:1px 4px 1px 3px;color:#000000;font-style:normal;} .chat.mine {background:rgba(0,0,0,0.05);margin-left:-8px;margin-right:-8px;padding-left:8px;padding-right:8px;} .spoiler {color:#BBBBBB;background:#BBBBBB;padding:0px 3px;} .spoiler:hover, .spoiler:active, .spoiler-shown {color:#000000;background:#E2E2E2;padding:0px 3px;} .spoiler a {color:#BBBBBB;} .spoiler:hover a, .spoiler:active a, .spoiler-shown a {color:#2288CC;} .chat code, .chat .spoiler:hover code, .chat .spoiler:active code, .chat .spoiler-shown code {border:1px solid #C0C0C0;background:#EEEEEE;color:black;padding:0 2px;} .chat .spoiler code {border:1px solid #CCCCCC;background:#CCCCCC;color:#CCCCCC;} .battle-log .rated {padding:3px 4px;} .battle-log .rated strong {color:white;background:#89A;padding:1px 4px;border-radius:4px;} .spacer {margin-top:0.5em;} .message-announce {background:#6688AA;color:white;padding:1px 4px 2px;} .message-announce a, .broadcast-green a, .broadcast-blue a, .broadcast-red a {color:#DDEEFF;} .broadcast-green {background-color:#559955;color:white;padding:2px 4px;} .broadcast-blue {background-color:#6688AA;color:white;padding:2px 4px;} .infobox {border:1px solid #6688AA;padding:2px 4px;} .infobox-limited {max-height:200px;overflow:auto;overflow-x:hidden;} .broadcast-red {background-color:#AA5544;color:white;padding:2px 4px;} .message-learn-canlearn {font-weight:bold;color:#228822;text-decoration:underline;} .message-learn-cannotlearn {font-weight:bold;color:#CC2222;text-decoration:underline;} .message-effect-weak {font-weight:bold;color:#CC2222;} .message-effect-resist {font-weight:bold;color:#6688AA;} .message-effect-immune {font-weight:bold;color:#666666;} .message-learn-list {margin-top:0;margin-bottom:0;} .message-throttle-notice, .message-error {color:#992222;} .message-overflow, .chat small.message-overflow {font-size:0pt;} .message-overflow::before {font-size:9pt;content:'...';} .subtle {color:#3A4A66;}
</style>
<div class="wrapper replay-wrapper" style="max-width:1180px;margin:0 auto">
<input type="hidden" name="replayid" value="dragonheaven-gen8m4avgc-308" />
<div class="battle"></div><div class="battle-log"></div><div class="replay-controls"></div><div class="replay-controls-2"></div>
<h1 style="font-weight:normal;text-align:center"><strong>[Gen 8] M4A VGC</strong><br /><a href="http://pokemonshowdown.com/users/stickyfingaa" class="subtle" target="_blank">Sticky Fingaa</a> vs. <a href="http://pokemonshowdown.com/users/inkbug1" class="subtle" target="_blank">inkbug1</a></h1>
<script type="text/plain" class="battle-log-data">|j|☆Sticky Fingaa
|j|☆inkbug1

|t:|1630168454
|player|p1|Sticky Fingaa|roxie|
|player|p2|inkbug1|burgh|
|teamsize|p1|6
|teamsize|p2|6
|gametype|doubles
|gen|8
|tier|[Gen 8] M4A VGC
|clearpoke
|poke|p1|Whimsicott, L50, F|
|poke|p1|Volcarona, L50, F|
|poke|p1|Golduck, L50, M|
|poke|p1|Kommo-o, L50, F|
|poke|p1|Gothitelle, L50, M|
|poke|p1|Tapu Koko, L50|
|poke|p2|Falinks, L50|
|poke|p2|Malamar, L50, F|
|poke|p2|Obstagoon, L50, F|
|poke|p2|Toxtricity, L50, M|
|poke|p2|Celesteela, L50|
|poke|p2|Marowak-Alola, L50, F|
|rule|Species Clause: Limit one of each Pokémon
|rule|Item Clause: Limit one of each item
|rule|Dynamax Clause: You cannot dynamax
|raw|<img src="https:\/\/www.smogon.com\/forums\/attachments\/banner_2-png.302358\/" height="65" width="381">
|-message|Welcome to Megas for All!
|-message|This is a National Dex-based format where we aim to give a new Mega Evolution to every Pokémon.
|-message|Just like any official format, you can still only Mega Evolve one Pokémon per team!
|-message|You can find our thread and metagame resources here:
|-message|https:\/\/www.smogon.com\/forums\/threads\/3671140\/
|teampreview|4
|j| ASnomPlaysShowdown
|j| BlueRayVGC
|c|☆Sticky Fingaa|hf
|c|☆inkbug1|u 2
|c|☆inkbug1|mmm
|c|☆inkbug1|sorr
|c|☆Sticky Fingaa|?
|
|t:|1630168582
|start
|switch|p1a: Feel The Sunshine|Whimsicott, L50, F, shiny|48\/48
|switch|p1b: Tapu Koko|Tapu Koko, L50|48\/48
|switch|p2a: Biddybud Brigade|Falinks, L50|172\/172
|switch|p2b: Dragora|Malamar, L50, F|190\/190
|-fieldstart|move: Electric Terrain|[from] ability: Electric Surge|[of] p1b: Tapu Koko
|turn|1
|
|t:|1630168616
|move|p2a: Biddybud Brigade|King's Shield|p2a: Biddybud Brigade
|-singleturn|p2a: Biddybud Brigade|Protect
|move|p1a: Feel The Sunshine|Tailwind|p1a: Feel The Sunshine
|-sidestart|p1: Sticky Fingaa|move: Tailwind
|move|p1b: Tapu Koko|Reflect|p1b: Tapu Koko
|-sidestart|p1: Sticky Fingaa|Reflect
|move|p2b: Dragora|Light Screen|p2b: Dragora
|-sidestart|p2: inkbug1|move: Light Screen
|
|upkeep
|turn|2
|
|t:|1630168669
|move|p1a: Feel The Sunshine|Encore|p2a: Biddybud Brigade
|-start|p2a: Biddybud Brigade|Encore
|move|p1b: Tapu Koko|Volt Switch|p2b: Dragora
|-damage|p2b: Dragora|146\/190
|
|t:|1630168683
|switch|p1b: Kommo-o|Kommo-o, L50, F|48\/48|[from]move: Volt Switch
|move|p2b: Dragora|Simple Beam|p2a: Biddybud Brigade
|-endability|p2a: Biddybud Brigade|Defiant|[from] move: Simple Beam
|-ability|p2a: Biddybud Brigade|Simple|[from] move: Simple Beam
|move|p2a: Biddybud Brigade|King's Shield||[still]
|-fail|p2a: Biddybud Brigade
|
|upkeep
|turn|3
|
|t:|1630168706
|switch|p1a: Golduck|Golduck, L50, M|48\/48
|-ability|p1a: Golduck|Cloud Nine
|detailschange|p2a: Biddybud Brigade|Falinks-Mega-Legion, L50
|-mega|p2a: Biddybud Brigade|Falinks|Falinksite
|-start|p2a: Biddybud Brigade|typechange|Fighting\/Steel|[silent]
|raw|<ul class="utilichart"><li class="result"><span class="col pokemonnamecol" style="white-space: nowrap">Falinks-Mega-Legion<\/span> <span class="col typecol"><img src="https:\/\/play.pokemonshowdown.com\/sprites\/types\/Fighting.png" alt="Fighting" height="14" width="32"><img src="https:\/\/play.pokemonshowdown.com\/sprites\/types\/Steel.png" alt="Steel" height="14" width="32"><\/span> <span style="float: left ; min-height: 26px"><span class="col abilitycol">Stance Change<\/span><span class="col abilitycol"><\/span><\/span><span style="float: left ; min-height: 26px"><span class="col statcol"><em>HP<\/em><br>65<\/span> <span class="col statcol"><em>Atk<\/em><br>65<\/span> <span class="col statcol"><em>Def<\/em><br>130<\/span> <span class="col statcol"><em>SpA<\/em><br>65<\/span> <span class="col statcol"><em>SpD<\/em><br>130<\/span> <span class="col statcol"><em>Spe<\/em><br>115<\/span> <\/span><\/li><li style="clear: both"><\/li><\/ul>
|move|p2a: Biddybud Brigade|King's Shield|p2a: Biddybud Brigade
|-singleturn|p2a: Biddybud Brigade|Protect
|move|p1b: Kommo-o|Clangorous Soul|p1b: Kommo-o
|-boost|p1b: Kommo-o|atk|1
|-boost|p1b: Kommo-o|def|1
|-boost|p1b: Kommo-o|spa|1
|-boost|p1b: Kommo-o|spd|1
|-boost|p1b: Kommo-o|spe|1
|-damage|p1b: Kommo-o|32\/48
|-zpower|p2b: Dragora
|move|p2b: Dragora|All-Out Pummeling|p1b: Kommo-o|[zeffect]
|-damage|p1b: Kommo-o|22\/48
|
|upkeep
|turn|4
|
|t:|1630168749
|switch|p2a: Hecate|Marowak-Alola, L50, F|167\/167
|move|p1b: Kommo-o|Aura Sphere|p2a: Hecate
|-immune|p2a: Hecate
|move|p1a: Golduck|Simple Beam|p1b: Kommo-o
|-endability|p1b: Kommo-o|Soundproof|[from] move: Simple Beam
|-ability|p1b: Kommo-o|Simple|[from] move: Simple Beam
|move|p2b: Dragora|Superpower|p1b: Kommo-o
|-damage|p1b: Kommo-o|16\/48
|-boost|p2b: Dragora|atk|1
|-boost|p2b: Dragora|def|1
|
|-sideend|p1: Sticky Fingaa|move: Tailwind
|upkeep
|turn|5
|
|t:|1630168767
|-zpower|p1b: Kommo-o
|move|p1b: Kommo-o|Clangorous Soulblaze|p2a: Hecate|[zeffect]|[spread] p2a,p2b
|-damage|p2a: Hecate|42\/167
|-damage|p2b: Dragora|14\/190
|-boost|p1b: Kommo-o|atk|2
|-boost|p1b: Kommo-o|def|2
|-boost|p1b: Kommo-o|spa|2
|-boost|p1b: Kommo-o|spd|2
|-boost|p1b: Kommo-o|spe|2
|move|p1a: Golduck|Scald|p2a: Hecate
|-supereffective|p2a: Hecate
|-damage|p2a: Hecate|0 fnt
|faint|p2a: Hecate
|move|p2b: Dragora|Superpower|p1b: Kommo-o
|-damage|p1b: Kommo-o|10\/48
|-boost|p2b: Dragora|atk|1
|-boost|p2b: Dragora|def|1
|
|-sideend|p2: inkbug1|move: Light Screen
|-fieldend|move: Electric Terrain
|upkeep
|
|t:|1630168828
|switch|p2a: Bespin|Celesteela, L50|204\/204
|turn|6
|
|t:|1630168868
|move|p1b: Kommo-o|Flamethrower|p2a: Bespin
|-supereffective|p2a: Bespin
|-damage|p2a: Bespin|0 fnt
|faint|p2a: Bespin
|move|p1a: Golduck|Scald|p2b: Dragora
|-damage|p2b: Dragora|0 fnt
|faint|p2b: Dragora
|
|upkeep
|
|t:|1630168877
|switch|p2a: Biddybud Brigade|Falinks-Mega-Legion, L50|172\/172
|-start|p2a: Biddybud Brigade|typechange|Fighting\/Steel|[silent]
|turn|7
|c| ASnomPlaysShowdown|gg
|l| ASnomPlaysShowdown
|
|t:|1630168896
|move|p1b: Kommo-o|Aura Sphere|p2a: Biddybud Brigade
|-supereffective|p2a: Biddybud Brigade
|-damage|p2a: Biddybud Brigade|0 fnt
|faint|p2a: Biddybud Brigade
|
|win|Sticky Fingaa
|c|☆Sticky Fingaa|gg
|c|☆inkbug1|absolutely no chance
|c|☆inkbug1|gg 
|c|☆Sticky Fingaa|kommo is stronk
|c|☆inkbug1|was definitely not prepared for it </script>
</div>
<div class="battle-log battle-log-inline"><div class="inner"><div class="battle-options"><div style="padding-top: 3px; padding-right: 3px; text-align: right"><button class="icon button" name="openBattleOptions" title="Options">Battle Options</button></div></div><div class="inner message-log"><div class="chat"><small>☆Sticky Fingaa and ☆inkbug1 joined</small></div><div class=""><small>Format:</small> <br><strong>[Gen 8] M4A VGC</strong></div><div class=""><small><em>Species Clause:</em> Limit one of each Pokémon</small></div><div class=""><small><em>Item Clause:</em> Limit one of each item</small></div><div class=""><small><em>Dynamax Clause:</em> You cannot dynamax</small></div><div class="chat"><img src="https://www.smogon.com/forums/attachments/banner_2-png.302358/" height="65" width="381"></div><div class="spacer battle-history"><br></div><div class="battle-history"><small>Welcome to Megas for All!</small><br></div><div class="battle-history"><small>This is a National Dex-based format where we aim to give a new Mega Evolution to every Pokémon.</small><br></div><div class="battle-history"><small>Just like any official format, you can still only Mega Evolve one Pokémon per team!</small><br></div><div class="battle-history"><small>You can find our thread and metagame resources here:</small><br></div><div class="battle-history"><small>https://www.smogon.com/forums/threads/3671140/</small><br></div><div class="chat battle-history"><strong>Sticky Fingaa's team:</strong> <em style="color:#445566;display:block;">Whimsicott / Volcarona / Golduck / Kommo-o / Gothitelle / Tapu Koko</em></div><div class="chat battle-history"><strong>inkbug1's team:</strong> <em style="color:#445566;display:block;">Falinks / Malamar / Obstagoon / Toxtricity / Celesteela / Marowak-Alola</em></div><div class="chat"><small> ASnomPlaysShowdown and  BlueRayVGC joined</small></div><div class="chat chatmessage-stickyfingaa"><strong style="color:#e76311"><small>☆</small><span class="username" data-name="Sticky Fingaa">Sticky Fingaa</span>:</strong> <em>hf</em></div><div class="chat chatmessage-inkbug1 mine"><strong style="color:#e46e0f"><small>☆</small><span class="username" data-name="inkbug1">inkbug1</span>:</strong> <em>u 2</em></div><div class="chat chatmessage-inkbug1 mine"><strong style="color:#e46e0f"><small>☆</small><span class="username" data-name="inkbug1">inkbug1</span>:</strong> <em>mmm</em></div><div class="chat chatmessage-inkbug1 mine"><strong style="color:#e46e0f"><small>☆</small><span class="username" data-name="inkbug1">inkbug1</span>:</strong> <em>sorr</em></div><div class="chat chatmessage-stickyfingaa"><strong style="color:#e76311"><small>☆</small><span class="username" data-name="Sticky Fingaa">Sticky Fingaa</span>:</strong> <em>?</em></div><div class="spacer battle-history"><br></div><div class="battle-history">Battle started between Sticky Fingaa and inkbug1!<br></div><div class="spacer battle-history"><br></div><div class="battle-history">Sticky Fingaa sent out Feel The Sunshine (<strong>Whimsicott</strong>)!<br></div><div class="spacer battle-history"><br></div><div class="battle-history">Sticky Fingaa sent out <strong>Tapu Koko</strong>!<br></div><div class="spacer battle-history"><br></div><div class="battle-history">Go! Biddybud Brigade (<strong>Falinks</strong>)!<br></div><div class="spacer battle-history"><br></div><div class="battle-history">Go! Dragora (<strong>Malamar</strong>)!<br></div><div class="battle-history">[The opposing Tapu Koko's Electric Surge]<br><small>An electric current ran across the battlefield!</small><br></div><div class="spacer battle-history"><br></div><h2 class="battle-history">Turn 1</h2><div class="spacer battle-history"><br></div><div class="battle-history">Biddybud Brigade used <strong>King's Shield</strong>!<br></div><div class="battle-history"><small>Biddybud Brigade protected itself!</small><br></div><div class="spacer battle-history"><br></div><div class="battle-history">The opposing Feel The Sunshine used <strong>Tailwind</strong>!<br></div><div class="battle-history"><small>The Tailwind blew from behind the opposing team!</small><br></div><div class="spacer battle-history"><br></div><div class="battle-history">The opposing Tapu Koko used <strong>Reflect</strong>!<br></div><div class="battle-history"><small>Reflect made the opposing team stronger against physical moves!</small><br></div><div class="spacer battle-history"><br></div><div class="battle-history">Dragora used <strong>Light Screen</strong>!<br></div><div class="battle-history"><small>Light Screen made your team stronger against special moves!</small><br></div><div class="spacer battle-history"><br></div><h2 class="battle-history">Turn 2</h2><div class="spacer battle-history"><br></div><div class="battle-history">The opposing Feel The Sunshine used <strong>Encore</strong>!<br></div><div class="battle-history"><small>Biddybud Brigade must do an encore!</small><br></div><div class="spacer battle-history"><br></div><div class="battle-history">The opposing Tapu Koko used <strong>Volt Switch</strong>!<br></div><div class="battle-history"><small>(Dragora lost <abbr title="−44/190">23.2%</abbr> of its health!)</small><br></div><div class="spacer battle-history"><br></div><div class="battle-history">The opposing Tapu Koko went back to Sticky Fingaa!<br></div><div class="battle-history">Sticky Fingaa sent out <strong>Kommo-o</strong>!<br></div><div class="spacer battle-history"><br></div><div class="battle-history">Dragora used <strong>Simple Beam</strong>!<br></div><div class="battle-history">[Biddybud Brigade's Defiant]<br></div><div class="battle-history">[Biddybud Brigade's Simple]<br><small>Biddybud Brigade acquired Simple!</small><br></div><div class="spacer battle-history"><br></div><div class="battle-history">Biddybud Brigade used <strong>King's Shield</strong>!<br></div><div class="battle-history"><small>But it failed!</small><br></div><div class="spacer battle-history"><br></div><h2 class="battle-history">Turn 3</h2><div class="spacer battle-history"><br></div><div class="battle-history">Sticky Fingaa withdrew Feel The Sunshine!<br></div><div class="battle-history">Sticky Fingaa sent out <strong>Golduck</strong>!<br></div><div class="battle-history">[The opposing Golduck's Cloud Nine]<br><small>The effects of the weather disappeared.</small><br></div><div class="spacer battle-history"><br></div><div class="battle-history"><small>Biddybud Brigade's Falinksite is reacting to the Key Stone!</small><br>Biddybud Brigade has Mega Evolved into Mega Falinks!<br></div><div class="chat"><ul class="utilichart"><li class="result"><span class="col pokemonnamecol" style="white-space: nowrap">Falinks-Mega-Legion</span> <span class="col typecol"><img src="https://play.pokemonshowdown.com/sprites/types/Fighting.png" alt="Fighting" height="14" width="32"><img src="https://play.pokemonshowdown.com/sprites/types/Steel.png" alt="Steel" height="14" width="32"></span> <span style="float: left ; min-height: 26px"><span class="col abilitycol">Stance Change</span><span class="col abilitycol"></span></span><span style="float: left ; min-height: 26px"><span class="col statcol"><em>HP</em><br>65</span> <span class="col statcol"><em>Atk</em><br>65</span> <span class="col statcol"><em>Def</em><br>130</span> <span class="col statcol"><em>SpA</em><br>65</span> <span class="col statcol"><em>SpD</em><br>130</span> <span class="col statcol"><em>Spe</em><br>115</span> </span></li><li style="clear: both"></li></ul></div><div class="spacer battle-history"><br></div><div class="battle-history">Biddybud Brigade used <strong>King's Shield</strong>!<br></div><div class="battle-history"><small>Biddybud Brigade protected itself!</small><br></div><div class="spacer battle-history"><br></div><div class="battle-history">The opposing Kommo-o used <strong>Clangorous Soul</strong>!<br></div><div class="battle-history"><small>The opposing Kommo-o's Attack rose!</small><br></div><div class="battle-history"><small>The opposing Kommo-o's Defense rose!</small><br></div><div class="battle-history"><small>The opposing Kommo-o's Sp. Atk rose!</small><br></div><div class="battle-history"><small>The opposing Kommo-o's Sp. Def rose!</small><br></div><div class="battle-history"><small>The opposing Kommo-o's Speed rose!</small><br></div><div class="battle-history"><small>(The opposing Kommo-o lost <abbr title="−16/48 pixels">31.3–33.3%</abbr> of its health!)</small><br></div><div class="battle-history"><small>Dragora surrounded itself with its Z-Power!</small><br></div><div class="spacer battle-history"><br></div><div class="battle-history"><small>Dragora unleashes its full-force Z-Move!</small><br>Dragora used <strong>All-Out Pummeling</strong>!<br></div><div class="battle-history"><small>(The opposing Kommo-o lost <abbr title="−10/48 pixels">18.8–22.8%</abbr> of its health!)</small><br></div><div class="spacer battle-history"><br></div><h2 class="battle-history">Turn 4</h2><div class="spacer battle-history"><br></div><div class="battle-history">Biddybud Brigade, come back!<br></div><div class="battle-history">Go! Hecate (<strong>Marowak-Alola</strong>)!<br></div><div class="spacer battle-history"><br></div><div class="battle-history">The opposing Kommo-o used <strong>Aura Sphere</strong>!<br></div><div class="battle-history"><small>It doesn't affect Hecate...</small><br></div><div class="spacer battle-history"><br></div><div class="battle-history">The opposing Golduck used <strong>Simple Beam</strong>!<br></div><div class="battle-history">[The opposing Kommo-o's Soundproof]<br></div><div class="battle-history">[The opposing Kommo-o's Simple]<br><small>The opposing Kommo-o acquired Simple!</small><br></div><div class="spacer battle-history"><br></div><div class="battle-history">Dragora used <strong>Superpower</strong>!<br></div><div class="battle-history"><small>(The opposing Kommo-o lost <abbr title="−6/48 pixels">10.5–14.5%</abbr> of its health!)</small><br></div><div class="battle-history"><small>Dragora's Attack rose!</small><br></div><div class="battle-history"><small>Dragora's Defense rose!</small><br></div><div class="spacer battle-history"><br></div><div class="battle-history"><small>The opposing team's Tailwind petered out!</small><br></div><div class="spacer battle-history"><br></div><h2 class="battle-history">Turn 5</h2><div class="spacer battle-history"><br></div><div class="battle-history"><small>The opposing Kommo-o surrounded itself with its Z-Power!</small><br></div><div class="spacer battle-history"><br></div><div class="battle-history"><small>The opposing Kommo-o unleashes its full-force Z-Move!</small><br>The opposing Kommo-o used <strong>Clangorous Soulblaze</strong>!<br></div><div class="battle-history"><small>(Hecate lost <abbr title="−125/167">74.9%</abbr> of its health!)</small><br></div><div class="battle-history"><small>(Dragora lost <abbr title="−132/190">69.5%</abbr> of its health!)</small><br></div><div class="battle-history"><small>The opposing Kommo-o's Attack rose sharply!</small><br></div><div class="battle-history"><small>The opposing Kommo-o's Defense rose sharply!</small><br></div><div class="battle-history"><small>The opposing Kommo-o's Sp. Atk rose sharply!</small><br></div><div class="battle-history"><small>The opposing Kommo-o's Sp. Def rose sharply!</small><br></div><div class="battle-history"><small>The opposing Kommo-o's Speed rose sharply!</small><br></div><div class="spacer battle-history"><br></div><div class="battle-history">The opposing Golduck used <strong>Scald</strong>!<br></div><div class="battle-history"><small>It's super effective!</small><br></div><div class="battle-history"><small>(Hecate lost <abbr title="−42/167">25.1%</abbr> of its health!)</small><br></div><div class="spacer battle-history"><br></div><div class="battle-history">Hecate fainted!<br></div><div class="battle-history">Dragora used <strong>Superpower</strong>!<br></div><div class="battle-history"><small>(The opposing Kommo-o lost <abbr title="−6/48 pixels">10.5–14.5%</abbr> of its health!)</small><br></div><div class="battle-history"><small>Dragora's Attack rose!</small><br></div><div class="battle-history"><small>Dragora's Defense rose!</small><br></div><div class="spacer battle-history"><br></div><div class="battle-history"><small>Your team's Light Screen wore off!</small><br></div><div class="battle-history"><small>The electricity disappeared from the battlefield.</small><br></div><div class="spacer battle-history"><br></div><div class="battle-history">Go! Bespin (<strong>Celesteela</strong>)!<br></div><div class="spacer battle-history"><br></div><h2 class="battle-history">Turn 6</h2><div class="spacer battle-history"><br></div><div class="battle-history">The opposing Kommo-o used <strong>Flamethrower</strong>!<br></div><div class="battle-history"><small>It's super effective!</small><br></div><div class="battle-history"><small>(Bespin lost <abbr title="−204/204">100%</abbr> of its health!)</small><br></div><div class="spacer battle-history"><br></div><div class="battle-history">Bespin fainted!<br></div><div class="battle-history">The opposing Golduck used <strong>Scald</strong>!<br></div><div class="battle-history"><small>(Dragora lost <abbr title="−14/190">7.4%</abbr> of its health!)</small><br></div><div class="spacer battle-history"><br></div><div class="battle-history">Dragora fainted!<br></div><div class="spacer battle-history"><br></div><div class="battle-history">Go! Biddybud Brigade (<strong>Falinks-Mega-Legion</strong>)!<br></div><div class="spacer battle-history"><br></div><h2 class="battle-history">Turn 7</h2><div class="chat chatmessage-asnomplaysshowdown"><strong style="color:#1bb1b6"><small> </small><span class="username" data-name="ASnomPlaysShowdown">ASnomPlaysShowdown</span>:</strong> <em>gg</em></div><div class="chat"><small> ASnomPlaysShowdown left</small></div><div class="spacer battle-history"><br></div><div class="battle-history">The opposing Kommo-o used <strong>Aura Sphere</strong>!<br></div><div class="battle-history"><small>It's super effective!</small><br></div><div class="battle-history"><small>(Biddybud Brigade lost <abbr title="−172/172">100%</abbr> of its health!)</small><br></div><div class="spacer battle-history"><br></div><div class="battle-history">Biddybud Brigade fainted!<br></div><div class="spacer battle-history"><br></div><div class="battle-history"><strong>Sticky Fingaa</strong> won the battle!<br></div><div class="chat chatmessage-stickyfingaa"><strong style="color:#e76311"><small>☆</small><span class="username" data-name="Sticky Fingaa">Sticky Fingaa</span>:</strong> <em>gg</em></div><div class="chat chatmessage-inkbug1 mine"><strong style="color:#e46e0f"><small>☆</small><span class="username" data-name="inkbug1">inkbug1</span>:</strong> <em>absolutely no chance</em></div><div class="chat chatmessage-inkbug1 mine"><strong style="color:#e46e0f"><small>☆</small><span class="username" data-name="inkbug1">inkbug1</span>:</strong> <em>gg </em></div><div class="chat chatmessage-stickyfingaa"><strong style="color:#e76311"><small>☆</small><span class="username" data-name="Sticky Fingaa">Sticky Fingaa</span>:</strong> <em>kommo is stronk</em></div><div class="chat chatmessage-inkbug1 mine"><strong style="color:#e46e0f"><small>☆</small><span class="username" data-name="inkbug1">inkbug1</span>:</strong> <em>was definitely not prepared for it </em></div></div><div class="inner-preempt message-log"></div></div></div>
</div>
<script>
let daily = Math.floor(Date.now()/1000/60/60/24);document.write('<script src="https://dragonheaven.herokuapp.com/js/replay-embed.js?version'+daily+'"></'+'script>');
</script>
