<!DOCTYPE html>
<meta charset="utf-8" />
<!-- version 1 -->
<title>[Gen 8] Megas for All replay: pokisokis vs. TheUltraFinder</title>
<style>
html,body {font-family:Verdana, sans-serif;font-size:10pt;margin:0;padding:0;}body{padding:12px 0;} .battle-log {font-family:Verdana, sans-serif;font-size:10pt;} .battle-log-inline {border:1px solid #AAAAAA;background:#EEF2F5;color:black;max-width:640px;margin:0 auto 80px;padding-bottom:5px;} .battle-log .inner {padding:4px 8px 0px 8px;} .battle-log .inner-preempt {padding:0 8px 4px 8px;} .battle-log .inner-after {margin-top:0.5em;} .battle-log h2 {margin:0.5em -8px;padding:4px 8px;border:1px solid #AAAAAA;background:#E0E7EA;border-left:0;border-right:0;font-family:Verdana, sans-serif;font-size:13pt;} .battle-log .chat {vertical-align:middle;padding:3px 0 3px 0;font-size:8pt;} .battle-log .chat strong {color:#40576A;} .battle-log .chat em {padding:1px 4px 1px 3px;color:#000000;font-style:normal;} .chat.mine {background:rgba(0,0,0,0.05);margin-left:-8px;margin-right:-8px;padding-left:8px;padding-right:8px;} .spoiler {color:#BBBBBB;background:#BBBBBB;padding:0px 3px;} .spoiler:hover, .spoiler:active, .spoiler-shown {color:#000000;background:#E2E2E2;padding:0px 3px;} .spoiler a {color:#BBBBBB;} .spoiler:hover a, .spoiler:active a, .spoiler-shown a {color:#2288CC;} .chat code, .chat .spoiler:hover code, .chat .spoiler:active code, .chat .spoiler-shown code {border:1px solid #C0C0C0;background:#EEEEEE;color:black;padding:0 2px;} .chat .spoiler code {border:1px solid #CCCCCC;background:#CCCCCC;color:#CCCCCC;} .battle-log .rated {padding:3px 4px;} .battle-log .rated strong {color:white;background:#89A;padding:1px 4px;border-radius:4px;} .spacer {margin-top:0.5em;} .message-announce {background:#6688AA;color:white;padding:1px 4px 2px;} .message-announce a, .broadcast-green a, .broadcast-blue a, .broadcast-red a {color:#DDEEFF;} .broadcast-green {background-color:#559955;color:white;padding:2px 4px;} .broadcast-blue {background-color:#6688AA;color:white;padding:2px 4px;} .infobox {border:1px solid #6688AA;padding:2px 4px;} .infobox-limited {max-height:200px;overflow:auto;overflow-x:hidden;} .broadcast-red {background-color:#AA5544;color:white;padding:2px 4px;} .message-learn-canlearn {font-weight:bold;color:#228822;text-decoration:underline;} .message-learn-cannotlearn {font-weight:bold;color:#CC2222;text-decoration:underline;} .message-effect-weak {font-weight:bold;color:#CC2222;} .message-effect-resist {font-weight:bold;color:#6688AA;} .message-effect-immune {font-weight:bold;color:#666666;} .message-learn-list {margin-top:0;margin-bottom:0;} .message-throttle-notice, .message-error {color:#992222;} .message-overflow, .chat small.message-overflow {font-size:0pt;} .message-overflow::before {font-size:9pt;content:'...';} .subtle {color:#3A4A66;}
</style>
<div class="wrapper replay-wrapper" style="max-width:1180px;margin:0 auto">
<input type="hidden" name="replayid" value="dragonheaven-gen8megasforall-310" />
<div class="battle"></div><div class="battle-log"></div><div class="replay-controls"></div><div class="replay-controls-2"></div>
<h1 style="font-weight:normal;text-align:center"><strong>[Gen 8] Megas for All</strong><br /><a href="http://pokemonshowdown.com/users/pokisokis" class="subtle" target="_blank">pokisokis</a> vs. <a href="http://pokemonshowdown.com/users/theultrafinder" class="subtle" target="_blank">TheUltraFinder</a></h1>
<script type="text/plain" class="battle-log-data">|j|☆pokisokis
|j|☆TheUltraFinder
|t:|1609883934
|player|p1|pokisokis|101|
|player|p2|TheUltraFinder|170|
|teamsize|p1|6
|teamsize|p2|6
|gametype|singles
|gen|8
|tier|[Gen 8] Megas for All
|clearpoke
|poke|p1|Nidoqueen, F|
|poke|p1|Corviknight, M|
|poke|p1|Rillaboom, F|
|poke|p1|Blissey, F|
|poke|p1|Primarina, M|
|poke|p1|Volcarona, M|
|poke|p2|Leavanny, F|
|poke|p2|Magnezone|
|poke|p2|Tapu Fini|
|poke|p2|Landorus-Therian, M|
|poke|p2|Spectrier|
|poke|p2|Tyranitar, M|
|rule|HP Percentage Mod: HP is shown in percentages
|rule|Endless Battle Clause: Forcing endless battles is banned
|rule|OHKO Clause: OHKO moves are banned
|rule|Evasion Moves Clause: Evasion moves are banned
|rule|Species Clause: Limit one of each Pokémon
|rule|Dynamax Clause: You cannot dynamax
|rule|Sleep Clause Mod: Limit one foe put to sleep
|rule|Freeze Clause Mod: Limit one foe frozen
|teampreview
|c|☆pokisokis|glhf
|c|☆TheUltraFinder|u2
|
|t:|1609883952
|start
|switch|p1a: Yas|Nidoqueen, F|100\/100
|switch|p2a: Leavanny|Leavanny, F|100\/100
|turn|1
|
|t:|1609883961
|detailschange|p2a: Leavanny|Leavanny-Mega, F
|-mega|p2a: Leavanny|Leavanny|Leavannite
|-start|p2a: Leavanny|typechange|Bug\/Grass|[silent]
|raw|<ul class="utilichart"><li class="result"><span class="col pokemonnamecol" style="white-space: nowrap">Leavanny-Mega<\/span> <span class="col typecol"><img src="https:\/\/play.pokemonshowdown.com\/sprites\/types\/Bug.png" alt="Bug" height="14" width="32"><img src="https:\/\/play.pokemonshowdown.com\/sprites\/types\/Grass.png" alt="Grass" height="14" width="32"><\/span> <span style="float: left ; min-height: 26px"><span class="col abilitycol">Parental Bond<\/span><span class="col abilitycol"><\/span><\/span><span style="float: left ; min-height: 26px"><span class="col statcol"><em>HP<\/em><br>75<\/span> <span class="col statcol"><em>Atk<\/em><br>133<\/span> <span class="col statcol"><em>Def<\/em><br>100<\/span> <span class="col statcol"><em>SpA<\/em><br>80<\/span> <span class="col statcol"><em>SpD<\/em><br>100<\/span> <span class="col statcol"><em>Spe<\/em><br>112<\/span> <\/span><\/li><li style="clear: both"><\/li><\/ul>
|detailschange|p1a: Yas|Nidoqueen-Mega, F
|-mega|p1a: Yas|Nidoqueen|Nidoqueenite
|-start|p1a: Yas|typechange|Poison\/Ground|[silent]
|raw|<ul class="utilichart"><li class="result"><span class="col pokemonnamecol" style="white-space: nowrap">Nidoqueen-Mega<\/span> <span class="col typecol"><img src="https:\/\/play.pokemonshowdown.com\/sprites\/types\/Poison.png" alt="Poison" height="14" width="32"><img src="https:\/\/play.pokemonshowdown.com\/sprites\/types\/Ground.png" alt="Ground" height="14" width="32"><\/span> <span style="float: left ; min-height: 26px"><span class="col abilitycol">Stamina<\/span><span class="col abilitycol"><\/span><\/span><span style="float: left ; min-height: 26px"><span class="col statcol"><em>HP<\/em><br>90<\/span> <span class="col statcol"><em>Atk<\/em><br>122<\/span> <span class="col statcol"><em>Def<\/em><br>127<\/span> <span class="col statcol"><em>SpA<\/em><br>75<\/span> <span class="col statcol"><em>SpD<\/em><br>115<\/span> <span class="col statcol"><em>Spe<\/em><br>76<\/span> <\/span><\/li><li style="clear: both"><\/li><\/ul>
|move|p2a: Leavanny|Quiver Dance|p2a: Leavanny
|-boost|p2a: Leavanny|spa|1
|-boost|p2a: Leavanny|spd|1
|-boost|p2a: Leavanny|spe|1
|move|p1a: Yas|Stealth Rock|p2a: Leavanny
|-sidestart|p2: TheUltraFinder|move: Stealth Rock
|
|upkeep
|turn|2
|
|t:|1609883972
|move|p2a: Leavanny|Quiver Dance|p2a: Leavanny
|-boost|p2a: Leavanny|spa|1
|-boost|p2a: Leavanny|spd|1
|-boost|p2a: Leavanny|spe|1
|move|p1a: Yas|Poison Jab|p2a: Leavanny
|-supereffective|p2a: Leavanny
|-damage|p2a: Leavanny|26\/100
|
|upkeep
|turn|3
|
|t:|1609883988
|switch|p1a: Nevermore|Corviknight, M, shiny|100\/100
|-ability|p1a: Nevermore|Pressure
|move|p2a: Leavanny|Apple Acid|p1a: Nevermore
|-resisted|p1a: Nevermore
|-damage|p1a: Nevermore|85\/100
|-unboost|p1a: Nevermore|spd|1
|-resisted|p1a: Nevermore
|-damage|p1a: Nevermore|78\/100
|-unboost|p1a: Nevermore|spd|1
|-hitcount|p1a: Nevermore|2
|
|-heal|p1a: Nevermore|85\/100|[from] item: Leftovers
|upkeep
|turn|4
|j| zxgzxg
|
|t:|1609884010
|move|p2a: Leavanny|Apple Acid|p1a: Nevermore
|-resisted|p1a: Nevermore
|-damage|p1a: Nevermore|55\/100
|-unboost|p1a: Nevermore|spd|1
|-resisted|p1a: Nevermore
|-damage|p1a: Nevermore|44\/100
|-unboost|p1a: Nevermore|spd|1
|-hitcount|p1a: Nevermore|2
|move|p1a: Nevermore|U-turn|p2a: Leavanny
|-supereffective|p2a: Leavanny
|-damage|p2a: Leavanny|0 fnt
|faint|p2a: Leavanny
|
|t:|1609884031
|switch|p1a: Kongquest|Rillaboom, F|100\/100|[from]move: U-turn
|-fieldstart|move: Grassy Terrain|[from] ability: Grassy Surge|[of] p1a: Kongquest
|
|upkeep
|
|t:|1609884047
|switch|p2a: Landorus|Landorus-Therian, M|100\/100
|-damage|p2a: Landorus|88\/100|[from] Stealth Rock
|-ability|p2a: Landorus|Intimidate|boost
|-unboost|p1a: Kongquest|atk|1
|turn|5
|
|t:|1609884062
|switch|p1a: Nevermore|Corviknight, M, shiny|44\/100
|-ability|p1a: Nevermore|Pressure
|move|p2a: Landorus|Stealth Rock|p1a: Nevermore
|-sidestart|p1: pokisokis|move: Stealth Rock
|
|-heal|p1a: Nevermore|50\/100|[from] item: Leftovers
|upkeep
|turn|6
|
|t:|1609884072
|move|p2a: Landorus|Protect|p2a: Landorus
|-singleturn|p2a: Landorus|Protect
|move|p1a: Nevermore|Roost|p1a: Nevermore
|-heal|p1a: Nevermore|100\/100
|-singleturn|p1a: Nevermore|move: Roost
|
|upkeep
|turn|7
|
|t:|1609884085
|switch|p2a: Magnezone|Magnezone|100\/100
|-damage|p2a: Magnezone|94\/100|[from] Stealth Rock
|move|p1a: Nevermore|Defog|p2a: Magnezone
|-unboost|p2a: Magnezone|evasion|1
|-sideend|p2: TheUltraFinder|Stealth Rock|[from] move: Defog|[of] p1a: Nevermore
|-sideend|p1: pokisokis|Stealth Rock|[from] move: Defog|[of] p1a: Nevermore
|-fieldend|move: Grassy Terrain
|
|upkeep
|turn|8
|
|t:|1609884095
|move|p1a: Nevermore|U-turn|p2a: Magnezone
|-resisted|p2a: Magnezone
|-damage|p2a: Magnezone|88\/100
|
|t:|1609884103
|switch|p1a: Yas|Nidoqueen-Mega, F|100\/100|[from]move: U-turn
|-start|p1a: Yas|typechange|Poison\/Ground|[silent]
|move|p2a: Magnezone|Hidden Power|p1a: Yas
|-damage|p1a: Yas|74\/100
|-ability|p1a: Yas|Stamina|boost
|-boost|p1a: Yas|def|1
|
|upkeep
|turn|9
|
|t:|1609884122
|switch|p2a: Landorus|Landorus-Therian, M|88\/100
|-ability|p2a: Landorus|Intimidate|boost
|-unboost|p1a: Yas|atk|1
|move|p1a: Yas|Poison Jab|p2a: Landorus
|-resisted|p2a: Landorus
|-damage|p2a: Landorus|80\/100
|
|upkeep
|turn|10
|
|t:|1609884136
|switch|p1a: Kongquest|Rillaboom, F|100\/100
|-fieldstart|move: Grassy Terrain|[from] ability: Grassy Surge|[of] p1a: Kongquest
|move|p2a: Landorus|Stealth Rock|p1a: Kongquest
|-sidestart|p1: pokisokis|move: Stealth Rock
|
|upkeep
|turn|11
|
|t:|1609884143
|move|p1a: Kongquest|Grassy Glide|p2a: Landorus
|-damage|p2a: Landorus|36\/100
|move|p2a: Landorus|Toxic|p1a: Kongquest
|-status|p1a: Kongquest|tox
|
|-damage|p1a: Kongquest|94\/100 tox|[from] psn
|upkeep
|turn|12
|j| inkbug1

|
|t:|1609884157
|switch|p1a: Nevermore|Corviknight, M, shiny|100\/100
|-damage|p1a: Nevermore|88\/100|[from] Stealth Rock
|-ability|p1a: Nevermore|Pressure
|move|p2a: Landorus|U-turn|p1a: Nevermore
|-resisted|p1a: Nevermore
|-damage|p1a: Nevermore|85\/100
|
|t:|1609884166
|switch|p2a: Magnezone|Magnezone|88\/100|[from]move: U-turn
|
|-heal|p1a: Nevermore|91\/100|[from] item: Leftovers
|-heal|p2a: Magnezone|94\/100|[from] Grassy Terrain
|upkeep
|turn|13
|
|t:|1609884175
|move|p1a: Nevermore|U-turn|p2a: Magnezone
|-resisted|p2a: Magnezone
|-damage|p2a: Magnezone|88\/100
|
|t:|1609884180
|switch|p1a: Yas|Nidoqueen-Mega, F|74\/100|[from]move: U-turn
|-damage|p1a: Yas|68\/100|[from] Stealth Rock
|-start|p1a: Yas|typechange|Poison\/Ground|[silent]
|move|p2a: Magnezone|Hidden Power|p1a: Yas
|-damage|p1a: Yas|39\/100
|-ability|p1a: Yas|Stamina|boost
|-boost|p1a: Yas|def|1
|
|-heal|p1a: Yas|45\/100|[from] Grassy Terrain
|-heal|p2a: Magnezone|94\/100|[from] Grassy Terrain
|upkeep
|turn|14
|
|t:|1609884193
|switch|p2a: Tapu Fini|Tapu Fini|100\/100
|-fieldstart|move: Misty Terrain|[from] ability: Misty Surge|[of] p2a: Tapu Fini
|move|p1a: Yas|Milk Drink|p1a: Yas
|-heal|p1a: Yas|95\/100
|
|upkeep
|turn|15
|
|t:|1609884211
|switch|p1a: Kongquest|Rillaboom, F|94\/100 tox
|-damage|p1a: Kongquest|82\/100 tox|[from] Stealth Rock
|-fieldstart|move: Grassy Terrain|[from] ability: Grassy Surge|[of] p1a: Kongquest
|move|p2a: Tapu Fini|Taunt|p1a: Kongquest
|-start|p1a: Kongquest|move: Taunt
|
|-heal|p1a: Kongquest|88\/100 tox|[from] Grassy Terrain
|-damage|p1a: Kongquest|82\/100 tox|[from] psn
|upkeep
|turn|16
|
|t:|1609884237
|switch|p2a: Magnezone|Magnezone|94\/100
|move|p1a: Kongquest|U-turn|p2a: Magnezone
|-resisted|p2a: Magnezone
|-damage|p2a: Magnezone|77\/100
|
|t:|1609884258
|switch|p1a: Yas|Nidoqueen-Mega, F|95\/100|[from]move: U-turn
|-start|p1a: Yas|typechange|Poison\/Ground|[silent]
|-damage|p1a: Yas|89\/100|[from] Stealth Rock
|
|-heal|p1a: Yas|95\/100|[from] Grassy Terrain
|-heal|p2a: Magnezone|83\/100|[from] Grassy Terrain
|upkeep
|turn|17
|
|t:|1609884277
|move|p1a: Yas|Poison Jab|p2a: Magnezone
|-immune|p2a: Magnezone
|move|p2a: Magnezone|Flash Cannon|p1a: Yas
|-damage|p1a: Yas|37\/100
|-ability|p1a: Yas|Stamina|boost
|-boost|p1a: Yas|def|1
|
|-heal|p1a: Yas|43\/100|[from] Grassy Terrain
|-heal|p2a: Magnezone|89\/100|[from] Grassy Terrain
|upkeep
|turn|18
|l| zxgzxg
|
|t:|1609884294
|switch|p1a: Battra|Volcarona, M, shiny|100\/100
|move|p2a: Magnezone|Flash Cannon|p1a: Battra
|-resisted|p1a: Battra
|-damage|p1a: Battra|68\/100
|
|-heal|p1a: Battra|74\/100|[from] Grassy Terrain
|-heal|p2a: Magnezone|96\/100|[from] Grassy Terrain
|upkeep
|turn|19
|
|t:|1609884334
|switch|p2a: Tapu Fini|Tapu Fini|100\/100
|-fieldstart|move: Misty Terrain|[from] ability: Misty Surge|[of] p2a: Tapu Fini
|move|p1a: Battra|Giga Drain|p2a: Tapu Fini
|-supereffective|p2a: Tapu Fini
|-damage|p2a: Tapu Fini|74\/100
|-heal|p1a: Battra|87\/100|[from] drain|[of] p2a: Tapu Fini
|
|-heal|p2a: Tapu Fini|80\/100|[from] item: Leftovers
|upkeep
|turn|20
|
|t:|1609884349
|switch|p1a: Feel the Seal.|Primarina, M|100\/100
|-damage|p1a: Feel the Seal.|88\/100|[from] Stealth Rock
|move|p2a: Tapu Fini|Taunt|p1a: Feel the Seal.
|-start|p1a: Feel the Seal.|move: Taunt
|
|-heal|p2a: Tapu Fini|87\/100|[from] item: Leftovers
|upkeep
|turn|21
|j| abismal
|
|t:|1609884362
|move|p2a: Tapu Fini|Protect|p2a: Tapu Fini
|-singleturn|p2a: Tapu Fini|Protect
|move|p1a: Feel the Seal.|Flip Turn|p2a: Tapu Fini
|-activate|p2a: Tapu Fini|move: Protect
|
|-heal|p2a: Tapu Fini|93\/100|[from] item: Leftovers
|upkeep
|turn|22
|c| abismal|at first i thought mega leavanny's sprite was a slaking
|
|t:|1609884373
|switch|p2a: Spectrier|Spectrier|100\/100
|move|p1a: Feel the Seal.|Flip Turn|p2a: Spectrier
|-damage|p2a: Spectrier|79\/100
|
|t:|1609884379
|switch|p1a: Kongquest|Rillaboom, F|82\/100 tox|[from]move: Flip Turn
|-damage|p1a: Kongquest|70\/100 tox|[from] Stealth Rock
|-fieldstart|move: Grassy Terrain|[from] ability: Grassy Surge|[of] p1a: Kongquest
|
|-heal|p2a: Spectrier|86\/100|[from] Grassy Terrain
|-heal|p1a: Kongquest|76\/100 tox|[from] Grassy Terrain
|-damage|p1a: Kongquest|70\/100 tox|[from] psn
|upkeep
|turn|23
|
|t:|1609884392
|move|p1a: Kongquest|Grassy Glide|p2a: Spectrier
|-damage|p2a: Spectrier|0 fnt
|faint|p2a: Spectrier
|
|-heal|p1a: Kongquest|76\/100 tox|[from] Grassy Terrain
|-damage|p1a: Kongquest|64\/100 tox|[from] psn
|upkeep
|
|t:|1609884402
|switch|p2a: Landorus|Landorus-Therian, M|36\/100
|-ability|p2a: Landorus|Intimidate|boost
|-unboost|p1a: Kongquest|atk|1
|turn|24
|
|t:|1609884423
|switch|p1a: Nevermore|Corviknight, M, shiny|91\/100
|-damage|p1a: Nevermore|78\/100|[from] Stealth Rock
|-ability|p1a: Nevermore|Pressure
|move|p2a: Landorus|U-turn|p1a: Nevermore
|-resisted|p1a: Nevermore
|-damage|p1a: Nevermore|75\/100
|
|t:|1609884433
|switch|p2a: Magnezone|Magnezone|96\/100|[from]move: U-turn
|
|-heal|p1a: Nevermore|81\/100|[from] item: Leftovers
|-heal|p2a: Magnezone|100\/100|[from] Grassy Terrain
|upkeep
|turn|25
|
|t:|1609884452
|move|p1a: Nevermore|U-turn|p2a: Magnezone
|-resisted|p2a: Magnezone
|-damage|p2a: Magnezone|95\/100
|
|t:|1609884455
|switch|p1a: Battra|Volcarona, M, shiny|87\/100|[from]move: U-turn
|move|p2a: Magnezone|Flash Cannon|p1a: Battra
|-resisted|p1a: Battra
|-damage|p1a: Battra|57\/100
|
|-heal|p1a: Battra|63\/100|[from] Grassy Terrain
|-heal|p2a: Magnezone|100\/100|[from] Grassy Terrain
|upkeep
|turn|26
|
|t:|1609884463
|move|p1a: Battra|Roost|p1a: Battra
|-heal|p1a: Battra|100\/100
|-singleturn|p1a: Battra|move: Roost
|move|p2a: Magnezone|Flash Cannon|p1a: Battra
|-resisted|p1a: Battra
|-damage|p1a: Battra|73\/100
|
|-heal|p1a: Battra|79\/100|[from] Grassy Terrain
|-fieldend|move: Grassy Terrain
|upkeep
|turn|27
|
|t:|1609884476
|move|p1a: Battra|Quiver Dance|p1a: Battra
|-boost|p1a: Battra|spa|1
|-boost|p1a: Battra|spd|1
|-boost|p1a: Battra|spe|1
|move|p2a: Magnezone|Flash Cannon|p1a: Battra
|-resisted|p1a: Battra
|-damage|p1a: Battra|61\/100
|-unboost|p1a: Battra|spd|1
|
|upkeep
|turn|28
|
|t:|1609884484
|switch|p2a: Tapu Fini|Tapu Fini|93\/100
|-fieldstart|move: Misty Terrain|[from] ability: Misty Surge|[of] p2a: Tapu Fini
|move|p1a: Battra|Roost|p1a: Battra
|-heal|p1a: Battra|100\/100
|-singleturn|p1a: Battra|move: Roost
|
|-heal|p2a: Tapu Fini|99\/100|[from] item: Leftovers
|upkeep
|turn|29
|
|t:|1609884515
|move|p1a: Battra|Giga Drain|p2a: Tapu Fini
|-supereffective|p2a: Tapu Fini
|-damage|p2a: Tapu Fini|56\/100
|move|p2a: Tapu Fini|Scald|p1a: Battra
|-supereffective|p1a: Battra
|-damage|p1a: Battra|52\/100
|
|-heal|p2a: Tapu Fini|62\/100|[from] item: Leftovers
|upkeep
|turn|30
|
|t:|1609884535
|switch|p1a: Kongquest|Rillaboom, F|64\/100 tox
|-damage|p1a: Kongquest|51\/100 tox|[from] Stealth Rock
|-fieldstart|move: Grassy Terrain|[from] ability: Grassy Surge|[of] p1a: Kongquest
|move|p2a: Tapu Fini|Scald|p1a: Kongquest
|-resisted|p1a: Kongquest
|-damage|p1a: Kongquest|34\/100 tox
|
|-heal|p1a: Kongquest|40\/100 tox|[from] Grassy Terrain
|-heal|p2a: Tapu Fini|68\/100|[from] item: Leftovers
|-heal|p2a: Tapu Fini|74\/100|[from] Grassy Terrain
|-damage|p1a: Kongquest|34\/100 tox|[from] psn
|upkeep
|turn|31
|
|t:|1609884570
|move|p2a: Tapu Fini|Protect|p2a: Tapu Fini
|-singleturn|p2a: Tapu Fini|Protect
|move|p1a: Kongquest|Grassy Glide|p2a: Tapu Fini
|-activate|p2a: Tapu Fini|move: Protect
|
|-heal|p1a: Kongquest|40\/100 tox|[from] Grassy Terrain
|-heal|p2a: Tapu Fini|80\/100|[from] item: Leftovers
|-heal|p2a: Tapu Fini|86\/100|[from] Grassy Terrain
|-damage|p1a: Kongquest|27\/100 tox|[from] psn
|upkeep
|turn|32
|
|t:|1609884583
|move|p1a: Kongquest|Grassy Glide|p2a: Tapu Fini
|-supereffective|p2a: Tapu Fini
|-damage|p2a: Tapu Fini|0 fnt
|faint|p2a: Tapu Fini
|
|-heal|p1a: Kongquest|34\/100 tox|[from] Grassy Terrain
|-damage|p1a: Kongquest|15\/100 tox|[from] psn
|upkeep
|
|t:|1609884598
|switch|p2a: Tyranitar|Tyranitar, M|100\/100
|-ability|p2a: Tyranitar|Unnerve|p1: pokisokis
|turn|33
|
|t:|1609884605
|move|p1a: Kongquest|Grassy Glide|p2a: Tyranitar
|-supereffective|p2a: Tyranitar
|-damage|p2a: Tyranitar|0 fnt
|faint|p2a: Tyranitar
|
|-heal|p1a: Kongquest|21\/100 tox|[from] Grassy Terrain
|-damage|p1a: Kongquest|0 fnt|[from] psn
|faint|p1a: Kongquest
|upkeep
|
|t:|1609884637
|switch|p1a: Battra|Volcarona, M, shiny|52\/100
|switch|p2a: Landorus|Landorus-Therian, M|36\/100
|-ability|p2a: Landorus|Intimidate|boost
|-unboost|p1a: Battra|atk|1
|turn|34
|
|t:|1609884650
|move|p1a: Battra|Roost|p1a: Battra
|-heal|p1a: Battra|100\/100
|-singleturn|p1a: Battra|move: Roost
|move|p2a: Landorus|Toxic|p1a: Battra
|-status|p1a: Battra|tox
|
|-fieldend|move: Grassy Terrain
|-damage|p1a: Battra|94\/100 tox|[from] psn
|upkeep
|turn|35
|
|t:|1609884660
|move|p2a: Landorus|Protect|p2a: Landorus
|-singleturn|p2a: Landorus|Protect
|move|p1a: Battra|Quiver Dance|p1a: Battra
|-boost|p1a: Battra|spa|1
|-boost|p1a: Battra|spd|1
|-boost|p1a: Battra|spe|1
|
|-damage|p1a: Battra|82\/100 tox|[from] psn
|upkeep
|turn|36
|
|t:|1609884672
|switch|p2a: Magnezone|Magnezone|100\/100
|move|p1a: Battra|Flamethrower|p2a: Magnezone
|-supereffective|p2a: Magnezone
|-damage|p2a: Magnezone|0 fnt
|faint|p2a: Magnezone
|
|-damage|p1a: Battra|64\/100 tox|[from] psn
|upkeep
|
|t:|1609884681
|switch|p2a: Landorus|Landorus-Therian, M|36\/100
|-ability|p2a: Landorus|Intimidate|boost
|-unboost|p1a: Battra|atk|1
|turn|37
|
|t:|1609884688
|move|p2a: Landorus|Protect|p2a: Landorus
|-singleturn|p2a: Landorus|Protect
|move|p1a: Battra|Flamethrower|p2a: Landorus
|-activate|p2a: Landorus|move: Protect
|
|-damage|p1a: Battra|39\/100 tox|[from] psn
|upkeep
|turn|38
|
|t:|1609884699
|move|p2a: Landorus|Protect|p2a: Landorus
|-singleturn|p2a: Landorus|Protect
|move|p1a: Battra|Flamethrower|p2a: Landorus
|-activate|p2a: Landorus|move: Protect
|
|-damage|p1a: Battra|8\/100 tox|[from] psn
|upkeep
|turn|39
|
|t:|1609884706
|move|p2a: Landorus|Protect||[still]
|-fail|p2a: Landorus
|move|p1a: Battra|Flamethrower|p2a: Landorus
|-damage|p2a: Landorus|0 fnt
|faint|p2a: Landorus
|
|win|pokisokis
|j| ViZarPKMN
|c|☆pokisokis|gg
|c|☆TheUltraFinder|gg
|l|☆TheUltraFinder
|l| abismal
|l| ViZarPKMN
|l|☆pokisokis</script>
</div>
<div class="battle-log battle-log-inline"><div class="inner"><div class="battle-options"><div style="padding-top: 3px; padding-right: 3px; text-align: right"><button class="icon button" name="openBattleOptions" title="Options">Battle Options</button></div></div><div class="inner message-log"><div class="chat"><small>☆pokisokis and ☆TheUltraFinder joined</small></div><div class=""><small>Format:</small> <br><strong>[Gen 8] Megas for All</strong></div><div class=""><small><em>HP Percentage Mod:</em> HP is shown in percentages</small></div><div class=""><small><em>Endless Battle Clause:</em> Forcing endless battles is banned</small></div><div class=""><small><em>OHKO Clause:</em> OHKO moves are banned</small></div><div class=""><small><em>Evasion Moves Clause:</em> Evasion moves are banned</small></div><div class=""><small><em>Species Clause:</em> Limit one of each Pokémon</small></div><div class=""><small><em>Dynamax Clause:</em> You cannot dynamax</small></div><div class=""><small><em>Sleep Clause Mod:</em> Limit one foe put to sleep</small></div><div class=""><small><em>Freeze Clause Mod:</em> Limit one foe frozen</small></div><div class="chat battle-history"><strong>pokisokis's team:</strong> <em style="color:#445566;display:block;">Nidoqueen / Corviknight / Rillaboom / Blissey / Primarina / Volcarona</em></div><div class="chat battle-history"><strong>TheUltraFinder's team:</strong> <em style="color:#445566;display:block;">Leavanny / Magnezone / Tapu Fini / Landorus-Therian / Spectrier / Tyranitar</em></div><div class="chat chatmessage-pokisokis"><strong style="color:#12adbe"><small>☆</small><span class="username" data-name="pokisokis">pokisokis</span>:</strong> <em>glhf</em></div><div class="chat chatmessage-theultrafinder"><strong style="color:#946524"><small>☆</small><span class="username" data-name="TheUltraFinder">TheUltraFinder</span>:</strong> <em>u2</em></div><div class="spacer battle-history"><br></div><div class="battle-history">Battle started between pokisokis and TheUltraFinder!<br></div><div class="spacer battle-history"><br></div><div class="battle-history">Go! Yas (<strong>Nidoqueen</strong>)!<br></div><div class="spacer battle-history"><br></div><div class="battle-history">TheUltraFinder sent out <strong>Leavanny</strong>!<br></div><div class="spacer battle-history"><br></div><h2 class="battle-history">Turn 1</h2><div class="spacer battle-history"><br></div><div class="battle-history"><small>The opposing Leavanny's Leavannite is reacting to the Key Stone!</small><br>The opposing Leavanny has Mega Evolved into Mega Leavanny!<br></div><div class="chat"><ul class="utilichart"><li class="result"><span class="col pokemonnamecol" style="white-space: nowrap">Leavanny-Mega</span> <span class="col typecol"><img src="https://play.pokemonshowdown.com/sprites/types/Bug.png" alt="Bug" height="14" width="32"><img src="https://play.pokemonshowdown.com/sprites/types/Grass.png" alt="Grass" height="14" width="32"></span> <span style="float: left ; min-height: 26px"><span class="col abilitycol">Parental Bond</span><span class="col abilitycol"></span></span><span style="float: left ; min-height: 26px"><span class="col statcol"><em>HP</em><br>75</span> <span class="col statcol"><em>Atk</em><br>133</span> <span class="col statcol"><em>Def</em><br>100</span> <span class="col statcol"><em>SpA</em><br>80</span> <span class="col statcol"><em>SpD</em><br>100</span> <span class="col statcol"><em>Spe</em><br>112</span> </span></li><li style="clear: both"></li></ul></div><div class="spacer battle-history"><br></div><div class="battle-history"><small>Yas's Nidoqueenite is reacting to the Key Stone!</small><br>Yas has Mega Evolved into Mega Nidoqueen!<br></div><div class="chat"><ul class="utilichart"><li class="result"><span class="col pokemonnamecol" style="white-space: nowrap">Nidoqueen-Mega</span> <span class="col typecol"><img src="https://play.pokemonshowdown.com/sprites/types/Poison.png" alt="Poison" height="14" width="32"><img src="https://play.pokemonshowdown.com/sprites/types/Ground.png" alt="Ground" height="14" width="32"></span> <span style="float: left ; min-height: 26px"><span class="col abilitycol">Stamina</span><span class="col abilitycol"></span></span><span style="float: left ; min-height: 26px"><span class="col statcol"><em>HP</em><br>90</span> <span class="col statcol"><em>Atk</em><br>122</span> <span class="col statcol"><em>Def</em><br>127</span> <span class="col statcol"><em>SpA</em><br>75</span> <span class="col statcol"><em>SpD</em><br>115</span> <span class="col statcol"><em>Spe</em><br>76</span> </span></li><li style="clear: both"></li></ul></div><div class="spacer battle-history"><br></div><div class="battle-history">The opposing Leavanny used <strong>Quiver Dance</strong>!<br></div><div class="battle-history"><small>The opposing Leavanny's Sp. Atk rose!</small><br></div><div class="battle-history"><small>The opposing Leavanny's Sp. Def rose!</small><br></div><div class="battle-history"><small>The opposing Leavanny's Speed rose!</small><br></div><div class="spacer battle-history"><br></div><div class="battle-history">Yas used <strong>Stealth Rock</strong>!<br></div><div class="battle-history"><small>Pointed stones float in the air around the opposing team!</small><br></div><div class="spacer battle-history"><br></div><h2 class="battle-history">Turn 2</h2><div class="spacer battle-history"><br></div><div class="battle-history">The opposing Leavanny used <strong>Quiver Dance</strong>!<br></div><div class="battle-history"><small>The opposing Leavanny's Sp. Atk rose!</small><br></div><div class="battle-history"><small>The opposing Leavanny's Sp. Def rose!</small><br></div><div class="battle-history"><small>The opposing Leavanny's Speed rose!</small><br></div><div class="spacer battle-history"><br></div><div class="battle-history">Yas used <strong>Poison Jab</strong>!<br></div><div class="battle-history"><small>It's super effective!</small><br></div><div class="battle-history"><small>(The opposing Leavanny lost 74% of its health!)</small><br></div><div class="spacer battle-history"><br></div><h2 class="battle-history">Turn 3</h2><div class="spacer battle-history"><br></div><div class="battle-history">Yas, come back!<br></div><div class="battle-history">Go! Nevermore (<strong>Corviknight</strong>)!<br></div><div class="battle-history">[Nevermore's Pressure]<br><small>Nevermore is exerting its pressure!</small><br></div><div class="spacer battle-history"><br></div><div class="battle-history">The opposing Leavanny used <strong>Apple Acid</strong>!<br></div><div class="battle-history"><small>It's not very effective...</small><br></div><div class="battle-history"><small>(Nevermore lost 15% of its health!)</small><br></div><div class="battle-history"><small>Nevermore's Sp. Def fell!</small><br></div><div class="battle-history"><small>It's not very effective...</small><br></div><div class="battle-history"><small>(Nevermore lost 7% of its health!)</small><br></div><div class="battle-history"><small>Nevermore's Sp. Def fell!</small><br></div><div class="battle-history"><small>The Pokémon was hit 2 times!</small><br></div><div class="spacer battle-history"><br></div><div class="battle-history"><small>Nevermore restored a little HP using its Leftovers!</small><br></div><div class="spacer battle-history"><br></div><h2 class="battle-history">Turn 4</h2><div class="chat"><small> zxgzxg joined</small></div><div class="spacer battle-history"><br></div><div class="battle-history">The opposing Leavanny used <strong>Apple Acid</strong>!<br></div><div class="battle-history"><small>It's not very effective...</small><br></div><div class="battle-history"><small>(Nevermore lost 30% of its health!)</small><br></div><div class="battle-history"><small>Nevermore's Sp. Def fell!</small><br></div><div class="battle-history"><small>It's not very effective...</small><br></div><div class="battle-history"><small>(Nevermore lost 11% of its health!)</small><br></div><div class="battle-history"><small>Nevermore's Sp. Def fell!</small><br></div><div class="battle-history"><small>The Pokémon was hit 2 times!</small><br></div><div class="spacer battle-history"><br></div><div class="battle-history">Nevermore used <strong>U-turn</strong>!<br></div><div class="battle-history"><small>It's super effective!</small><br></div><div class="battle-history"><small>(The opposing Leavanny lost 26% of its health!)</small><br></div><div class="spacer battle-history"><br></div><div class="battle-history">The opposing Leavanny fainted!<br></div><div class="spacer battle-history"><br></div><div class="battle-history">Nevermore went back to pokisokis!<br></div><div class="battle-history">Go! Kongquest (<strong>Rillaboom</strong>)!<br></div><div class="battle-history">[Kongquest's Grassy Surge]<br><small>Grass grew to cover the battlefield!</small><br></div><div class="spacer battle-history"><br></div><div class="battle-history">TheUltraFinder sent out Landorus (<strong>Landorus-Therian</strong>)!<br></div><div class="battle-history"><small>Pointed stones dug into the opposing Landorus!</small><br></div><div class="battle-history">[The opposing Landorus's Intimidate]<br></div><div class="battle-history"><small>Kongquest's Attack fell!</small><br></div><div class="spacer battle-history"><br></div><h2 class="battle-history">Turn 5</h2><div class="spacer battle-history"><br></div><div class="battle-history">Kongquest, come back!<br></div><div class="battle-history">Go! Nevermore (<strong>Corviknight</strong>)!<br></div><div class="battle-history">[Nevermore's Pressure]<br><small>Nevermore is exerting its pressure!</small><br></div><div class="spacer battle-history"><br></div><div class="battle-history">The opposing Landorus used <strong>Stealth Rock</strong>!<br></div><div class="battle-history"><small>Pointed stones float in the air around your team!</small><br></div><div class="spacer battle-history"><br></div><div class="battle-history"><small>Nevermore restored a little HP using its Leftovers!</small><br></div><div class="spacer battle-history"><br></div><h2 class="battle-history">Turn 6</h2><div class="spacer battle-history"><br></div><div class="battle-history">The opposing Landorus used <strong>Protect</strong>!<br></div><div class="battle-history"><small>The opposing Landorus protected itself!</small><br></div><div class="spacer battle-history"><br></div><div class="battle-history">Nevermore used <strong>Roost</strong>!<br></div><div class="battle-history"><small>Nevermore had its HP restored.</small><br></div><div class="battle-history"><small>(Nevermore loses Flying type this turn.)</small><br></div><div class="spacer battle-history"><br></div><h2 class="battle-history">Turn 7</h2><div class="spacer battle-history"><br></div><div class="battle-history">TheUltraFinder withdrew Landorus!<br></div><div class="battle-history">TheUltraFinder sent out <strong>Magnezone</strong>!<br></div><div class="battle-history"><small>Pointed stones dug into the opposing Magnezone!</small><br></div><div class="spacer battle-history"><br></div><div class="battle-history">Nevermore used <strong>Defog</strong>!<br></div><div class="battle-history"><small>The opposing Magnezone's evasiveness fell!</small><br></div><div class="battle-history"><small>The pointed stones disappeared from around the opposing team!</small><br></div><div class="battle-history"><small>The pointed stones disappeared from around your team!</small><br></div><div class="battle-history"><small>The grass disappeared from the battlefield.</small><br></div><div class="spacer battle-history"><br></div><h2 class="battle-history">Turn 8</h2><div class="spacer battle-history"><br></div><div class="battle-history">Nevermore used <strong>U-turn</strong>!<br></div><div class="battle-history"><small>It's not very effective...</small><br></div><div class="battle-history"><small>(The opposing Magnezone lost 6% of its health!)</small><br></div><div class="spacer battle-history"><br></div><div class="battle-history">Nevermore went back to pokisokis!<br></div><div class="battle-history">Go! Yas (<strong>Nidoqueen-Mega</strong>)!<br></div><div class="spacer battle-history"><br></div><div class="battle-history">The opposing Magnezone used <strong>Hidden Power</strong>!<br></div><div class="battle-history"><small>(Yas lost 26% of its health!)</small><br></div><div class="battle-history">[Yas's Stamina]<br></div><div class="battle-history"><small>Yas's Defense rose!</small><br></div><div class="spacer battle-history"><br></div><h2 class="battle-history">Turn 9</h2><div class="spacer battle-history"><br></div><div class="battle-history">TheUltraFinder withdrew Magnezone!<br></div><div class="battle-history">TheUltraFinder sent out Landorus (<strong>Landorus-Therian</strong>)!<br></div><div class="battle-history">[The opposing Landorus's Intimidate]<br></div><div class="battle-history"><small>Yas's Attack fell!</small><br></div><div class="spacer battle-history"><br></div><div class="battle-history">Yas used <strong>Poison Jab</strong>!<br></div><div class="battle-history"><small>It's not very effective...</small><br></div><div class="battle-history"><small>(The opposing Landorus lost 8% of its health!)</small><br></div><div class="spacer battle-history"><br></div><h2 class="battle-history">Turn 10</h2><div class="spacer battle-history"><br></div><div class="battle-history">Yas, come back!<br></div><div class="battle-history">Go! Kongquest (<strong>Rillaboom</strong>)!<br></div><div class="battle-history">[Kongquest's Grassy Surge]<br><small>Grass grew to cover the battlefield!</small><br></div><div class="spacer battle-history"><br></div><div class="battle-history">The opposing Landorus used <strong>Stealth Rock</strong>!<br></div><div class="battle-history"><small>Pointed stones float in the air around your team!</small><br></div><div class="spacer battle-history"><br></div><h2 class="battle-history">Turn 11</h2><div class="spacer battle-history"><br></div><div class="battle-history">Kongquest used <strong>Grassy Glide</strong>!<br></div><div class="battle-history"><small>(The opposing Landorus lost 44% of its health!)</small><br></div><div class="spacer battle-history"><br></div><div class="battle-history">The opposing Landorus used <strong>Toxic</strong>!<br></div><div class="battle-history"><small>Kongquest was badly poisoned!</small><br></div><div class="spacer battle-history"><br></div><div class="battle-history"><small>Kongquest was hurt by poison!</small><br></div><div class="spacer battle-history"><br></div><h2 class="battle-history">Turn 12</h2><div class="chat"><small> inkbug1 joined</small></div><div class="spacer battle-history"><br></div><div class="battle-history">Kongquest, come back!<br></div><div class="battle-history">Go! Nevermore (<strong>Corviknight</strong>)!<br></div><div class="battle-history"><small>Pointed stones dug into Nevermore!</small><br></div><div class="battle-history">[Nevermore's Pressure]<br><small>Nevermore is exerting its pressure!</small><br></div><div class="spacer battle-history"><br></div><div class="battle-history">The opposing Landorus used <strong>U-turn</strong>!<br></div><div class="battle-history"><small>It's not very effective...</small><br></div><div class="battle-history"><small>(Nevermore lost 3% of its health!)</small><br></div><div class="spacer battle-history"><br></div><div class="battle-history">The opposing Landorus went back to TheUltraFinder!<br></div><div class="battle-history">TheUltraFinder sent out <strong>Magnezone</strong>!<br></div><div class="spacer battle-history"><br></div><div class="battle-history"><small>Nevermore restored a little HP using its Leftovers!</small><br></div><div class="battle-history"><small>The opposing Magnezone's HP was restored.</small><br></div><div class="spacer battle-history"><br></div><h2 class="battle-history">Turn 13</h2><div class="spacer battle-history"><br></div><div class="battle-history">Nevermore used <strong>U-turn</strong>!<br></div><div class="battle-history"><small>It's not very effective...</small><br></div><div class="battle-history"><small>(The opposing Magnezone lost 6% of its health!)</small><br></div><div class="spacer battle-history"><br></div><div class="battle-history">Nevermore went back to pokisokis!<br></div><div class="battle-history">Go! Yas (<strong>Nidoqueen-Mega</strong>)!<br></div><div class="battle-history"><small>Pointed stones dug into Yas!</small><br></div><div class="spacer battle-history"><br></div><div class="battle-history">The opposing Magnezone used <strong>Hidden Power</strong>!<br></div><div class="battle-history"><small>(Yas lost 29% of its health!)</small><br></div><div class="battle-history">[Yas's Stamina]<br></div><div class="battle-history"><small>Yas's Defense rose!</small><br></div><div class="spacer battle-history"><br></div><div class="battle-history"><small>Yas's HP was restored.</small><br></div><div class="battle-history"><small>The opposing Magnezone's HP was restored.</small><br></div><div class="spacer battle-history"><br></div><h2 class="battle-history">Turn 14</h2><div class="spacer battle-history"><br></div><div class="battle-history">TheUltraFinder withdrew Magnezone!<br></div><div class="battle-history">TheUltraFinder sent out <strong>Tapu Fini</strong>!<br></div><div class="battle-history">[The opposing Tapu Fini's Misty Surge]<br><small>Mist swirled around the battlefield!</small><br></div><div class="spacer battle-history"><br></div><div class="battle-history">Yas used <strong>Milk Drink</strong>!<br></div><div class="battle-history"><small>Yas had its HP restored.</small><br></div><div class="spacer battle-history"><br></div><h2 class="battle-history">Turn 15</h2><div class="spacer battle-history"><br></div><div class="battle-history">Yas, come back!<br></div><div class="battle-history">Go! Kongquest (<strong>Rillaboom</strong>)!<br></div><div class="battle-history"><small>Pointed stones dug into Kongquest!</small><br></div><div class="battle-history">[Kongquest's Grassy Surge]<br><small>Grass grew to cover the battlefield!</small><br></div><div class="spacer battle-history"><br></div><div class="battle-history">The opposing Tapu Fini used <strong>Taunt</strong>!<br></div><div class="battle-history"><small>Kongquest fell for the taunt!</small><br></div><div class="spacer battle-history"><br></div><div class="battle-history"><small>Kongquest's HP was restored.</small><br></div><div class="battle-history"><small>Kongquest was hurt by poison!</small><br></div><div class="spacer battle-history"><br></div><h2 class="battle-history">Turn 16</h2><div class="spacer battle-history"><br></div><div class="battle-history">TheUltraFinder withdrew Tapu Fini!<br></div><div class="battle-history">TheUltraFinder sent out <strong>Magnezone</strong>!<br></div><div class="spacer battle-history"><br></div><div class="battle-history">Kongquest used <strong>U-turn</strong>!<br></div><div class="battle-history"><small>It's not very effective...</small><br></div><div class="battle-history"><small>(The opposing Magnezone lost 17% of its health!)</small><br></div><div class="spacer battle-history"><br></div><div class="battle-history">Kongquest went back to pokisokis!<br></div><div class="battle-history">Go! Yas (<strong>Nidoqueen-Mega</strong>)!<br></div><div class="battle-history"><small>Pointed stones dug into Yas!</small><br></div><div class="spacer battle-history"><br></div><div class="battle-history"><small>Yas's HP was restored.</small><br></div><div class="battle-history"><small>The opposing Magnezone's HP was restored.</small><br></div><div class="spacer battle-history"><br></div><h2 class="battle-history">Turn 17</h2><div class="spacer battle-history"><br></div><div class="battle-history">Yas used <strong>Poison Jab</strong>!<br></div><div class="battle-history"><small>It doesn't affect the opposing Magnezone...</small><br></div><div class="spacer battle-history"><br></div><div class="battle-history">The opposing Magnezone used <strong>Flash Cannon</strong>!<br></div><div class="battle-history"><small>(Yas lost 58% of its health!)</small><br></div><div class="battle-history">[Yas's Stamina]<br></div><div class="battle-history"><small>Yas's Defense rose!</small><br></div><div class="spacer battle-history"><br></div><div class="battle-history"><small>Yas's HP was restored.</small><br></div><div class="battle-history"><small>The opposing Magnezone's HP was restored.</small><br></div><div class="spacer battle-history"><br></div><h2 class="battle-history">Turn 18</h2><div class="chat"><small> zxgzxg left</small></div><div class="spacer battle-history"><br></div><div class="battle-history">Yas, come back!<br></div><div class="battle-history">Go! Battra (<strong>Volcarona</strong>)!<br></div><div class="spacer battle-history"><br></div><div class="battle-history">The opposing Magnezone used <strong>Flash Cannon</strong>!<br></div><div class="battle-history"><small>It's not very effective...</small><br></div><div class="battle-history"><small>(Battra lost 32% of its health!)</small><br></div><div class="spacer battle-history"><br></div><div class="battle-history"><small>Battra's HP was restored.</small><br></div><div class="battle-history"><small>The opposing Magnezone's HP was restored.</small><br></div><div class="spacer battle-history"><br></div><h2 class="battle-history">Turn 19</h2><div class="spacer battle-history"><br></div><div class="battle-history">TheUltraFinder withdrew Magnezone!<br></div><div class="battle-history">TheUltraFinder sent out <strong>Tapu Fini</strong>!<br></div><div class="battle-history">[The opposing Tapu Fini's Misty Surge]<br><small>Mist swirled around the battlefield!</small><br></div><div class="spacer battle-history"><br></div><div class="battle-history">Battra used <strong>Giga Drain</strong>!<br></div><div class="battle-history"><small>It's super effective!</small><br></div><div class="battle-history"><small>(The opposing Tapu Fini lost 26% of its health!)</small><br></div><div class="battle-history"><small>The opposing Tapu Fini had its energy drained!</small><br></div><div class="spacer battle-history"><br></div><div class="battle-history"><small>The opposing Tapu Fini restored a little HP using its Leftovers!</small><br></div><div class="spacer battle-history"><br></div><h2 class="battle-history">Turn 20</h2><div class="spacer battle-history"><br></div><div class="battle-history">Battra, come back!<br></div><div class="battle-history">Go! Feel the Seal. (<strong>Primarina</strong>)!<br></div><div class="battle-history"><small>Pointed stones dug into Feel the Seal.!</small><br></div><div class="spacer battle-history"><br></div><div class="battle-history">The opposing Tapu Fini used <strong>Taunt</strong>!<br></div><div class="battle-history"><small>Feel the Seal. fell for the taunt!</small><br></div><div class="spacer battle-history"><br></div><div class="battle-history"><small>The opposing Tapu Fini restored a little HP using its Leftovers!</small><br></div><div class="spacer battle-history"><br></div><h2 class="battle-history">Turn 21</h2><div class="chat"><small> abismal joined</small></div><div class="spacer battle-history"><br></div><div class="battle-history">The opposing Tapu Fini used <strong>Protect</strong>!<br></div><div class="battle-history"><small>The opposing Tapu Fini protected itself!</small><br></div><div class="spacer battle-history"><br></div><div class="battle-history">Feel the Seal. used <strong>Flip Turn</strong>!<br></div><div class="battle-history"><small>The opposing Tapu Fini protected itself!</small><br></div><div class="spacer battle-history"><br></div><div class="battle-history"><small>The opposing Tapu Fini restored a little HP using its Leftovers!</small><br></div><div class="spacer battle-history"><br></div><h2 class="battle-history">Turn 22</h2><div class="chat chatmessage-abismal"><strong style="color:#68a730"><small> </small><span class="username" data-name="abismal">abismal</span>:</strong> <em>at first i thought mega leavanny's sprite was a slaking</em></div><div class="spacer battle-history"><br></div><div class="battle-history">TheUltraFinder withdrew Tapu Fini!<br></div><div class="battle-history">TheUltraFinder sent out <strong>Spectrier</strong>!<br></div><div class="spacer battle-history"><br></div><div class="battle-history">Feel the Seal. used <strong>Flip Turn</strong>!<br></div><div class="battle-history"><small>(The opposing Spectrier lost 21% of its health!)</small><br></div><div class="spacer battle-history"><br></div><div class="battle-history">Feel the Seal., come back!<br></div><div class="battle-history">Go! Kongquest (<strong>Rillaboom</strong>)!<br></div><div class="battle-history"><small>Pointed stones dug into Kongquest!</small><br></div><div class="battle-history">[Kongquest's Grassy Surge]<br><small>Grass grew to cover the battlefield!</small><br></div><div class="spacer battle-history"><br></div><div class="battle-history"><small>The opposing Spectrier's HP was restored.</small><br></div><div class="battle-history"><small>Kongquest's HP was restored.</small><br></div><div class="battle-history"><small>Kongquest was hurt by poison!</small><br></div><div class="spacer battle-history"><br></div><h2 class="battle-history">Turn 23</h2><div class="spacer battle-history"><br></div><div class="battle-history">Kongquest used <strong>Grassy Glide</strong>!<br></div><div class="battle-history"><small>(The opposing Spectrier lost 86% of its health!)</small><br></div><div class="spacer battle-history"><br></div><div class="battle-history">The opposing Spectrier fainted!<br></div><div class="spacer battle-history"><br></div><div class="battle-history"><small>Kongquest's HP was restored.</small><br></div><div class="battle-history"><small>Kongquest was hurt by poison!</small><br></div><div class="spacer battle-history"><br></div><div class="battle-history">TheUltraFinder sent out Landorus (<strong>Landorus-Therian</strong>)!<br></div><div class="battle-history">[The opposing Landorus's Intimidate]<br></div><div class="battle-history"><small>Kongquest's Attack fell!</small><br></div><div class="spacer battle-history"><br></div><h2 class="battle-history">Turn 24</h2><div class="spacer battle-history"><br></div><div class="battle-history">Kongquest, come back!<br></div><div class="battle-history">Go! Nevermore (<strong>Corviknight</strong>)!<br></div><div class="battle-history"><small>Pointed stones dug into Nevermore!</small><br></div><div class="battle-history">[Nevermore's Pressure]<br><small>Nevermore is exerting its pressure!</small><br></div><div class="spacer battle-history"><br></div><div class="battle-history">The opposing Landorus used <strong>U-turn</strong>!<br></div><div class="battle-history"><small>It's not very effective...</small><br></div><div class="battle-history"><small>(Nevermore lost 3% of its health!)</small><br></div><div class="spacer battle-history"><br></div><div class="battle-history">The opposing Landorus went back to TheUltraFinder!<br></div><div class="battle-history">TheUltraFinder sent out <strong>Magnezone</strong>!<br></div><div class="spacer battle-history"><br></div><div class="battle-history"><small>Nevermore restored a little HP using its Leftovers!</small><br></div><div class="battle-history"><small>The opposing Magnezone's HP was restored.</small><br></div><div class="spacer battle-history"><br></div><h2 class="battle-history">Turn 25</h2><div class="spacer battle-history"><br></div><div class="battle-history">Nevermore used <strong>U-turn</strong>!<br></div><div class="battle-history"><small>It's not very effective...</small><br></div><div class="battle-history"><small>(The opposing Magnezone lost 5% of its health!)</small><br></div><div class="spacer battle-history"><br></div><div class="battle-history">Nevermore went back to pokisokis!<br></div><div class="battle-history">Go! Battra (<strong>Volcarona</strong>)!<br></div><div class="spacer battle-history"><br></div><div class="battle-history">The opposing Magnezone used <strong>Flash Cannon</strong>!<br></div><div class="battle-history"><small>It's not very effective...</small><br></div><div class="battle-history"><small>(Battra lost 30% of its health!)</small><br></div><div class="spacer battle-history"><br></div><div class="battle-history"><small>Battra's HP was restored.</small><br></div><div class="battle-history"><small>The opposing Magnezone's HP was restored.</small><br></div><div class="spacer battle-history"><br></div><h2 class="battle-history">Turn 26</h2><div class="spacer battle-history"><br></div><div class="battle-history">Battra used <strong>Roost</strong>!<br></div><div class="battle-history"><small>Battra had its HP restored.</small><br></div><div class="spacer battle-history"><br></div><div class="battle-history">The opposing Magnezone used <strong>Flash Cannon</strong>!<br></div><div class="battle-history"><small>It's not very effective...</small><br></div><div class="battle-history"><small>(Battra lost 27% of its health!)</small><br></div><div class="spacer battle-history"><br></div><div class="battle-history"><small>Battra's HP was restored.</small><br></div><div class="battle-history"><small>The grass disappeared from the battlefield.</small><br></div><div class="spacer battle-history"><br></div><h2 class="battle-history">Turn 27</h2><div class="spacer battle-history"><br></div><div class="battle-history">Battra used <strong>Quiver Dance</strong>!<br></div><div class="battle-history"><small>Battra's Sp. Atk rose!</small><br></div><div class="battle-history"><small>Battra's Sp. Def rose!</small><br></div><div class="battle-history"><small>Battra's Speed rose!</small><br></div><div class="spacer battle-history"><br></div><div class="battle-history">The opposing Magnezone used <strong>Flash Cannon</strong>!<br></div><div class="battle-history"><small>It's not very effective...</small><br></div><div class="battle-history"><small>(Battra lost 18% of its health!)</small><br></div><div class="battle-history"><small>Battra's Sp. Def fell!</small><br></div><div class="spacer battle-history"><br></div><h2 class="battle-history">Turn 28</h2><div class="spacer battle-history"><br></div><div class="battle-history">TheUltraFinder withdrew Magnezone!<br></div><div class="battle-history">TheUltraFinder sent out <strong>Tapu Fini</strong>!<br></div><div class="battle-history">[The opposing Tapu Fini's Misty Surge]<br><small>Mist swirled around the battlefield!</small><br></div><div class="spacer battle-history"><br></div><div class="battle-history">Battra used <strong>Roost</strong>!<br></div><div class="battle-history"><small>Battra had its HP restored.</small><br></div><div class="spacer battle-history"><br></div><div class="battle-history"><small>The opposing Tapu Fini restored a little HP using its Leftovers!</small><br></div><div class="spacer battle-history"><br></div><h2 class="battle-history">Turn 29</h2><div class="spacer battle-history"><br></div><div class="battle-history">Battra used <strong>Giga Drain</strong>!<br></div><div class="battle-history"><small>It's super effective!</small><br></div><div class="battle-history"><small>(The opposing Tapu Fini lost 43% of its health!)</small><br></div><div class="spacer battle-history"><br></div><div class="battle-history">The opposing Tapu Fini used <strong>Scald</strong>!<br></div><div class="battle-history"><small>It's super effective!</small><br></div><div class="battle-history"><small>(Battra lost 48% of its health!)</small><br></div><div class="spacer battle-history"><br></div><div class="battle-history"><small>The opposing Tapu Fini restored a little HP using its Leftovers!</small><br></div><div class="spacer battle-history"><br></div><h2 class="battle-history">Turn 30</h2><div class="spacer battle-history"><br></div><div class="battle-history">Battra, come back!<br></div><div class="battle-history">Go! Kongquest (<strong>Rillaboom</strong>)!<br></div><div class="battle-history"><small>Pointed stones dug into Kongquest!</small><br></div><div class="battle-history">[Kongquest's Grassy Surge]<br><small>Grass grew to cover the battlefield!</small><br></div><div class="spacer battle-history"><br></div><div class="battle-history">The opposing Tapu Fini used <strong>Scald</strong>!<br></div><div class="battle-history"><small>It's not very effective...</small><br></div><div class="battle-history"><small>(Kongquest lost 17% of its health!)</small><br></div><div class="spacer battle-history"><br></div><div class="battle-history"><small>Kongquest's HP was restored.</small><br></div><div class="battle-history"><small>The opposing Tapu Fini restored a little HP using its Leftovers!</small><br></div><div class="battle-history"><small>The opposing Tapu Fini's HP was restored.</small><br></div><div class="battle-history"><small>Kongquest was hurt by poison!</small><br></div><div class="spacer battle-history"><br></div><h2 class="battle-history">Turn 31</h2><div class="spacer battle-history"><br></div><div class="battle-history">The opposing Tapu Fini used <strong>Protect</strong>!<br></div><div class="battle-history"><small>The opposing Tapu Fini protected itself!</small><br></div><div class="spacer battle-history"><br></div><div class="battle-history">Kongquest used <strong>Grassy Glide</strong>!<br></div><div class="battle-history"><small>The opposing Tapu Fini protected itself!</small><br></div><div class="spacer battle-history"><br></div><div class="battle-history"><small>Kongquest's HP was restored.</small><br></div><div class="battle-history"><small>The opposing Tapu Fini restored a little HP using its Leftovers!</small><br></div><div class="battle-history"><small>The opposing Tapu Fini's HP was restored.</small><br></div><div class="battle-history"><small>Kongquest was hurt by poison!</small><br></div><div class="spacer battle-history"><br></div><h2 class="battle-history">Turn 32</h2><div class="spacer battle-history"><br></div><div class="battle-history">Kongquest used <strong>Grassy Glide</strong>!<br></div><div class="battle-history"><small>It's super effective!</small><br></div><div class="battle-history"><small>(The opposing Tapu Fini lost 86% of its health!)</small><br></div><div class="spacer battle-history"><br></div><div class="battle-history">The opposing Tapu Fini fainted!<br></div><div class="spacer battle-history"><br></div><div class="battle-history"><small>Kongquest's HP was restored.</small><br></div><div class="battle-history"><small>Kongquest was hurt by poison!</small><br></div><div class="spacer battle-history"><br></div><div class="battle-history">TheUltraFinder sent out <strong>Tyranitar</strong>!<br></div><div class="battle-history">[The opposing Tyranitar's Unnerve]<br><small>Your team is too nervous to eat Berries!</small><br></div><div class="spacer battle-history"><br></div><h2 class="battle-history">Turn 33</h2><div class="spacer battle-history"><br></div><div class="battle-history">Kongquest used <strong>Grassy Glide</strong>!<br></div><div class="battle-history"><small>It's super effective!</small><br></div><div class="battle-history"><small>(The opposing Tyranitar lost 100% of its health!)</small><br></div><div class="spacer battle-history"><br></div><div class="battle-history">The opposing Tyranitar fainted!<br></div><div class="spacer battle-history"><br></div><div class="battle-history"><small>Kongquest's HP was restored.</small><br></div><div class="battle-history"><small>Kongquest was hurt by poison!</small><br></div><div class="spacer battle-history"><br></div><div class="battle-history">Kongquest fainted!<br></div><div class="spacer battle-history"><br></div><div class="battle-history">Go! Battra (<strong>Volcarona</strong>)!<br></div><div class="spacer battle-history"><br></div><div class="battle-history">TheUltraFinder sent out Landorus (<strong>Landorus-Therian</strong>)!<br></div><div class="battle-history">[The opposing Landorus's Intimidate]<br></div><div class="battle-history"><small>Battra's Attack fell!</small><br></div><div class="spacer battle-history"><br></div><h2 class="battle-history">Turn 34</h2><div class="spacer battle-history"><br></div><div class="battle-history">Battra used <strong>Roost</strong>!<br></div><div class="battle-history"><small>Battra had its HP restored.</small><br></div><div class="spacer battle-history"><br></div><div class="battle-history">The opposing Landorus used <strong>Toxic</strong>!<br></div><div class="battle-history"><small>Battra was badly poisoned!</small><br></div><div class="spacer battle-history"><br></div><div class="battle-history"><small>The grass disappeared from the battlefield.</small><br></div><div class="battle-history"><small>Battra was hurt by poison!</small><br></div><div class="spacer battle-history"><br></div><h2 class="battle-history">Turn 35</h2><div class="spacer battle-history"><br></div><div class="battle-history">The opposing Landorus used <strong>Protect</strong>!<br></div><div class="battle-history"><small>The opposing Landorus protected itself!</small><br></div><div class="spacer battle-history"><br></div><div class="battle-history">Battra used <strong>Quiver Dance</strong>!<br></div><div class="battle-history"><small>Battra's Sp. Atk rose!</small><br></div><div class="battle-history"><small>Battra's Sp. Def rose!</small><br></div><div class="battle-history"><small>Battra's Speed rose!</small><br></div><div class="spacer battle-history"><br></div><div class="battle-history"><small>Battra was hurt by poison!</small><br></div><div class="spacer battle-history"><br></div><h2 class="battle-history">Turn 36</h2><div class="spacer battle-history"><br></div><div class="battle-history">TheUltraFinder withdrew Landorus!<br></div><div class="battle-history">TheUltraFinder sent out <strong>Magnezone</strong>!<br></div><div class="spacer battle-history"><br></div><div class="battle-history">Battra used <strong>Flamethrower</strong>!<br></div><div class="battle-history"><small>It's super effective!</small><br></div><div class="battle-history"><small>(The opposing Magnezone lost 100% of its health!)</small><br></div><div class="spacer battle-history"><br></div><div class="battle-history">The opposing Magnezone fainted!<br></div><div class="spacer battle-history"><br></div><div class="battle-history"><small>Battra was hurt by poison!</small><br></div><div class="spacer battle-history"><br></div><div class="battle-history">TheUltraFinder sent out Landorus (<strong>Landorus-Therian</strong>)!<br></div><div class="battle-history">[The opposing Landorus's Intimidate]<br></div><div class="battle-history"><small>Battra's Attack fell!</small><br></div><div class="spacer battle-history"><br></div><h2 class="battle-history">Turn 37</h2><div class="spacer battle-history"><br></div><div class="battle-history">The opposing Landorus used <strong>Protect</strong>!<br></div><div class="battle-history"><small>The opposing Landorus protected itself!</small><br></div><div class="spacer battle-history"><br></div><div class="battle-history">Battra used <strong>Flamethrower</strong>!<br></div><div class="battle-history"><small>The opposing Landorus protected itself!</small><br></div><div class="spacer battle-history"><br></div><div class="battle-history"><small>Battra was hurt by poison!</small><br></div><div class="spacer battle-history"><br></div><h2 class="battle-history">Turn 38</h2><div class="spacer battle-history"><br></div><div class="battle-history">The opposing Landorus used <strong>Protect</strong>!<br></div><div class="battle-history"><small>The opposing Landorus protected itself!</small><br></div><div class="spacer battle-history"><br></div><div class="battle-history">Battra used <strong>Flamethrower</strong>!<br></div><div class="battle-history"><small>The opposing Landorus protected itself!</small><br></div><div class="spacer battle-history"><br></div><div class="battle-history"><small>Battra was hurt by poison!</small><br></div><div class="spacer battle-history"><br></div><h2 class="battle-history">Turn 39</h2><div class="spacer battle-history"><br></div><div class="battle-history">The opposing Landorus used <strong>Protect</strong>!<br></div><div class="battle-history"><small>But it failed!</small><br></div><div class="spacer battle-history"><br></div><div class="battle-history">Battra used <strong>Flamethrower</strong>!<br></div><div class="battle-history"><small>(The opposing Landorus lost 36% of its health!)</small><br></div><div class="spacer battle-history"><br></div><div class="battle-history">The opposing Landorus fainted!<br></div><div class="spacer battle-history"><br></div><div class="battle-history"><strong>pokisokis</strong> won the battle!<br></div><div class="chat chatmessage-pokisokis"><strong style="color:#12adbe"><small>☆</small><span class="username" data-name="pokisokis">pokisokis</span>:</strong> <em>gg</em></div><div class="chat chatmessage-theultrafinder"><strong style="color:#946524"><small>☆</small><span class="username" data-name="TheUltraFinder">TheUltraFinder</span>:</strong> <em>gg</em></div><div class="chat"><small> ViZarPKMN joined; ☆TheUltraFinder,  abismal,  ViZarPKMN, and ☆pokisokis left</small></div></div><div class="inner-preempt message-log"></div></div></div>
</div>
<script>
let daily = Math.floor(Date.now()/1000/60/60/24);document.write('<script src="https://dragonheaven.herokuapp.com/js/replay-embed.js?version'+daily+'"></'+'script>');
</script>
