<!DOCTYPE html>
<meta charset="utf-8" />
<!-- version 1 -->
<title>[Gen 8] Megas for All replay: SpaghettiDynamite vs. Bekama</title>
<style>
html,body {font-family:Verdana, sans-serif;font-size:10pt;margin:0;padding:0;}body{padding:12px 0;} .battle-log {font-family:Verdana, sans-serif;font-size:10pt;} .battle-log-inline {border:1px solid #AAAAAA;background:#EEF2F5;color:black;max-width:640px;margin:0 auto 80px;padding-bottom:5px;} .battle-log .inner {padding:4px 8px 0px 8px;} .battle-log .inner-preempt {padding:0 8px 4px 8px;} .battle-log .inner-after {margin-top:0.5em;} .battle-log h2 {margin:0.5em -8px;padding:4px 8px;border:1px solid #AAAAAA;background:#E0E7EA;border-left:0;border-right:0;font-family:Verdana, sans-serif;font-size:13pt;} .battle-log .chat {vertical-align:middle;padding:3px 0 3px 0;font-size:8pt;} .battle-log .chat strong {color:#40576A;} .battle-log .chat em {padding:1px 4px 1px 3px;color:#000000;font-style:normal;} .chat.mine {background:rgba(0,0,0,0.05);margin-left:-8px;margin-right:-8px;padding-left:8px;padding-right:8px;} .spoiler {color:#BBBBBB;background:#BBBBBB;padding:0px 3px;} .spoiler:hover, .spoiler:active, .spoiler-shown {color:#000000;background:#E2E2E2;padding:0px 3px;} .spoiler a {color:#BBBBBB;} .spoiler:hover a, .spoiler:active a, .spoiler-shown a {color:#2288CC;} .chat code, .chat .spoiler:hover code, .chat .spoiler:active code, .chat .spoiler-shown code {border:1px solid #C0C0C0;background:#EEEEEE;color:black;padding:0 2px;} .chat .spoiler code {border:1px solid #CCCCCC;background:#CCCCCC;color:#CCCCCC;} .battle-log .rated {padding:3px 4px;} .battle-log .rated strong {color:white;background:#89A;padding:1px 4px;border-radius:4px;} .spacer {margin-top:0.5em;} .message-announce {background:#6688AA;color:white;padding:1px 4px 2px;} .message-announce a, .broadcast-green a, .broadcast-blue a, .broadcast-red a {color:#DDEEFF;} .broadcast-green {background-color:#559955;color:white;padding:2px 4px;} .broadcast-blue {background-color:#6688AA;color:white;padding:2px 4px;} .infobox {border:1px solid #6688AA;padding:2px 4px;} .infobox-limited {max-height:200px;overflow:auto;overflow-x:hidden;} .broadcast-red {background-color:#AA5544;color:white;padding:2px 4px;} .message-learn-canlearn {font-weight:bold;color:#228822;text-decoration:underline;} .message-learn-cannotlearn {font-weight:bold;color:#CC2222;text-decoration:underline;} .message-effect-weak {font-weight:bold;color:#CC2222;} .message-effect-resist {font-weight:bold;color:#6688AA;} .message-effect-immune {font-weight:bold;color:#666666;} .message-learn-list {margin-top:0;margin-bottom:0;} .message-throttle-notice, .message-error {color:#992222;} .message-overflow, .chat small.message-overflow {font-size:0pt;} .message-overflow::before {font-size:9pt;content:'...';} .subtle {color:#3A4A66;}
</style>
<div class="wrapper replay-wrapper" style="max-width:1180px;margin:0 auto">
<input type="hidden" name="replayid" value="dragonheaven-gen8megasforall-280" />
<div class="battle"></div><div class="battle-log"></div><div class="replay-controls"></div><div class="replay-controls-2"></div>
<h1 style="font-weight:normal;text-align:center"><strong>[Gen 8] Megas for All</strong><br /><a href="http://pokemonshowdown.com/users/spaghettidynamite" class="subtle" target="_blank">SpaghettiDynamite</a> vs. <a href="http://pokemonshowdown.com/users/bekama" class="subtle" target="_blank">Bekama</a></h1>
<script type="text/plain" class="battle-log-data">|j|☆SpaghettiDynamite
|j|☆Bekama
|t:|1617908112
|player|p1|SpaghettiDynamite|ryuki|
|player|p2|Bekama|buck|
|teamsize|p1|6
|teamsize|p2|6
|gametype|singles
|gen|8
|tier|[Gen 8] Megas for All
|clearpoke
|poke|p1|Rillaboom, M|
|poke|p1|Nidoking, M|
|poke|p1|Clefable, M|
|poke|p1|Aegislash, F|
|poke|p1|Mandibuzz, F|
|poke|p1|Muk-Alola, M|
|poke|p2|Nidoking, M|
|poke|p2|Salamence, F|
|poke|p2|Tapu Bulu|
|poke|p2|Milotic, M|
|poke|p2|Volcarona, F|
|poke|p2|Jirachi|
|rule|HP Percentage Mod: HP is shown in percentages
|rule|Endless Battle Clause: Forcing endless battles is banned
|rule|OHKO Clause: OHKO moves are banned
|rule|Evasion Moves Clause: Evasion moves are banned
|rule|Species Clause: Limit one of each Pokémon
|rule|Dynamax Clause: You cannot dynamax
|rule|Sleep Clause Mod: Limit one foe put to sleep
|rule|Freeze Clause Mod: Limit one foe frozen
|raw|<img src="https:\/\/www.smogon.com\/forums\/attachments\/banner_2-png.302358\/" height="65" width="381">
|-message|Welcome to Megas for All!
|-message|This is a National Dex-based format where we aim to give a new Mega Evolution to every Pokémon.
|-message|Just like any official format, you can still only Mega Evolve one Pokémon per team!
|-message|You can find our thread and metagame resources here:
|-message|https:\/\/www.smogon.com\/forums\/threads\/3671140\/
|teampreview
|c|☆Bekama|glhf
|c|☆SpaghettiDynamite|u2
|
|t:|1617908195
|start
|switch|p1a: Nidoking|Nidoking, M|100\/100
|switch|p2a: Tapu Bulu|Tapu Bulu|100\/100
|-fieldstart|move: Grassy Terrain|[from] ability: Grassy Surge|[of] p2a: Tapu Bulu
|turn|1
|
|t:|1617908275
|move|p1a: Nidoking|Stealth Rock|p2a: Tapu Bulu
|-sidestart|p2: Bekama|move: Stealth Rock
|move|p2a: Tapu Bulu|High Horsepower|p1a: Nidoking
|-supereffective|p1a: Nidoking
|-damage|p1a: Nidoking|6\/100
|
|-heal|p1a: Nidoking|12\/100|[from] Grassy Terrain
|upkeep
|turn|2
|
|t:|1617908295
|switch|p2a: Jirachi|Jirachi, shiny|100\/100
|-damage|p2a: Jirachi|94\/100|[from] Stealth Rock
|move|p1a: Nidoking|Earth Power|p2a: Jirachi
|-supereffective|p2a: Jirachi
|-damage|p2a: Jirachi|0 fnt
|faint|p2a: Jirachi
|
|-heal|p1a: Nidoking|18\/100|[from] Grassy Terrain
|upkeep
|
|t:|1617908316
|switch|p2a: Volcarona|Volcarona, F, shiny|100\/100
|-damage|p2a: Volcarona|51\/100|[from] Stealth Rock
|turn|3
|
|t:|1617908338
|switch|p1a: Muk|Muk-Alola, M|100\/100
|move|p2a: Volcarona|Psychic|p1a: Muk
|-immune|p1a: Muk
|
|-heal|p2a: Volcarona|57\/100|[from] Grassy Terrain
|upkeep
|turn|4
|
|t:|1617908362
|move|p2a: Volcarona|Quiver Dance|p2a: Volcarona
|-boost|p2a: Volcarona|spa|1
|-boost|p2a: Volcarona|spd|1
|-boost|p2a: Volcarona|spe|1
|move|p1a: Muk|Pursuit|p2a: Volcarona
|-damage|p2a: Volcarona|36\/100
|-status|p2a: Volcarona|psn|[from] ability: Poison Touch|[of] p1a: Muk
|
|-heal|p2a: Volcarona|42\/100 psn|[from] Grassy Terrain
|-damage|p2a: Volcarona|29\/100 psn|[from] psn
|upkeep
|turn|5
|
|t:|1617908373
|move|p2a: Volcarona|Fiery Dance|p1a: Muk
|-damage|p1a: Muk|72\/100
|-boost|p2a: Volcarona|spa|1
|move|p1a: Muk|Knock Off|p2a: Volcarona
|-damage|p2a: Volcarona|0 fnt
|-status|p1a: Muk|brn|[from] ability: Flame Body|[of] p2a: Volcarona
|-enditem|p2a: Volcarona|Expert Belt|[from] move: Knock Off|[of] p1a: Muk
|faint|p2a: Volcarona
|
|-heal|p1a: Muk|78\/100 brn|[from] Grassy Terrain
|-fieldend|move: Grassy Terrain
|-damage|p1a: Muk|72\/100 brn|[from] brn
|upkeep
|
|t:|1617908379
|switch|p2a: Nidoking|Nidoking, M|100\/100
|-damage|p2a: Nidoking|95\/100|[from] Stealth Rock
|turn|6
|
|t:|1617908388
|switch|p1a: Mandibuzz|Mandibuzz, F|100\/100
|detailschange|p2a: Nidoking|Nidoking-Mega, M
|-mega|p2a: Nidoking|Nidoking|Nidokinite
|-start|p2a: Nidoking|typechange|Poison\/Ground|[silent]
|raw|<ul class="utilichart"><li class="result"><span class="col pokemonnamecol" style="white-space: nowrap">Nidoking-Mega<\/span> <span class="col typecol"><img src="https:\/\/play.pokemonshowdown.com\/sprites\/types\/Poison.png" alt="Poison" height="14" width="32"><img src="https:\/\/play.pokemonshowdown.com\/sprites\/types\/Ground.png" alt="Ground" height="14" width="32"><\/span> <span style="float: left ; min-height: 26px"><span class="col abilitycol">Moxie<\/span><span class="col abilitycol"><\/span><\/span><span style="float: left ; min-height: 26px"><span class="col statcol"><em>HP<\/em><br>81<\/span> <span class="col statcol"><em>Atk<\/em><br>142<\/span> <span class="col statcol"><em>Def<\/em><br>107<\/span> <span class="col statcol"><em>SpA<\/em><br>85<\/span> <span class="col statcol"><em>SpD<\/em><br>75<\/span> <span class="col statcol"><em>Spe<\/em><br>115<\/span> <\/span><\/li><li style="clear: both"><\/li><\/ul>
|move|p2a: Nidoking|Head Smash|p1a: Mandibuzz
|-supereffective|p1a: Mandibuzz
|-damage|p1a: Mandibuzz|34\/100
|-damage|p2a: Nidoking|48\/100|[from] Recoil
|
|upkeep
|turn|7
|
|t:|1617908411
|switch|p1a: Muk|Muk-Alola, M|72\/100 brn
|move|p2a: Nidoking|Poison Jab|p1a: Muk
|-resisted|p1a: Muk
|-damage|p1a: Muk|50\/100 brn
|
|-damage|p1a: Muk|44\/100 brn|[from] brn
|upkeep
|turn|8
|
|t:|1617908432
|move|p2a: Nidoking|Earthquake|p1a: Muk
|-supereffective|p1a: Muk
|-damage|p1a: Muk|0 fnt
|faint|p1a: Muk
|-ability|p2a: Nidoking|Moxie|boost
|-boost|p2a: Nidoking|atk|1
|
|upkeep
|
|t:|1617908441
|switch|p1a: Rillaboom|Rillaboom, M|100\/100
|-fieldstart|move: Grassy Terrain|[from] ability: Grassy Surge|[of] p1a: Rillaboom
|turn|9
|
|t:|1617908448
|detailschange|p1a: Rillaboom|Rillaboom-Mega, M
|-mega|p1a: Rillaboom|Rillaboom|Rillaboomite
|-fieldend|move: Grassy Terrain
|-fieldstart|move: Grassy Terrain|[from] ability: Arena Rock|[of] p1a: Rillaboom
|-start|p1a: Rillaboom|typechange|Grass|[silent]
|raw|<ul class="utilichart"><li class="result"><span class="col pokemonnamecol" style="white-space: nowrap">Rillaboom-Mega<\/span> <span class="col typecol"><img src="https:\/\/play.pokemonshowdown.com\/sprites\/types\/Grass.png" alt="Grass" height="14" width="32"><\/span> <span style="float: left ; min-height: 26px"><span class="col abilitycol">Arena Rock<\/span><span class="col abilitycol"><\/span><\/span><span style="float: left ; min-height: 26px"><span class="col statcol"><em>HP<\/em><br>100<\/span> <span class="col statcol"><em>Atk<\/em><br>135<\/span> <span class="col statcol"><em>Def<\/em><br>110<\/span> <span class="col statcol"><em>SpA<\/em><br>80<\/span> <span class="col statcol"><em>SpD<\/em><br>110<\/span> <span class="col statcol"><em>Spe<\/em><br>95<\/span> <\/span><\/li><li style="clear: both"><\/li><\/ul>
|move|p1a: Rillaboom|Grassy Glide|p2a: Nidoking
|-damage|p2a: Nidoking|0 fnt
|faint|p2a: Nidoking
|
|upkeep
|
|t:|1617908460
|switch|p2a: Salamence|Salamence, F|100\/100
|-damage|p2a: Salamence|76\/100|[from] Stealth Rock
|turn|10
|j| harmony6
|
|t:|1617908471
|-heal|p2a: Salamence|82\/100|[from] item: Leftovers
|-fieldend|move: Grassy Terrain
|switch|p1a: Clefable|Clefable, M|100\/100
|move|p2a: Salamence|Dual Wingbeat|p1a: Clefable
|-damage|p1a: Clefable|83\/100
|-damage|p1a: Clefable|67\/100
|-hitcount|p1a: Clefable|2
|
|-heal|p2a: Salamence|88\/100|[from] item: Leftovers
|upkeep
|turn|11
|
|t:|1617908483
|move|p2a: Salamence|Substitute|p2a: Salamence
|-start|p2a: Salamence|Substitute
|-damage|p2a: Salamence|63\/100
|move|p1a: Clefable|Soft-Boiled|p1a: Clefable
|-heal|p1a: Clefable|100\/100
|
|-heal|p2a: Salamence|69\/100|[from] item: Leftovers
|upkeep
|turn|12
|
|t:|1617908490
|move|p2a: Salamence|Dragon Dance|p2a: Salamence
|-boost|p2a: Salamence|atk|1
|-boost|p2a: Salamence|spe|1
|move|p1a: Clefable|Moonblast|p2a: Salamence
|-supereffective|p2a: Salamence
|-end|p2a: Salamence|Substitute
|
|-heal|p2a: Salamence|75\/100|[from] item: Leftovers
|upkeep
|turn|13
|l| harmony6
|j| harmony6
|
|t:|1617908595
|move|p2a: Salamence|Dragon Dance|p2a: Salamence
|-boost|p2a: Salamence|atk|1
|-boost|p2a: Salamence|spe|1
|move|p1a: Clefable|Moonblast|p2a: Salamence
|-supereffective|p2a: Salamence
|-damage|p2a: Salamence|13\/100
|
|-heal|p2a: Salamence|19\/100|[from] item: Leftovers
|upkeep
|turn|14
|
|t:|1617908603
|move|p2a: Salamence|Dual Wingbeat|p1a: Clefable
|-damage|p1a: Clefable|83\/100
|-damage|p1a: Clefable|65\/100
|-hitcount|p1a: Clefable|2
|move|p1a: Clefable|Moonblast|p2a: Salamence
|-supereffective|p2a: Salamence
|-damage|p2a: Salamence|0 fnt
|faint|p2a: Salamence
|
|upkeep
|
|t:|1617908608
|switch|p2a: Milotic|Milotic, M|100\/100
|-damage|p2a: Milotic|88\/100|[from] Stealth Rock
|turn|15
|
|t:|1617908630
|move|p2a: Milotic|Ice Beam|p1a: Clefable
|-damage|p1a: Clefable|44\/100
|move|p1a: Clefable|Calm Mind|p1a: Clefable
|-boost|p1a: Clefable|spa|1
|-boost|p1a: Clefable|spd|1
|
|-status|p2a: Milotic|brn|[from] item: Flame Orb
|upkeep
|turn|16
|
|t:|1617908637
|move|p2a: Milotic|Haze|p2a: Milotic
|-clearallboost
|move|p1a: Clefable|Soft-Boiled|p1a: Clefable
|-heal|p1a: Clefable|94\/100
|
|-damage|p2a: Milotic|82\/100 brn|[from] brn
|upkeep
|turn|17
|
|t:|1617908644
|move|p2a: Milotic|Toxic|p1a: Clefable
|-status|p1a: Clefable|tox
|move|p1a: Clefable|Calm Mind|p1a: Clefable
|-boost|p1a: Clefable|spa|1
|-boost|p1a: Clefable|spd|1
|
|-damage|p2a: Milotic|76\/100 brn|[from] brn
|-damage|p1a: Clefable|88\/100 tox|[from] psn
|upkeep
|turn|18
|
|t:|1617908657
|switch|p1a: Rillaboom|Rillaboom-Mega, M|100\/100
|-start|p1a: Rillaboom|typechange|Grass|[silent]
|-fieldstart|move: Grassy Terrain|[from] ability: Arena Rock|[of] p1a: Rillaboom
|move|p2a: Milotic|Haze|p2a: Milotic
|-clearallboost
|
|-heal|p2a: Milotic|82\/100 brn|[from] Grassy Terrain
|-damage|p2a: Milotic|76\/100 brn|[from] brn
|upkeep
|turn|19
|
|t:|1617908667
|switch|p2a: Tapu Bulu|Tapu Bulu|100\/100
|-damage|p2a: Tapu Bulu|88\/100|[from] Stealth Rock
|move|p1a: Rillaboom|Wood Hammer|p2a: Tapu Bulu
|-resisted|p2a: Tapu Bulu
|-damage|p2a: Tapu Bulu|47\/100
|-damage|p1a: Rillaboom|87\/100|[from] Recoil
|
|-heal|p1a: Rillaboom|93\/100|[from] Grassy Terrain
|-heal|p2a: Tapu Bulu|53\/100|[from] Grassy Terrain
|upkeep
|turn|20
|
|t:|1617908682
|move|p1a: Rillaboom|U-turn|p2a: Tapu Bulu
|-damage|p2a: Tapu Bulu|30\/100
|
|t:|1617908700
|-heal|p1a: Rillaboom|99\/100|[from] Grassy Terrain
|-heal|p2a: Tapu Bulu|36\/100|[from] Grassy Terrain
|-fieldend|move: Grassy Terrain
|switch|p1a: Aegislash|Aegislash, F|100\/100|[from]move: U-turn
|-zpower|p2a: Tapu Bulu
|move|p2a: Tapu Bulu|Continental Crush|p1a: Aegislash|[zeffect]
|-resisted|p1a: Aegislash
|-damage|p1a: Aegislash|74\/100
|
|-heal|p1a: Aegislash|80\/100|[from] item: Leftovers
|upkeep
|turn|21
|
|t:|1617908713
|move|p1a: Aegislash|King's Shield|p1a: Aegislash
|-singleturn|p1a: Aegislash|Protect
|move|p2a: Tapu Bulu|High Horsepower|p1a: Aegislash
|-activate|p1a: Aegislash|move: Protect
|-unboost|p2a: Tapu Bulu|atk|1
|
|-heal|p1a: Aegislash|87\/100|[from] item: Leftovers
|upkeep
|turn|22
|
|t:|1617908720
|move|p2a: Tapu Bulu|High Horsepower|p1a: Aegislash
|-supereffective|p1a: Aegislash
|-damage|p1a: Aegislash|51\/100
|-formechange|p1a: Aegislash|Aegislash-Blade||[from] ability: Stance Change
|move|p1a: Aegislash|Shadow Ball|p2a: Tapu Bulu
|-damage|p2a: Tapu Bulu|0 fnt
|faint|p2a: Tapu Bulu
|
|-heal|p1a: Aegislash|57\/100|[from] item: Leftovers
|upkeep
|
|t:|1617908726
|switch|p2a: Milotic|Milotic, M|76\/100 brn
|-damage|p2a: Milotic|63\/100 brn|[from] Stealth Rock
|turn|23
|
|t:|1617908730
|-formechange|p1a: Aegislash|Aegislash||[from] ability: Stance Change
|move|p1a: Aegislash|King's Shield|p1a: Aegislash
|-singleturn|p1a: Aegislash|Protect
|move|p2a: Milotic|Recover|p2a: Milotic
|-heal|p2a: Milotic|100\/100 brn
|
|-heal|p1a: Aegislash|64\/100|[from] item: Leftovers
|-damage|p2a: Milotic|94\/100 brn|[from] brn
|upkeep
|turn|24
|
|t:|1617908734
|move|p2a: Milotic|Ice Beam|p1a: Aegislash
|-resisted|p1a: Aegislash
|-damage|p1a: Aegislash|56\/100
|move|p1a: Aegislash|Substitute|p1a: Aegislash
|-start|p1a: Aegislash|Substitute
|-damage|p1a: Aegislash|31\/100
|
|-heal|p1a: Aegislash|38\/100|[from] item: Leftovers
|-damage|p2a: Milotic|88\/100 brn|[from] brn
|upkeep
|turn|25
|c|☆SpaghettiDynamite|gg
|
|t:|1617908744
|move|p2a: Milotic|Ice Beam|p1a: Aegislash
|-resisted|p1a: Aegislash
|-activate|p1a: Aegislash|move: Substitute|[damage]
|-formechange|p1a: Aegislash|Aegislash-Blade||[from] ability: Stance Change
|move|p1a: Aegislash|Shadow Ball|p2a: Milotic
|-damage|p2a: Milotic|62\/100 brn
|
|-heal|p1a: Aegislash|44\/100|[from] item: Leftovers
|-damage|p2a: Milotic|56\/100 brn|[from] brn
|upkeep
|turn|26
|c|☆Bekama|gg
|
|t:|1617908754
|move|p2a: Milotic|Recover|p2a: Milotic
|-heal|p2a: Milotic|100\/100 brn
|move|p1a: Aegislash|Shadow Ball|p2a: Milotic
|-damage|p2a: Milotic|74\/100 brn
|
|-heal|p1a: Aegislash|50\/100|[from] item: Leftovers
|-damage|p2a: Milotic|68\/100 brn|[from] brn
|upkeep
|turn|27
|
|t:|1617908761
|move|p2a: Milotic|Ice Beam|p1a: Aegislash
|-resisted|p1a: Aegislash
|-end|p1a: Aegislash|Substitute
|move|p1a: Aegislash|Shadow Ball|p2a: Milotic
|-damage|p2a: Milotic|42\/100 brn
|-unboost|p2a: Milotic|spd|1
|
|-heal|p1a: Aegislash|56\/100|[from] item: Leftovers
|-damage|p2a: Milotic|36\/100 brn|[from] brn
|upkeep
|turn|28
|
|t:|1617908770
|-formechange|p1a: Aegislash|Aegislash||[from] ability: Stance Change
|move|p1a: Aegislash|King's Shield|p1a: Aegislash
|-singleturn|p1a: Aegislash|Protect
|move|p2a: Milotic|Recover|p2a: Milotic
|-heal|p2a: Milotic|86\/100 brn
|
|-heal|p1a: Aegislash|62\/100|[from] item: Leftovers
|-damage|p2a: Milotic|79\/100 brn|[from] brn
|upkeep
|turn|29
|
|t:|1617908779
|move|p2a: Milotic|Haze|p2a: Milotic
|-clearallboost
|move|p1a: Aegislash|Substitute|p1a: Aegislash
|-start|p1a: Aegislash|Substitute
|-damage|p1a: Aegislash|38\/100
|
|-heal|p1a: Aegislash|44\/100|[from] item: Leftovers
|-damage|p2a: Milotic|73\/100 brn|[from] brn
|upkeep
|turn|30
|
|t:|1617908784
|move|p2a: Milotic|Ice Beam|p1a: Aegislash
|-resisted|p1a: Aegislash
|-activate|p1a: Aegislash|move: Substitute|[damage]
|-formechange|p1a: Aegislash|Aegislash-Blade||[from] ability: Stance Change
|move|p1a: Aegislash|Shadow Ball|p2a: Milotic
|-damage|p2a: Milotic|49\/100 brn
|
|-heal|p1a: Aegislash|50\/100|[from] item: Leftovers
|-damage|p2a: Milotic|43\/100 brn|[from] brn
|upkeep
|turn|31
|
|t:|1617908794
|-formechange|p1a: Aegislash|Aegislash||[from] ability: Stance Change
|move|p1a: Aegislash|King's Shield|p1a: Aegislash
|-singleturn|p1a: Aegislash|Protect
|move|p2a: Milotic|Ice Beam|p1a: Aegislash
|-activate|p1a: Aegislash|move: Protect
|
|-heal|p1a: Aegislash|56\/100|[from] item: Leftovers
|-damage|p2a: Milotic|37\/100 brn|[from] brn
|upkeep
|turn|32
|
|t:|1617908798
|move|p2a: Milotic|Recover|p2a: Milotic
|-heal|p2a: Milotic|87\/100 brn
|-formechange|p1a: Aegislash|Aegislash-Blade||[from] ability: Stance Change
|move|p1a: Aegislash|Shadow Ball|p2a: Milotic
|-damage|p2a: Milotic|63\/100 brn
|
|-heal|p1a: Aegislash|62\/100|[from] item: Leftovers
|-damage|p2a: Milotic|57\/100 brn|[from] brn
|upkeep
|turn|33
|
|t:|1617908806
|move|p2a: Milotic|Ice Beam|p1a: Aegislash
|-resisted|p1a: Aegislash
|-end|p1a: Aegislash|Substitute
|move|p1a: Aegislash|Shadow Ball|p2a: Milotic
|-crit|p2a: Milotic
|-damage|p2a: Milotic|20\/100 brn
|
|-heal|p1a: Aegislash|69\/100|[from] item: Leftovers
|-damage|p2a: Milotic|13\/100 brn|[from] brn
|upkeep
|turn|34
|
|t:|1617908812
|move|p2a: Milotic|Recover|p2a: Milotic
|-heal|p2a: Milotic|63\/100 brn
|move|p1a: Aegislash|Substitute|p1a: Aegislash
|-start|p1a: Aegislash|Substitute
|-damage|p1a: Aegislash|44\/100
|
|-heal|p1a: Aegislash|50\/100|[from] item: Leftovers
|-damage|p2a: Milotic|57\/100 brn|[from] brn
|upkeep
|turn|35
|
|t:|1617908818
|-formechange|p1a: Aegislash|Aegislash||[from] ability: Stance Change
|move|p1a: Aegislash|King's Shield|p1a: Aegislash
|-singleturn|p1a: Aegislash|Protect
|move|p2a: Milotic|Recover|p2a: Milotic
|-heal|p2a: Milotic|100\/100 brn
|
|-heal|p1a: Aegislash|56\/100|[from] item: Leftovers
|-damage|p2a: Milotic|94\/100 brn|[from] brn
|upkeep
|turn|36
|
|t:|1617908829
|move|p2a: Milotic|Ice Beam|p1a: Aegislash
|-resisted|p1a: Aegislash
|-activate|p1a: Aegislash|move: Substitute|[damage]
|-formechange|p1a: Aegislash|Aegislash-Blade||[from] ability: Stance Change
|move|p1a: Aegislash|Shadow Ball|p2a: Milotic
|-damage|p2a: Milotic|68\/100 brn
|
|-heal|p1a: Aegislash|62\/100|[from] item: Leftovers
|-damage|p2a: Milotic|61\/100 brn|[from] brn
|upkeep
|turn|37
|
|t:|1617908835
|-formechange|p1a: Aegislash|Aegislash||[from] ability: Stance Change
|move|p1a: Aegislash|King's Shield|p1a: Aegislash
|-singleturn|p1a: Aegislash|Protect
|move|p2a: Milotic|Ice Beam|p1a: Aegislash
|-activate|p1a: Aegislash|move: Protect
|
|-heal|p1a: Aegislash|69\/100|[from] item: Leftovers
|-damage|p2a: Milotic|55\/100 brn|[from] brn
|upkeep
|turn|38
|
|t:|1617908837
|move|p2a: Milotic|Ice Beam|p1a: Aegislash
|-resisted|p1a: Aegislash
|-activate|p1a: Aegislash|move: Substitute|[damage]
|-formechange|p1a: Aegislash|Aegislash-Blade||[from] ability: Stance Change
|move|p1a: Aegislash|Shadow Ball|p2a: Milotic
|-damage|p2a: Milotic|30\/100 brn
|
|-heal|p1a: Aegislash|75\/100|[from] item: Leftovers
|-damage|p2a: Milotic|24\/100 brn|[from] brn
|upkeep
|turn|39
|
|t:|1617908841
|move|p2a: Milotic|Recover|p2a: Milotic
|-heal|p2a: Milotic|74\/100 brn
|move|p1a: Aegislash|Shadow Ball|p2a: Milotic
|-damage|p2a: Milotic|49\/100 brn
|
|-heal|p1a: Aegislash|81\/100|[from] item: Leftovers
|-damage|p2a: Milotic|43\/100 brn|[from] brn
|upkeep
|turn|40
|
|t:|1617908848
|move|p2a: Milotic|Recover|p2a: Milotic
|-heal|p2a: Milotic|93\/100 brn
|move|p1a: Aegislash|Shadow Ball|p2a: Milotic
|-damage|p2a: Milotic|68\/100 brn
|
|-heal|p1a: Aegislash|87\/100|[from] item: Leftovers
|-damage|p2a: Milotic|62\/100 brn|[from] brn
|upkeep
|turn|41
|
|t:|1617908853
|-formechange|p1a: Aegislash|Aegislash||[from] ability: Stance Change
|move|p1a: Aegislash|King's Shield|p1a: Aegislash
|-singleturn|p1a: Aegislash|Protect
|move|p2a: Milotic|Haze|p2a: Milotic
|-clearallboost
|
|-heal|p1a: Aegislash|93\/100|[from] item: Leftovers
|-damage|p2a: Milotic|56\/100 brn|[from] brn
|upkeep
|turn|42
|
|t:|1617908861
|move|p2a: Milotic|Haze|p2a: Milotic
|-clearallboost
|-formechange|p1a: Aegislash|Aegislash-Blade||[from] ability: Stance Change
|move|p1a: Aegislash|Shadow Ball|p2a: Milotic
|-damage|p2a: Milotic|28\/100 brn
|
|-heal|p1a: Aegislash|99\/100|[from] item: Leftovers
|-damage|p2a: Milotic|22\/100 brn|[from] brn
|upkeep
|turn|43
|
|t:|1617908866
|switch|p1a: Rillaboom|Rillaboom-Mega, M|99\/100
|-start|p1a: Rillaboom|typechange|Grass|[silent]
|-fieldstart|move: Grassy Terrain|[from] ability: Arena Rock|[of] p1a: Rillaboom
|move|p2a: Milotic|Recover|p2a: Milotic
|-heal|p2a: Milotic|72\/100 brn
|
|-heal|p1a: Rillaboom|100\/100|[from] Grassy Terrain
|-heal|p2a: Milotic|78\/100 brn|[from] Grassy Terrain
|-damage|p2a: Milotic|72\/100 brn|[from] brn
|upkeep
|turn|44
|
|t:|1617908876
|move|p1a: Rillaboom|Wood Hammer|p2a: Milotic
|-supereffective|p2a: Milotic
|-damage|p2a: Milotic|0 fnt
|-damage|p1a: Rillaboom|73\/100|[from] Recoil
|faint|p2a: Milotic
|
|win|SpaghettiDynamite
|c|☆Bekama|gg
|c|☆SpaghettiDynamite|You wanna post the replay?
</script>
</div>
<div class="battle-log battle-log-inline"><div class="inner"><div class="battle-options"></div><div class="inner message-log"><div class="chat"><small>☆SpaghettiDynamite and ☆Bekama joined</small></div><div class=""><small>Format:</small> <br><strong>[Gen 8] Megas for All</strong></div><div class=""><small><em>HP Percentage Mod:</em> HP is shown in percentages</small></div><div class=""><small><em>Endless Battle Clause:</em> Forcing endless battles is banned</small></div><div class=""><small><em>OHKO Clause:</em> OHKO moves are banned</small></div><div class=""><small><em>Evasion Moves Clause:</em> Evasion moves are banned</small></div><div class=""><small><em>Species Clause:</em> Limit one of each Pokémon</small></div><div class=""><small><em>Dynamax Clause:</em> You cannot dynamax</small></div><div class=""><small><em>Sleep Clause Mod:</em> Limit one foe put to sleep</small></div><div class=""><small><em>Freeze Clause Mod:</em> Limit one foe frozen</small></div><div class="chat"><img src="https://www.smogon.com/forums/attachments/banner_2-png.302358/" height="65" width="381"></div><div class="spacer battle-history"><br></div><div class="battle-history"><small>Welcome to Megas for All!</small><br></div><div class="battle-history"><small>This is a National Dex-based format where we aim to give a new Mega Evolution to every Pokémon.</small><br></div><div class="battle-history"><small>Just like any official format, you can still only Mega Evolve one Pokémon per team!</small><br></div><div class="battle-history"><small>You can find our thread and metagame resources here:</small><br></div><div class="battle-history"><small>https://www.smogon.com/forums/threads/3671140/</small><br></div><div class="chat battle-history"><strong>SpaghettiDynamite's team:</strong> <em style="color:#445566;display:block;">Rillaboom / Nidoking / Clefable / Aegislash / Mandibuzz / Muk-Alola</em></div><div class="chat battle-history"><strong>Bekama's team:</strong> <em style="color:#445566;display:block;">Nidoking / Salamence / Tapu Bulu / Milotic / Volcarona / Jirachi</em></div><div class="chat chatmessage-bekama"><strong style="color:#ac8416"><small>☆</small><span class="username" data-name="Bekama">Bekama</span>:</strong> <em>glhf</em></div><div class="chat chatmessage-spaghettidynamite"><strong style="color:#27a55b"><small>☆</small><span class="username" data-name="SpaghettiDynamite">SpaghettiDynamite</span>:</strong> <em>u2</em></div><div class="spacer battle-history"><br></div><div class="battle-history">Battle started between SpaghettiDynamite and Bekama!<br></div><div class="spacer battle-history"><br></div><div class="battle-history">Go! <strong>Nidoking</strong>!<br></div><div class="spacer battle-history"><br></div><div class="battle-history">Bekama sent out <strong>Tapu Bulu</strong>!<br></div><div class="battle-history">[The opposing Tapu Bulu's Grassy Surge]<br><small>Grass grew to cover the battlefield!</small><br></div><div class="spacer battle-history"><br></div><h2 class="battle-history">Turn 1</h2><div class="spacer battle-history"><br></div><div class="battle-history">Nidoking used <strong>Stealth Rock</strong>!<br></div><div class="battle-history"><small>Pointed stones float in the air around the opposing team!</small><br></div><div class="spacer battle-history"><br></div><div class="battle-history">The opposing Tapu Bulu used <strong>High Horsepower</strong>!<br></div><div class="battle-history"><small>It's super effective!</small><br></div><div class="battle-history"><small>(Nidoking lost 94% of its health!)</small><br></div><div class="spacer battle-history"><br></div><div class="battle-history"><small>Nidoking's HP was restored.</small><br></div><div class="spacer battle-history"><br></div><h2 class="battle-history">Turn 2</h2><div class="spacer battle-history"><br></div><div class="battle-history">Bekama withdrew Tapu Bulu!<br></div><div class="battle-history">Bekama sent out <strong>Jirachi</strong>!<br></div><div class="battle-history"><small>Pointed stones dug into the opposing Jirachi!</small><br></div><div class="spacer battle-history"><br></div><div class="battle-history">Nidoking used <strong>Earth Power</strong>!<br></div><div class="battle-history"><small>It's super effective!</small><br></div><div class="battle-history"><small>(The opposing Jirachi lost 94% of its health!)</small><br></div><div class="spacer battle-history"><br></div><div class="battle-history">The opposing Jirachi fainted!<br></div><div class="spacer battle-history"><br></div><div class="battle-history"><small>Nidoking's HP was restored.</small><br></div><div class="spacer battle-history"><br></div><div class="battle-history">Bekama sent out <strong>Volcarona</strong>!<br></div><div class="battle-history"><small>Pointed stones dug into the opposing Volcarona!</small><br></div><div class="spacer battle-history"><br></div><h2 class="battle-history">Turn 3</h2><div class="spacer battle-history"><br></div><div class="battle-history">Nidoking, come back!<br></div><div class="battle-history">Go! Muk (<strong>Muk-Alola</strong>)!<br></div><div class="spacer battle-history"><br></div><div class="battle-history">The opposing Volcarona used <strong>Psychic</strong>!<br></div><div class="battle-history"><small>It doesn't affect Muk...</small><br></div><div class="spacer battle-history"><br></div><div class="battle-history"><small>The opposing Volcarona's HP was restored.</small><br></div><div class="spacer battle-history"><br></div><h2 class="battle-history">Turn 4</h2><div class="spacer battle-history"><br></div><div class="battle-history">The opposing Volcarona used <strong>Quiver Dance</strong>!<br></div><div class="battle-history"><small>The opposing Volcarona's Sp. Atk rose!</small><br></div><div class="battle-history"><small>The opposing Volcarona's Sp. Def rose!</small><br></div><div class="battle-history"><small>The opposing Volcarona's Speed rose!</small><br></div><div class="spacer battle-history"><br></div><div class="battle-history">Muk used <strong>Pursuit</strong>!<br></div><div class="battle-history"><small>(The opposing Volcarona lost 21% of its health!)</small><br></div><div class="battle-history">[Muk's Poison Touch]<br><small>The opposing Volcarona was poisoned!</small><br></div><div class="spacer battle-history"><br></div><div class="battle-history"><small>The opposing Volcarona's HP was restored.</small><br></div><div class="battle-history"><small>The opposing Volcarona was hurt by poison!</small><br></div><div class="spacer battle-history"><br></div><h2 class="battle-history">Turn 5</h2><div class="spacer battle-history"><br></div><div class="battle-history">The opposing Volcarona used <strong>Fiery Dance</strong>!<br></div><div class="battle-history"><small>(Muk lost 28% of its health!)</small><br></div><div class="battle-history"><small>The opposing Volcarona's Sp. Atk rose!</small><br></div><div class="spacer battle-history"><br></div><div class="battle-history">Muk used <strong>Knock Off</strong>!<br></div><div class="battle-history"><small>(The opposing Volcarona lost 29% of its health!)</small><br></div><div class="battle-history">[The opposing Volcarona's Flame Body]<br><small>Muk was burned!</small><br></div><div class="battle-history"><small>Muk knocked off the opposing Volcarona's Expert Belt!</small><br></div><div class="spacer battle-history"><br></div><div class="battle-history">The opposing Volcarona fainted!<br></div><div class="spacer battle-history"><br></div><div class="battle-history"><small>Muk's HP was restored.</small><br></div><div class="battle-history"><small>The grass disappeared from the battlefield.</small><br></div><div class="battle-history"><small>Muk was hurt by its burn!</small><br></div><div class="spacer battle-history"><br></div><div class="battle-history">Bekama sent out <strong>Nidoking</strong>!<br></div><div class="battle-history"><small>Pointed stones dug into the opposing Nidoking!</small><br></div><div class="spacer battle-history"><br></div><h2 class="battle-history">Turn 6</h2><div class="spacer battle-history"><br></div><div class="battle-history">Muk, come back!<br></div><div class="battle-history">Go! <strong>Mandibuzz</strong>!<br></div><div class="spacer battle-history"><br></div><div class="battle-history"><small>The opposing Nidoking's Nidokinite is reacting to the Key Stone!</small><br>The opposing Nidoking has Mega Evolved into Mega Nidoking!<br></div><div class="chat"><ul class="utilichart"><li class="result"><span class="col pokemonnamecol">Nidoking-Mega</span> <span class="col typecol"><img src="https://play.pokemonshowdown.com/sprites/types/Poison.png" alt="Poison" height="14" width="32"><img src="https://play.pokemonshowdown.com/sprites/types/Ground.png" alt="Ground" height="14" width="32"></span> <span><span class="col abilitycol">Moxie</span><span class="col abilitycol"></span></span><span><span class="col statcol"><em>HP</em><br>81</span> <span class="col statcol"><em>Atk</em><br>142</span> <span class="col statcol"><em>Def</em><br>107</span> <span class="col statcol"><em>SpA</em><br>85</span> <span class="col statcol"><em>SpD</em><br>75</span> <span class="col statcol"><em>Spe</em><br>115</span> </span></li><li></li></ul></div><div class="spacer battle-history"><br></div><div class="battle-history">The opposing Nidoking used <strong>Head Smash</strong>!<br></div><div class="battle-history"><small>It's super effective!</small><br></div><div class="battle-history"><small>(Mandibuzz lost 66% of its health!)</small><br></div><div class="battle-history"><small>The opposing Nidoking was damaged by the recoil!</small><br></div><div class="spacer battle-history"><br></div><h2 class="battle-history">Turn 7</h2><div class="spacer battle-history"><br></div><div class="battle-history">Mandibuzz, come back!<br></div><div class="battle-history">Go! Muk (<strong>Muk-Alola</strong>)!<br></div><div class="spacer battle-history"><br></div><div class="battle-history">The opposing Nidoking used <strong>Poison Jab</strong>!<br></div><div class="battle-history"><small>It's not very effective...</small><br></div><div class="battle-history"><small>(Muk lost 22% of its health!)</small><br></div><div class="spacer battle-history"><br></div><div class="battle-history"><small>Muk was hurt by its burn!</small><br></div><div class="spacer battle-history"><br></div><h2 class="battle-history">Turn 8</h2><div class="spacer battle-history"><br></div><div class="battle-history">The opposing Nidoking used <strong>Earthquake</strong>!<br></div><div class="battle-history"><small>It's super effective!</small><br></div><div class="battle-history"><small>(Muk lost 44% of its health!)</small><br></div><div class="spacer battle-history"><br></div><div class="battle-history">Muk fainted!<br></div><div class="battle-history">[The opposing Nidoking's Moxie]<br></div><div class="battle-history"><small>The opposing Nidoking's Attack rose!</small><br></div><div class="spacer battle-history"><br></div><div class="battle-history">Go! <strong>Rillaboom</strong>!<br></div><div class="battle-history">[Rillaboom's Grassy Surge]<br><small>Grass grew to cover the battlefield!</small><br></div><div class="spacer battle-history"><br></div><h2 class="battle-history">Turn 9</h2><div class="spacer battle-history"><br></div><div class="battle-history"><small>Rillaboom's Rillaboomite is reacting to the Key Stone!</small><br>Rillaboom has Mega Evolved into Mega Rillaboom!<br></div><div class="battle-history"><small>The grass disappeared from the battlefield.</small><br></div><div class="battle-history">[Rillaboom's Arena Rock]<br><small>Grass grew to cover the battlefield!</small><br></div><div class="chat"><ul class="utilichart"><li class="result"><span class="col pokemonnamecol">Rillaboom-Mega</span> <span class="col typecol"><img src="https://play.pokemonshowdown.com/sprites/types/Grass.png" alt="Grass" height="14" width="32"></span> <span><span class="col abilitycol">Arena Rock</span><span class="col abilitycol"></span></span><span><span class="col statcol"><em>HP</em><br>100</span> <span class="col statcol"><em>Atk</em><br>135</span> <span class="col statcol"><em>Def</em><br>110</span> <span class="col statcol"><em>SpA</em><br>80</span> <span class="col statcol"><em>SpD</em><br>110</span> <span class="col statcol"><em>Spe</em><br>95</span> </span></li><li></li></ul></div><div class="spacer battle-history"><br></div><div class="battle-history">Rillaboom used <strong>Grassy Glide</strong>!<br></div><div class="battle-history"><small>(The opposing Nidoking lost 48% of its health!)</small><br></div><div class="spacer battle-history"><br></div><div class="battle-history">The opposing Nidoking fainted!<br></div><div class="spacer battle-history"><br></div><div class="battle-history">Bekama sent out <strong>Salamence</strong>!<br></div><div class="battle-history"><small>Pointed stones dug into the opposing Salamence!</small><br></div><div class="spacer battle-history"><br></div><h2 class="battle-history">Turn 10</h2><div class="chat"><small> harmony6 joined</small></div><div class="spacer battle-history"><br></div><div class="battle-history"><small>The opposing Salamence restored a little HP using its Leftovers!</small><br></div><div class="battle-history"><small>The grass disappeared from the battlefield.</small><br></div><div class="spacer battle-history"><br></div><div class="battle-history">Rillaboom, come back!<br></div><div class="battle-history">Go! <strong>Clefable</strong>!<br></div><div class="spacer battle-history"><br></div><div class="battle-history">The opposing Salamence used <strong>Dual Wingbeat</strong>!<br></div><div class="battle-history"><small>(Clefable lost 17% of its health!)</small><br></div><div class="battle-history"><small>(Clefable lost 16% of its health!)</small><br></div><div class="battle-history"><small>The Pokémon was hit 2 times!</small><br></div><div class="spacer battle-history"><br></div><div class="battle-history"><small>The opposing Salamence restored a little HP using its Leftovers!</small><br></div><div class="spacer battle-history"><br></div><h2 class="battle-history">Turn 11</h2><div class="spacer battle-history"><br></div><div class="battle-history">The opposing Salamence used <strong>Substitute</strong>!<br></div><div class="battle-history"><small>The opposing Salamence put in a substitute!</small><br></div><div class="battle-history"><small>(The opposing Salamence lost 25% of its health!)</small><br></div><div class="spacer battle-history"><br></div><div class="battle-history">Clefable used <strong>Soft-Boiled</strong>!<br></div><div class="battle-history"><small>Clefable had its HP restored.</small><br></div><div class="spacer battle-history"><br></div><div class="battle-history"><small>The opposing Salamence restored a little HP using its Leftovers!</small><br></div><div class="spacer battle-history"><br></div><h2 class="battle-history">Turn 12</h2><div class="spacer battle-history"><br></div><div class="battle-history">The opposing Salamence used <strong>Dragon Dance</strong>!<br></div><div class="battle-history"><small>The opposing Salamence's Attack rose!</small><br></div><div class="battle-history"><small>The opposing Salamence's Speed rose!</small><br></div><div class="spacer battle-history"><br></div><div class="battle-history">Clefable used <strong>Moonblast</strong>!<br></div><div class="battle-history"><small>It's super effective!</small><br></div><div class="battle-history"><small>The opposing Salamence's substitute faded!</small><br></div><div class="spacer battle-history"><br></div><div class="battle-history"><small>The opposing Salamence restored a little HP using its Leftovers!</small><br></div><div class="spacer battle-history"><br></div><h2 class="battle-history">Turn 13</h2><div class="chat"><small></small></div><div class="spacer battle-history"><br></div><div class="battle-history">The opposing Salamence used <strong>Dragon Dance</strong>!<br></div><div class="battle-history"><small>The opposing Salamence's Attack rose!</small><br></div><div class="battle-history"><small>The opposing Salamence's Speed rose!</small><br></div><div class="spacer battle-history"><br></div><div class="battle-history">Clefable used <strong>Moonblast</strong>!<br></div><div class="battle-history"><small>It's super effective!</small><br></div><div class="battle-history"><small>(The opposing Salamence lost 62% of its health!)</small><br></div><div class="spacer battle-history"><br></div><div class="battle-history"><small>The opposing Salamence restored a little HP using its Leftovers!</small><br></div><div class="spacer battle-history"><br></div><h2 class="battle-history">Turn 14</h2><div class="spacer battle-history"><br></div><div class="battle-history">The opposing Salamence used <strong>Dual Wingbeat</strong>!<br></div><div class="battle-history"><small>(Clefable lost 17% of its health!)</small><br></div><div class="battle-history"><small>(Clefable lost 18% of its health!)</small><br></div><div class="battle-history"><small>The Pokémon was hit 2 times!</small><br></div><div class="spacer battle-history"><br></div><div class="battle-history">Clefable used <strong>Moonblast</strong>!<br></div><div class="battle-history"><small>It's super effective!</small><br></div><div class="battle-history"><small>(The opposing Salamence lost 19% of its health!)</small><br></div><div class="spacer battle-history"><br></div><div class="battle-history">The opposing Salamence fainted!<br></div><div class="spacer battle-history"><br></div><div class="battle-history">Bekama sent out <strong>Milotic</strong>!<br></div><div class="battle-history"><small>Pointed stones dug into the opposing Milotic!</small><br></div><div class="spacer battle-history"><br></div><h2 class="battle-history">Turn 15</h2><div class="spacer battle-history"><br></div><div class="battle-history">The opposing Milotic used <strong>Ice Beam</strong>!<br></div><div class="battle-history"><small>(Clefable lost 21% of its health!)</small><br></div><div class="spacer battle-history"><br></div><div class="battle-history">Clefable used <strong>Calm Mind</strong>!<br></div><div class="battle-history"><small>Clefable's Sp. Atk rose!</small><br></div><div class="battle-history"><small>Clefable's Sp. Def rose!</small><br></div><div class="spacer battle-history"><br></div><div class="battle-history"><small>The opposing Milotic was burned!</small><br></div><div class="spacer battle-history"><br></div><h2 class="battle-history">Turn 16</h2><div class="spacer battle-history"><br></div><div class="battle-history">The opposing Milotic used <strong>Haze</strong>!<br></div><div class="battle-history"><small>All stat changes were eliminated!</small><br></div><div class="spacer battle-history"><br></div><div class="battle-history">Clefable used <strong>Soft-Boiled</strong>!<br></div><div class="battle-history"><small>Clefable had its HP restored.</small><br></div><div class="spacer battle-history"><br></div><div class="battle-history"><small>The opposing Milotic was hurt by its burn!</small><br></div><div class="spacer battle-history"><br></div><h2 class="battle-history">Turn 17</h2><div class="spacer battle-history"><br></div><div class="battle-history">The opposing Milotic used <strong>Toxic</strong>!<br></div><div class="battle-history"><small>Clefable was badly poisoned!</small><br></div><div class="spacer battle-history"><br></div><div class="battle-history">Clefable used <strong>Calm Mind</strong>!<br></div><div class="battle-history"><small>Clefable's Sp. Atk rose!</small><br></div><div class="battle-history"><small>Clefable's Sp. Def rose!</small><br></div><div class="spacer battle-history"><br></div><div class="battle-history"><small>The opposing Milotic was hurt by its burn!</small><br></div><div class="battle-history"><small>Clefable was hurt by poison!</small><br></div><div class="spacer battle-history"><br></div><h2 class="battle-history">Turn 18</h2><div class="spacer battle-history"><br></div><div class="battle-history">Clefable, come back!<br></div><div class="battle-history">Go! Rillaboom (<strong>Rillaboom-Mega</strong>)!<br></div><div class="battle-history">[Rillaboom's Arena Rock]<br><small>Grass grew to cover the battlefield!</small><br></div><div class="spacer battle-history"><br></div><div class="battle-history">The opposing Milotic used <strong>Haze</strong>!<br></div><div class="battle-history"><small>All stat changes were eliminated!</small><br></div><div class="spacer battle-history"><br></div><div class="battle-history"><small>The opposing Milotic's HP was restored.</small><br></div><div class="battle-history"><small>The opposing Milotic was hurt by its burn!</small><br></div><div class="spacer battle-history"><br></div><h2 class="battle-history">Turn 19</h2><div class="spacer battle-history"><br></div><div class="battle-history">Bekama withdrew Milotic!<br></div><div class="battle-history">Bekama sent out <strong>Tapu Bulu</strong>!<br></div><div class="battle-history"><small>Pointed stones dug into the opposing Tapu Bulu!</small><br></div><div class="spacer battle-history"><br></div><div class="battle-history">Rillaboom used <strong>Wood Hammer</strong>!<br></div><div class="battle-history"><small>It's not very effective...</small><br></div><div class="battle-history"><small>(The opposing Tapu Bulu lost 41% of its health!)</small><br></div><div class="battle-history"><small>Rillaboom was damaged by the recoil!</small><br></div><div class="spacer battle-history"><br></div><div class="battle-history"><small>Rillaboom's HP was restored.</small><br></div><div class="battle-history"><small>The opposing Tapu Bulu's HP was restored.</small><br></div><div class="spacer battle-history"><br></div><h2 class="battle-history">Turn 20</h2><div class="spacer battle-history"><br></div><div class="battle-history">Rillaboom used <strong>U-turn</strong>!<br></div><div class="battle-history"><small>(The opposing Tapu Bulu lost 23% of its health!)</small><br></div><div class="spacer battle-history"><br></div><div class="battle-history"><small>Rillaboom's HP was restored.</small><br></div><div class="battle-history"><small>The opposing Tapu Bulu's HP was restored.</small><br></div><div class="battle-history"><small>The grass disappeared from the battlefield.</small><br></div><div class="spacer battle-history"><br></div><div class="battle-history">Rillaboom went back to SpaghettiDynamite!<br></div><div class="battle-history">Go! <strong>Aegislash</strong>!<br></div><div class="battle-history"><small>The opposing Tapu Bulu surrounded itself with its Z-Power!</small><br></div><div class="spacer battle-history"><br></div><div class="battle-history"><small>The opposing Tapu Bulu unleashes its full-force Z-Move!</small><br>The opposing Tapu Bulu used <strong>Continental Crush</strong>!<br></div><div class="battle-history"><small>It's not very effective...</small><br></div><div class="battle-history"><small>(Aegislash lost 26% of its health!)</small><br></div><div class="spacer battle-history"><br></div><div class="battle-history"><small>Aegislash restored a little HP using its Leftovers!</small><br></div><div class="spacer battle-history"><br></div><h2 class="battle-history">Turn 21</h2><div class="spacer battle-history"><br></div><div class="battle-history">Aegislash used <strong>King's Shield</strong>!<br></div><div class="battle-history"><small>Aegislash protected itself!</small><br></div><div class="spacer battle-history"><br></div><div class="battle-history">The opposing Tapu Bulu used <strong>High Horsepower</strong>!<br></div><div class="battle-history"><small>Aegislash protected itself!</small><br></div><div class="battle-history"><small>The opposing Tapu Bulu's Attack fell!</small><br></div><div class="spacer battle-history"><br></div><div class="battle-history"><small>Aegislash restored a little HP using its Leftovers!</small><br></div><div class="spacer battle-history"><br></div><h2 class="battle-history">Turn 22</h2><div class="spacer battle-history"><br></div><div class="battle-history">The opposing Tapu Bulu used <strong>High Horsepower</strong>!<br></div><div class="battle-history"><small>It's super effective!</small><br></div><div class="battle-history"><small>(Aegislash lost 36% of its health!)</small><br></div><div class="battle-history">[Aegislash's Stance Change]<br>Changed to Blade Forme!<br></div><div class="spacer battle-history"><br></div><div class="battle-history">Aegislash used <strong>Shadow Ball</strong>!<br></div><div class="battle-history"><small>(The opposing Tapu Bulu lost 36% of its health!)</small><br></div><div class="spacer battle-history"><br></div><div class="battle-history">The opposing Tapu Bulu fainted!<br></div><div class="spacer battle-history"><br></div><div class="battle-history"><small>Aegislash restored a little HP using its Leftovers!</small><br></div><div class="spacer battle-history"><br></div><div class="battle-history">Bekama sent out <strong>Milotic</strong>!<br></div><div class="battle-history"><small>Pointed stones dug into the opposing Milotic!</small><br></div><div class="spacer battle-history"><br></div><h2 class="battle-history">Turn 23</h2><div class="spacer battle-history"><br></div><div class="battle-history">[Aegislash's Stance Change]<br>Changed to Shield Forme!<br></div><div class="spacer battle-history"><br></div><div class="battle-history">Aegislash used <strong>King's Shield</strong>!<br></div><div class="battle-history"><small>Aegislash protected itself!</small><br></div><div class="spacer battle-history"><br></div><div class="battle-history">The opposing Milotic used <strong>Recover</strong>!<br></div><div class="battle-history"><small>The opposing Milotic had its HP restored.</small><br></div><div class="spacer battle-history"><br></div><div class="battle-history"><small>Aegislash restored a little HP using its Leftovers!</small><br></div><div class="battle-history"><small>The opposing Milotic was hurt by its burn!</small><br></div><div class="spacer battle-history"><br></div><h2 class="battle-history">Turn 24</h2><div class="spacer battle-history"><br></div><div class="battle-history">The opposing Milotic used <strong>Ice Beam</strong>!<br></div><div class="battle-history"><small>It's not very effective...</small><br></div><div class="battle-history"><small>(Aegislash lost 8% of its health!)</small><br></div><div class="spacer battle-history"><br></div><div class="battle-history">Aegislash used <strong>Substitute</strong>!<br></div><div class="battle-history"><small>Aegislash put in a substitute!</small><br></div><div class="battle-history"><small>(Aegislash lost 25% of its health!)</small><br></div><div class="spacer battle-history"><br></div><div class="battle-history"><small>Aegislash restored a little HP using its Leftovers!</small><br></div><div class="battle-history"><small>The opposing Milotic was hurt by its burn!</small><br></div><div class="spacer battle-history"><br></div><h2 class="battle-history">Turn 25</h2><div class="chat chatmessage-spaghettidynamite"><strong style="color:#27a55b"><small>☆</small><span class="username" data-name="SpaghettiDynamite">SpaghettiDynamite</span>:</strong> <em>gg</em></div><div class="spacer battle-history"><br></div><div class="battle-history">The opposing Milotic used <strong>Ice Beam</strong>!<br></div><div class="battle-history"><small>It's not very effective...</small><br></div><div class="battle-history"><small>The substitute took damage for Aegislash!</small><br></div><div class="battle-history">[Aegislash's Stance Change]<br>Changed to Blade Forme!<br></div><div class="spacer battle-history"><br></div><div class="battle-history">Aegislash used <strong>Shadow Ball</strong>!<br></div><div class="battle-history"><small>(The opposing Milotic lost 26% of its health!)</small><br></div><div class="spacer battle-history"><br></div><div class="battle-history"><small>Aegislash restored a little HP using its Leftovers!</small><br></div><div class="battle-history"><small>The opposing Milotic was hurt by its burn!</small><br></div><div class="spacer battle-history"><br></div><h2 class="battle-history">Turn 26</h2><div class="chat chatmessage-bekama"><strong style="color:#ac8416"><small>☆</small><span class="username" data-name="Bekama">Bekama</span>:</strong> <em>gg</em></div><div class="spacer battle-history"><br></div><div class="battle-history">The opposing Milotic used <strong>Recover</strong>!<br></div><div class="battle-history"><small>The opposing Milotic had its HP restored.</small><br></div><div class="spacer battle-history"><br></div><div class="battle-history">Aegislash used <strong>Shadow Ball</strong>!<br></div><div class="battle-history"><small>(The opposing Milotic lost 26% of its health!)</small><br></div><div class="spacer battle-history"><br></div><div class="battle-history"><small>Aegislash restored a little HP using its Leftovers!</small><br></div><div class="battle-history"><small>The opposing Milotic was hurt by its burn!</small><br></div><div class="spacer battle-history"><br></div><h2 class="battle-history">Turn 27</h2><div class="spacer battle-history"><br></div><div class="battle-history">The opposing Milotic used <strong>Ice Beam</strong>!<br></div><div class="battle-history"><small>It's not very effective...</small><br></div><div class="battle-history"><small>Aegislash's substitute faded!</small><br></div><div class="spacer battle-history"><br></div><div class="battle-history">Aegislash used <strong>Shadow Ball</strong>!<br></div><div class="battle-history"><small>(The opposing Milotic lost 26% of its health!)</small><br></div><div class="battle-history"><small>The opposing Milotic's Sp. Def fell!</small><br></div><div class="spacer battle-history"><br></div><div class="battle-history"><small>Aegislash restored a little HP using its Leftovers!</small><br></div><div class="battle-history"><small>The opposing Milotic was hurt by its burn!</small><br></div><div class="spacer battle-history"><br></div><h2 class="battle-history">Turn 28</h2><div class="spacer battle-history"><br></div><div class="battle-history">[Aegislash's Stance Change]<br>Changed to Shield Forme!<br></div><div class="spacer battle-history"><br></div><div class="battle-history">Aegislash used <strong>King's Shield</strong>!<br></div><div class="battle-history"><small>Aegislash protected itself!</small><br></div><div class="spacer battle-history"><br></div><div class="battle-history">The opposing Milotic used <strong>Recover</strong>!<br></div><div class="battle-history"><small>The opposing Milotic had its HP restored.</small><br></div><div class="spacer battle-history"><br></div><div class="battle-history"><small>Aegislash restored a little HP using its Leftovers!</small><br></div><div class="battle-history"><small>The opposing Milotic was hurt by its burn!</small><br></div><div class="spacer battle-history"><br></div><h2 class="battle-history">Turn 29</h2><div class="spacer battle-history"><br></div><div class="battle-history">The opposing Milotic used <strong>Haze</strong>!<br></div><div class="battle-history"><small>All stat changes were eliminated!</small><br></div><div class="spacer battle-history"><br></div><div class="battle-history">Aegislash used <strong>Substitute</strong>!<br></div><div class="battle-history"><small>Aegislash put in a substitute!</small><br></div><div class="battle-history"><small>(Aegislash lost 24% of its health!)</small><br></div><div class="spacer battle-history"><br></div><div class="battle-history"><small>Aegislash restored a little HP using its Leftovers!</small><br></div><div class="battle-history"><small>The opposing Milotic was hurt by its burn!</small><br></div><div class="spacer battle-history"><br></div><h2 class="battle-history">Turn 30</h2><div class="spacer battle-history"><br></div><div class="battle-history">The opposing Milotic used <strong>Ice Beam</strong>!<br></div><div class="battle-history"><small>It's not very effective...</small><br></div><div class="battle-history"><small>The substitute took damage for Aegislash!</small><br></div><div class="battle-history">[Aegislash's Stance Change]<br>Changed to Blade Forme!<br></div><div class="spacer battle-history"><br></div><div class="battle-history">Aegislash used <strong>Shadow Ball</strong>!<br></div><div class="battle-history"><small>(The opposing Milotic lost 24% of its health!)</small><br></div><div class="spacer battle-history"><br></div><div class="battle-history"><small>Aegislash restored a little HP using its Leftovers!</small><br></div><div class="battle-history"><small>The opposing Milotic was hurt by its burn!</small><br></div><div class="spacer battle-history"><br></div><h2 class="battle-history">Turn 31</h2><div class="spacer battle-history"><br></div><div class="battle-history">[Aegislash's Stance Change]<br>Changed to Shield Forme!<br></div><div class="spacer battle-history"><br></div><div class="battle-history">Aegislash used <strong>King's Shield</strong>!<br></div><div class="battle-history"><small>Aegislash protected itself!</small><br></div><div class="spacer battle-history"><br></div><div class="battle-history">The opposing Milotic used <strong>Ice Beam</strong>!<br></div><div class="battle-history"><small>Aegislash protected itself!</small><br></div><div class="spacer battle-history"><br></div><div class="battle-history"><small>Aegislash restored a little HP using its Leftovers!</small><br></div><div class="battle-history"><small>The opposing Milotic was hurt by its burn!</small><br></div><div class="spacer battle-history"><br></div><h2 class="battle-history">Turn 32</h2><div class="spacer battle-history"><br></div><div class="battle-history">The opposing Milotic used <strong>Recover</strong>!<br></div><div class="battle-history"><small>The opposing Milotic had its HP restored.</small><br></div><div class="battle-history">[Aegislash's Stance Change]<br>Changed to Blade Forme!<br></div><div class="spacer battle-history"><br></div><div class="battle-history">Aegislash used <strong>Shadow Ball</strong>!<br></div><div class="battle-history"><small>(The opposing Milotic lost 24% of its health!)</small><br></div><div class="spacer battle-history"><br></div><div class="battle-history"><small>Aegislash restored a little HP using its Leftovers!</small><br></div><div class="battle-history"><small>The opposing Milotic was hurt by its burn!</small><br></div><div class="spacer battle-history"><br></div><h2 class="battle-history">Turn 33</h2><div class="spacer battle-history"><br></div><div class="battle-history">The opposing Milotic used <strong>Ice Beam</strong>!<br></div><div class="battle-history"><small>It's not very effective...</small><br></div><div class="battle-history"><small>Aegislash's substitute faded!</small><br></div><div class="spacer battle-history"><br></div><div class="battle-history">Aegislash used <strong>Shadow Ball</strong>!<br></div><div class="battle-history"><small>A critical hit!</small><br></div><div class="battle-history"><small>(The opposing Milotic lost 37% of its health!)</small><br></div><div class="spacer battle-history"><br></div><div class="battle-history"><small>Aegislash restored a little HP using its Leftovers!</small><br></div><div class="battle-history"><small>The opposing Milotic was hurt by its burn!</small><br></div><div class="spacer battle-history"><br></div><h2 class="battle-history">Turn 34</h2><div class="spacer battle-history"><br></div><div class="battle-history">The opposing Milotic used <strong>Recover</strong>!<br></div><div class="battle-history"><small>The opposing Milotic had its HP restored.</small><br></div><div class="spacer battle-history"><br></div><div class="battle-history">Aegislash used <strong>Substitute</strong>!<br></div><div class="battle-history"><small>Aegislash put in a substitute!</small><br></div><div class="battle-history"><small>(Aegislash lost 25% of its health!)</small><br></div><div class="spacer battle-history"><br></div><div class="battle-history"><small>Aegislash restored a little HP using its Leftovers!</small><br></div><div class="battle-history"><small>The opposing Milotic was hurt by its burn!</small><br></div><div class="spacer battle-history"><br></div><h2 class="battle-history">Turn 35</h2><div class="spacer battle-history"><br></div><div class="battle-history">[Aegislash's Stance Change]<br>Changed to Shield Forme!<br></div><div class="spacer battle-history"><br></div><div class="battle-history">Aegislash used <strong>King's Shield</strong>!<br></div><div class="battle-history"><small>Aegislash protected itself!</small><br></div><div class="spacer battle-history"><br></div><div class="battle-history">The opposing Milotic used <strong>Recover</strong>!<br></div><div class="battle-history"><small>The opposing Milotic had its HP restored.</small><br></div><div class="spacer battle-history"><br></div><div class="battle-history"><small>Aegislash restored a little HP using its Leftovers!</small><br></div><div class="battle-history"><small>The opposing Milotic was hurt by its burn!</small><br></div><div class="spacer battle-history"><br></div><h2 class="battle-history">Turn 36</h2><div class="spacer battle-history"><br></div><div class="battle-history">The opposing Milotic used <strong>Ice Beam</strong>!<br></div><div class="battle-history"><small>It's not very effective...</small><br></div><div class="battle-history"><small>The substitute took damage for Aegislash!</small><br></div><div class="battle-history">[Aegislash's Stance Change]<br>Changed to Blade Forme!<br></div><div class="spacer battle-history"><br></div><div class="battle-history">Aegislash used <strong>Shadow Ball</strong>!<br></div><div class="battle-history"><small>(The opposing Milotic lost 26% of its health!)</small><br></div><div class="spacer battle-history"><br></div><div class="battle-history"><small>Aegislash restored a little HP using its Leftovers!</small><br></div><div class="battle-history"><small>The opposing Milotic was hurt by its burn!</small><br></div><div class="spacer battle-history"><br></div><h2 class="battle-history">Turn 37</h2><div class="spacer battle-history"><br></div><div class="battle-history">[Aegislash's Stance Change]<br>Changed to Shield Forme!<br></div><div class="spacer battle-history"><br></div><div class="battle-history">Aegislash used <strong>King's Shield</strong>!<br></div><div class="battle-history"><small>Aegislash protected itself!</small><br></div><div class="spacer battle-history"><br></div><div class="battle-history">The opposing Milotic used <strong>Ice Beam</strong>!<br></div><div class="battle-history"><small>Aegislash protected itself!</small><br></div><div class="spacer battle-history"><br></div><div class="battle-history"><small>Aegislash restored a little HP using its Leftovers!</small><br></div><div class="battle-history"><small>The opposing Milotic was hurt by its burn!</small><br></div><div class="spacer battle-history"><br></div><h2 class="battle-history">Turn 38</h2><div class="spacer battle-history"><br></div><div class="battle-history">The opposing Milotic used <strong>Ice Beam</strong>!<br></div><div class="battle-history"><small>It's not very effective...</small><br></div><div class="battle-history"><small>The substitute took damage for Aegislash!</small><br></div><div class="battle-history">[Aegislash's Stance Change]<br>Changed to Blade Forme!<br></div><div class="spacer battle-history"><br></div><div class="battle-history">Aegislash used <strong>Shadow Ball</strong>!<br></div><div class="battle-history"><small>(The opposing Milotic lost 25% of its health!)</small><br></div><div class="spacer battle-history"><br></div><div class="battle-history"><small>Aegislash restored a little HP using its Leftovers!</small><br></div><div class="battle-history"><small>The opposing Milotic was hurt by its burn!</small><br></div><div class="spacer battle-history"><br></div><h2 class="battle-history">Turn 39</h2><div class="spacer battle-history"><br></div><div class="battle-history">The opposing Milotic used <strong>Recover</strong>!<br></div><div class="battle-history"><small>The opposing Milotic had its HP restored.</small><br></div><div class="spacer battle-history"><br></div><div class="battle-history">Aegislash used <strong>Shadow Ball</strong>!<br></div><div class="battle-history"><small>(The opposing Milotic lost 25% of its health!)</small><br></div><div class="spacer battle-history"><br></div><div class="battle-history"><small>Aegislash restored a little HP using its Leftovers!</small><br></div><div class="battle-history"><small>The opposing Milotic was hurt by its burn!</small><br></div><div class="spacer battle-history"><br></div><h2 class="battle-history">Turn 40</h2><div class="spacer battle-history"><br></div><div class="battle-history">The opposing Milotic used <strong>Recover</strong>!<br></div><div class="battle-history"><small>The opposing Milotic had its HP restored.</small><br></div><div class="spacer battle-history"><br></div><div class="battle-history">Aegislash used <strong>Shadow Ball</strong>!<br></div><div class="battle-history"><small>(The opposing Milotic lost 25% of its health!)</small><br></div><div class="spacer battle-history"><br></div><div class="battle-history"><small>Aegislash restored a little HP using its Leftovers!</small><br></div><div class="battle-history"><small>The opposing Milotic was hurt by its burn!</small><br></div><div class="spacer battle-history"><br></div><h2 class="battle-history">Turn 41</h2><div class="spacer battle-history"><br></div><div class="battle-history">[Aegislash's Stance Change]<br>Changed to Shield Forme!<br></div><div class="spacer battle-history"><br></div><div class="battle-history">Aegislash used <strong>King's Shield</strong>!<br></div><div class="battle-history"><small>Aegislash protected itself!</small><br></div><div class="spacer battle-history"><br></div><div class="battle-history">The opposing Milotic used <strong>Haze</strong>!<br></div><div class="battle-history"><small>All stat changes were eliminated!</small><br></div><div class="spacer battle-history"><br></div><div class="battle-history"><small>Aegislash restored a little HP using its Leftovers!</small><br></div><div class="battle-history"><small>The opposing Milotic was hurt by its burn!</small><br></div><div class="spacer battle-history"><br></div><h2 class="battle-history">Turn 42</h2><div class="spacer battle-history"><br></div><div class="battle-history">The opposing Milotic used <strong>Haze</strong>!<br></div><div class="battle-history"><small>All stat changes were eliminated!</small><br></div><div class="battle-history">[Aegislash's Stance Change]<br>Changed to Blade Forme!<br></div><div class="spacer battle-history"><br></div><div class="battle-history">Aegislash used <strong>Shadow Ball</strong>!<br></div><div class="battle-history"><small>(The opposing Milotic lost 28% of its health!)</small><br></div><div class="spacer battle-history"><br></div><div class="battle-history"><small>Aegislash restored a little HP using its Leftovers!</small><br></div><div class="battle-history"><small>The opposing Milotic was hurt by its burn!</small><br></div><div class="spacer battle-history"><br></div><h2 class="battle-history">Turn 43</h2><div class="spacer battle-history"><br></div><div class="battle-history">Aegislash, come back!<br></div><div class="battle-history">Go! Rillaboom (<strong>Rillaboom-Mega</strong>)!<br></div><div class="battle-history">[Rillaboom's Arena Rock]<br><small>Grass grew to cover the battlefield!</small><br></div><div class="spacer battle-history"><br></div><div class="battle-history">The opposing Milotic used <strong>Recover</strong>!<br></div><div class="battle-history"><small>The opposing Milotic had its HP restored.</small><br></div><div class="spacer battle-history"><br></div><div class="battle-history"><small>Rillaboom's HP was restored.</small><br></div><div class="battle-history"><small>The opposing Milotic's HP was restored.</small><br></div><div class="battle-history"><small>The opposing Milotic was hurt by its burn!</small><br></div><div class="spacer battle-history"><br></div><h2 class="battle-history">Turn 44</h2><div class="spacer battle-history"><br></div><div class="battle-history">Rillaboom used <strong>Wood Hammer</strong>!<br></div><div class="battle-history"><small>It's super effective!</small><br></div><div class="battle-history"><small>(The opposing Milotic lost 72% of its health!)</small><br></div><div class="battle-history"><small>Rillaboom was damaged by the recoil!</small><br></div><div class="spacer battle-history"><br></div><div class="battle-history">The opposing Milotic fainted!<br></div><div class="spacer battle-history"><br></div><div class="battle-history"><strong>SpaghettiDynamite</strong> won the battle!<br></div><div class="chat chatmessage-bekama"><strong style="color:#ac8416"><small>☆</small><span class="username" data-name="Bekama">Bekama</span>:</strong> <em>gg</em></div><div class="chat chatmessage-spaghettidynamite"><strong style="color:#27a55b"><small>☆</small><span class="username" data-name="SpaghettiDynamite">SpaghettiDynamite</span>:</strong> <em>You wanna post the replay?</em></div></div><div class="inner-preempt message-log"></div></div></div>
</div>
<script>
let daily = Math.floor(Date.now()/1000/60/60/24);document.write('<script src="https://play.pokemonshowdown.com/js/replay-embed.js?version'+daily+'"></'+'script>');
</script>
