<!DOCTYPE html>
<meta charset="utf-8" />
<!-- version 1 -->
<title>[Gen 8] Megas for All replay: Hematemesis vs. exploziff</title>
<style>
html,body {font-family:Verdana, sans-serif;font-size:10pt;margin:0;padding:0;}body{padding:12px 0;} .battle-log {font-family:Verdana, sans-serif;font-size:10pt;} .battle-log-inline {border:1px solid #AAAAAA;background:#EEF2F5;color:black;max-width:640px;margin:0 auto 80px;padding-bottom:5px;} .battle-log .inner {padding:4px 8px 0px 8px;} .battle-log .inner-preempt {padding:0 8px 4px 8px;} .battle-log .inner-after {margin-top:0.5em;} .battle-log h2 {margin:0.5em -8px;padding:4px 8px;border:1px solid #AAAAAA;background:#E0E7EA;border-left:0;border-right:0;font-family:Verdana, sans-serif;font-size:13pt;} .battle-log .chat {vertical-align:middle;padding:3px 0 3px 0;font-size:8pt;} .battle-log .chat strong {color:#40576A;} .battle-log .chat em {padding:1px 4px 1px 3px;color:#000000;font-style:normal;} .chat.mine {background:rgba(0,0,0,0.05);margin-left:-8px;margin-right:-8px;padding-left:8px;padding-right:8px;} .spoiler {color:#BBBBBB;background:#BBBBBB;padding:0px 3px;} .spoiler:hover, .spoiler:active, .spoiler-shown {color:#000000;background:#E2E2E2;padding:0px 3px;} .spoiler a {color:#BBBBBB;} .spoiler:hover a, .spoiler:active a, .spoiler-shown a {color:#2288CC;} .chat code, .chat .spoiler:hover code, .chat .spoiler:active code, .chat .spoiler-shown code {border:1px solid #C0C0C0;background:#EEEEEE;color:black;padding:0 2px;} .chat .spoiler code {border:1px solid #CCCCCC;background:#CCCCCC;color:#CCCCCC;} .battle-log .rated {padding:3px 4px;} .battle-log .rated strong {color:white;background:#89A;padding:1px 4px;border-radius:4px;} .spacer {margin-top:0.5em;} .message-announce {background:#6688AA;color:white;padding:1px 4px 2px;} .message-announce a, .broadcast-green a, .broadcast-blue a, .broadcast-red a {color:#DDEEFF;} .broadcast-green {background-color:#559955;color:white;padding:2px 4px;} .broadcast-blue {background-color:#6688AA;color:white;padding:2px 4px;} .infobox {border:1px solid #6688AA;padding:2px 4px;} .infobox-limited {max-height:200px;overflow:auto;overflow-x:hidden;} .broadcast-red {background-color:#AA5544;color:white;padding:2px 4px;} .message-learn-canlearn {font-weight:bold;color:#228822;text-decoration:underline;} .message-learn-cannotlearn {font-weight:bold;color:#CC2222;text-decoration:underline;} .message-effect-weak {font-weight:bold;color:#CC2222;} .message-effect-resist {font-weight:bold;color:#6688AA;} .message-effect-immune {font-weight:bold;color:#666666;} .message-learn-list {margin-top:0;margin-bottom:0;} .message-throttle-notice, .message-error {color:#992222;} .message-overflow, .chat small.message-overflow {font-size:0pt;} .message-overflow::before {font-size:9pt;content:'...';} .subtle {color:#3A4A66;}
</style>
<div class="wrapper replay-wrapper" style="max-width:1180px;margin:0 auto">
<input type="hidden" name="replayid" value="dragonheaven-gen8megasforall-343" />
<div class="battle"></div><div class="battle-log"></div><div class="replay-controls"></div><div class="replay-controls-2"></div>
<h1 style="font-weight:normal;text-align:center"><strong>[Gen 8] Megas for All</strong><br /><a href="http://pokemonshowdown.com/users/hematemesis" class="subtle" target="_blank">Hematemesis</a> vs. <a href="http://pokemonshowdown.com/users/exploziff" class="subtle" target="_blank">exploziff</a></h1>
<script type="text/plain" class="battle-log-data">|j|☆Hematemesis
|j|☆exploziff
|t:|1630793865
|player|p1|Hematemesis|wallace|
|player|p2|exploziff|170|
|teamsize|p1|6
|teamsize|p2|6
|gametype|singles
|gen|8
|tier|[Gen 8] Megas for All
|clearpoke
|poke|p1|Toxtricity-Low-Key, F|
|poke|p1|Tangrowth, F|
|poke|p1|Garchomp, F|
|poke|p1|Dusclops, F|
|poke|p1|Shelmet, M|
|poke|p1|Riolu, F|
|poke|p2|Bouffalant, F|
|poke|p2|Tangela, M|
|poke|p2|Bronzong|
|poke|p2|Florges, F|
|poke|p2|Throh, M|
|poke|p2|Entei|
|rule|HP Percentage Mod: HP is shown in percentages
|rule|Endless Battle Clause: Forcing endless battles is banned
|rule|OHKO Clause: OHKO moves are banned
|rule|Evasion Moves Clause: Evasion moves are banned
|rule|Species Clause: Limit one of each Pokémon
|rule|Dynamax Clause: You cannot dynamax
|rule|Sleep Clause Mod: Limit one foe put to sleep
|rule|Freeze Clause Mod: Limit one foe frozen
|raw|<img src="https:\/\/www.smogon.com\/forums\/attachments\/banner_2-png.302358\/" height="65" width="381">
|-message|Welcome to Megas for All!
|-message|This is a National Dex-based format where we aim to give a new Mega Evolution to every Pokémon.
|-message|Just like any official format, you can still only Mega Evolve one Pokémon per team!
|-message|You can find our thread and metagame resources here:
|-message|https:\/\/www.smogon.com\/forums\/threads\/3671140\/
|teampreview
|c|☆exploziff|hf
|j| Sticky Fingaa
|j|+inkbug1

|j| Gekokeso
|
|t:|1630793892
|start
|switch|p1a: Ba-Doo|Toxtricity-Low-Key, F|100\/100
|switch|p2a: Bronzong|Bronzong|100\/100
|turn|1
|
|t:|1630793904
|detailschange|p1a: Ba-Doo|Toxtricity-Low-Key-Mega, F
|-mega|p1a: Ba-Doo|Toxtricity|Toxtricitite
|-ability|p1a: Ba-Doo|Acid Rock
|-immune|p2a: Bronzong
|-start|p1a: Ba-Doo|typechange|Electric\/Poison|[silent]
|raw|<ul class="utilichart"><li class="result"><span class="col pokemonnamecol" style="white-space: nowrap">Toxtricity-Low-Key-Mega<\/span> <span class="col typecol"><img src="https:\/\/play.pokemonshowdown.com\/sprites\/types\/Electric.png" alt="Electric" height="14" width="32"><img src="https:\/\/play.pokemonshowdown.com\/sprites\/types\/Poison.png" alt="Poison" height="14" width="32"><\/span> <span style="float: left ; min-height: 26px"><span class="col abilitycol">Acid Rock<\/span><span class="col abilitycol"><\/span><\/span><span style="float: left ; min-height: 26px"><span class="col statcol"><em>HP<\/em><br>75<\/span> <span class="col statcol"><em>Atk<\/em><br>98<\/span> <span class="col statcol"><em>Def<\/em><br>100<\/span> <span class="col statcol"><em>SpA<\/em><br>114<\/span> <span class="col statcol"><em>SpD<\/em><br>140<\/span> <span class="col statcol"><em>Spe<\/em><br>75<\/span> <\/span><\/li><li style="clear: both"><\/li><\/ul>
|move|p1a: Ba-Doo|Volt Switch|p2a: Bronzong
|-damage|p2a: Bronzong|79\/100
|
|t:|1630793914
|switch|p1a: Exploziff At Gym|Garchomp, F|100\/100|[from]move: Volt Switch
|move|p2a: Bronzong|Stealth Rock|p1a: Exploziff At Gym
|-sidestart|p1: Hematemesis|move: Stealth Rock
|
|upkeep
|turn|2
|
|t:|1630793926
|move|p1a: Exploziff At Gym|Stealth Rock|p2a: Bronzong
|-sidestart|p2: exploziff|move: Stealth Rock
|move|p2a: Bronzong|Toxic|p1a: Exploziff At Gym
|-status|p1a: Exploziff At Gym|tox
|
|-damage|p1a: Exploziff At Gym|94\/100 tox|[from] psn
|upkeep
|turn|3
|
|t:|1630793932
|switch|p1a: Ba-Doo|Toxtricity-Low-Key-Mega, F|100\/100
|-damage|p1a: Ba-Doo|88\/100|[from] Stealth Rock
|-start|p1a: Ba-Doo|typechange|Electric\/Poison|[silent]
|-ability|p1a: Ba-Doo|Acid Rock
|-immune|p2a: Bronzong
|move|p2a: Bronzong|Hidden Power|p1a: Ba-Doo
|-damage|p1a: Ba-Doo|81\/100
|
|upkeep
|turn|4
|
|t:|1630793941
|move|p1a: Ba-Doo|Thunder Punch|p2a: Bronzong
|-damage|p2a: Bronzong|62\/100
|-status|p2a: Bronzong|par
|move|p2a: Bronzong|Toxic|p1a: Ba-Doo|[miss]
|-miss|p2a: Bronzong|p1a: Ba-Doo
|
|upkeep
|turn|5
|c|☆exploziff|damn
|
|t:|1630793950
|move|p1a: Ba-Doo|Thunder Punch|p2a: Bronzong
|-damage|p2a: Bronzong|43\/100 par
|cant|p2a: Bronzong|par
|
|upkeep
|turn|6
|
|t:|1630793954
|move|p1a: Ba-Doo|Thunder Punch|p2a: Bronzong
|-damage|p2a: Bronzong|26\/100 par
|move|p2a: Bronzong|Earthquake|p1a: Ba-Doo
|-supereffective|p1a: Ba-Doo
|-damage|p1a: Ba-Doo|0 fnt
|faint|p1a: Ba-Doo
|
|upkeep
|
|t:|1630793961
|switch|p1a: Terrence Michaels|Shelmet, M, shiny|100\/100
|-damage|p1a: Terrence Michaels|76\/100|[from] Stealth Rock
|turn|7
|
|t:|1630793966
|move|p1a: Terrence Michaels|Spikes|p2a: Bronzong
|-sidestart|p2: exploziff|Spikes
|move|p2a: Bronzong|Toxic|p1a: Terrence Michaels|[miss]
|-miss|p2a: Bronzong|p1a: Terrence Michaels
|
|upkeep
|turn|8
|
|t:|1630793969
|move|p1a: Terrence Michaels|Spikes|p2a: Bronzong
|-sidestart|p2: exploziff|Spikes
|move|p2a: Bronzong|Toxic|p1a: Terrence Michaels
|-status|p1a: Terrence Michaels|tox
|
|-damage|p1a: Terrence Michaels|70\/100 tox|[from] psn
|upkeep
|turn|9
|
|t:|1630793978
|switch|p2a: Florges|Florges, F|100\/100
|-damage|p2a: Florges|84\/100|[from] Spikes
|-damage|p2a: Florges|72\/100|[from] Stealth Rock
|move|p1a: Terrence Michaels|Spikes|p2a: Florges
|-sidestart|p2: exploziff|Spikes
|
|-damage|p1a: Terrence Michaels|58\/100 tox|[from] psn
|upkeep
|turn|10
|j| Paul(Paulluxx)
|c| Gekokeso|when hema pulls up both the riolu and the shelmet you know you fucked up
|
|t:|1630794003
|switch|p1a: Heinous Alcove|Tangrowth, F|100\/100
|-damage|p1a: Heinous Alcove|88\/100|[from] Stealth Rock
|move|p2a: Florges|Defog|p1a: Heinous Alcove
|-unboost|p1a: Heinous Alcove|evasion|1
|-sideend|p1: Hematemesis|Stealth Rock|[from] move: Defog|[of] p2a: Florges
|-sideend|p2: exploziff|Spikes|[from] move: Defog|[of] p2a: Florges
|-sideend|p2: exploziff|Stealth Rock|[from] move: Defog|[of] p2a: Florges
|
|upkeep
|turn|11
|c| Sticky Fingaa|f
|
|t:|1630794016
|switch|p2a: Tangela|Tangela, M|100\/100
|move|p1a: Heinous Alcove|Knock Off|p2a: Tangela
|-damage|p2a: Tangela|89\/100
|-enditem|p2a: Tangela|Eviolite|[from] move: Knock Off|[of] p1a: Heinous Alcove
|
|upkeep
|turn|12
|c|☆Hematemesis|I totally forgor bronzong had eq lmao
|
|t:|1630794024
|move|p2a: Tangela|Toxic|p1a: Heinous Alcove
|-status|p1a: Heinous Alcove|tox
|move|p1a: Heinous Alcove|Sludge Bomb|p2a: Tangela
|-supereffective|p2a: Tangela
|-damage|p2a: Tangela|15\/100
|
|-damage|p1a: Heinous Alcove|82\/100 tox|[from] psn
|upkeep
|turn|13
|
|t:|1630794029
|switch|p2a: Entei|Entei|100\/100
|-ability|p2a: Entei|Pressure
|move|p1a: Heinous Alcove|Hidden Power|p2a: Entei
|-resisted|p2a: Entei
|-damage|p2a: Entei|91\/100
|
|-damage|p1a: Heinous Alcove|70\/100 tox|[from] psn
|upkeep
|turn|14
|
|t:|1630794043
|move|p2a: Entei|Sacred Fire|p1a: Heinous Alcove
|-supereffective|p1a: Heinous Alcove
|-damage|p1a: Heinous Alcove|12\/100 tox
|move|p1a: Heinous Alcove|Sludge Bomb|p2a: Entei
|-damage|p2a: Entei|64\/100
|-status|p2a: Entei|psn
|
|-damage|p2a: Entei|52\/100 psn|[from] psn
|-damage|p1a: Heinous Alcove|0 fnt|[from] psn
|faint|p1a: Heinous Alcove
|upkeep
|
|t:|1630794048
|switch|p1a: Terrence Michaels|Shelmet, M, shiny|58\/100 tox
|turn|15
|
|t:|1630794052
|move|p2a: Entei|Sacred Fire|p1a: Terrence Michaels
|-supereffective|p1a: Terrence Michaels
|-damage|p1a: Terrence Michaels|0 fnt
|faint|p1a: Terrence Michaels
|
|-damage|p2a: Entei|39\/100 psn|[from] psn
|upkeep
|c| Paul(Paulluxx)|NOOOOo
|
|t:|1630794087
|switch|p1a: MUAHAHA|Riolu, F|100\/100
|turn|16
|
|t:|1630794092
|move|p1a: MUAHAHA|Substitute|p1a: MUAHAHA
|-start|p1a: MUAHAHA|Substitute
|-damage|p1a: MUAHAHA|76\/100
|move|p2a: Entei|Sacred Fire|p1a: MUAHAHA
|-end|p1a: MUAHAHA|Substitute
|
|-heal|p1a: MUAHAHA|82\/100|[from] item: Leftovers
|-damage|p2a: Entei|27\/100 psn|[from] psn
|upkeep
|turn|17
|
|t:|1630794118
|move|p1a: MUAHAHA|Substitute|p1a: MUAHAHA
|-start|p1a: MUAHAHA|Substitute
|-damage|p1a: MUAHAHA|57\/100
|move|p2a: Entei|Sacred Fire|p1a: MUAHAHA
|-end|p1a: MUAHAHA|Substitute
|
|-heal|p1a: MUAHAHA|63\/100|[from] item: Leftovers
|-damage|p2a: Entei|15\/100 psn|[from] psn
|upkeep
|turn|18
|
|t:|1630794121
|move|p1a: MUAHAHA|Substitute|p1a: MUAHAHA
|-start|p1a: MUAHAHA|Substitute
|-damage|p1a: MUAHAHA|38\/100
|move|p2a: Entei|Sacred Fire|p1a: MUAHAHA
|-end|p1a: MUAHAHA|Substitute
|
|-heal|p1a: MUAHAHA|44\/100|[from] item: Leftovers
|-damage|p2a: Entei|2\/100 psn|[from] psn
|upkeep
|turn|19
|j| woopersons
|
|t:|1630794126
|move|p1a: MUAHAHA|Substitute|p1a: MUAHAHA
|-start|p1a: MUAHAHA|Substitute
|-damage|p1a: MUAHAHA|20\/100
|move|p2a: Entei|Sacred Fire|p1a: MUAHAHA
|-end|p1a: MUAHAHA|Substitute
|
|-heal|p1a: MUAHAHA|26\/100|[from] item: Leftovers
|-damage|p2a: Entei|0 fnt|[from] psn
|faint|p2a: Entei
|upkeep
|l| woopersons
|
|t:|1630794138
|switch|p2a: Florges|Florges, F|72\/100
|turn|20
|
|t:|1630794142
|move|p1a: MUAHAHA|Toxic|p2a: Florges
|-status|p2a: Florges|tox
|move|p2a: Florges|Moonblast|p1a: MUAHAHA
|-supereffective|p1a: MUAHAHA
|-damage|p1a: MUAHAHA|0 fnt
|faint|p1a: MUAHAHA
|
|-damage|p2a: Florges|65\/100 tox|[from] psn
|upkeep
|
|t:|1630794146
|switch|p1a: Midwife Crisis|Dusclops, F|100\/100
|-ability|p1a: Midwife Crisis|Pressure
|turn|21
|
|t:|1630794157
|switch|p2a: Tangela|Tangela, M|49\/100
|move|p1a: Midwife Crisis|Ice Punch|p2a: Tangela
|-supereffective|p2a: Tangela
|-damage|p2a: Tangela|29\/100
|
|upkeep
|turn|22
|
|t:|1630794162
|switch|p1a: Exploziff At Gym|Garchomp, F|94\/100 tox
|move|p2a: Tangela|Hidden Power|p1a: Exploziff At Gym
|-supereffective|p1a: Exploziff At Gym
|-damage|p1a: Exploziff At Gym|37\/100 tox
|
|-damage|p1a: Exploziff At Gym|31\/100 tox|[from] psn
|upkeep
|turn|23
|
|t:|1630794171
|switch|p2a: Bronzong|Bronzong|26\/100 par
|move|p1a: Exploziff At Gym|Fire Blast|p2a: Bronzong|[miss]
|-miss|p1a: Exploziff At Gym|p2a: Bronzong
|
|-damage|p1a: Exploziff At Gym|19\/100 tox|[from] psn
|upkeep
|turn|24
|
|t:|1630794176
|move|p1a: Exploziff At Gym|Fire Blast|p2a: Bronzong
|-supereffective|p2a: Bronzong
|-damage|p2a: Bronzong|0 fnt
|faint|p2a: Bronzong
|
|-damage|p1a: Exploziff At Gym|0 fnt|[from] psn
|faint|p1a: Exploziff At Gym
|upkeep
|
|t:|1630794179
|switch|p1a: Midwife Crisis|Dusclops, F|100\/100
|switch|p2a: Tangela|Tangela, M|62\/100
|-ability|p1a: Midwife Crisis|Pressure
|turn|25
|
|t:|1630794182
|move|p2a: Tangela|Toxic|p1a: Midwife Crisis
|-status|p1a: Midwife Crisis|tox
|move|p1a: Midwife Crisis|Will-O-Wisp|p2a: Tangela
|-status|p2a: Tangela|brn
|
|-damage|p2a: Tangela|56\/100 brn|[from] brn
|-damage|p1a: Midwife Crisis|95\/100 tox|[from] psn
|upkeep
|turn|26
|
|t:|1630794187
|switch|p2a: Throh|Throh, M|100\/100
|move|p1a: Midwife Crisis|Fire Punch|p2a: Throh
|-crit|p2a: Throh
|-damage|p2a: Throh|83\/100
|
|-damage|p1a: Midwife Crisis|83\/100 tox|[from] psn
|upkeep
|turn|27
|
|t:|1630794190
|move|p2a: Throh|Knock Off|p1a: Midwife Crisis
|-supereffective|p1a: Midwife Crisis
|-damage|p1a: Midwife Crisis|52\/100 tox
|-enditem|p1a: Midwife Crisis|Eviolite|[from] move: Knock Off|[of] p2a: Throh
|move|p1a: Midwife Crisis|Fire Punch|p2a: Throh
|-damage|p2a: Throh|72\/100
|-status|p2a: Throh|brn
|
|-damage|p2a: Throh|66\/100 brn|[from] brn
|-damage|p1a: Midwife Crisis|34\/100 tox|[from] psn
|upkeep
|turn|28
|c|☆Hematemesis|lmao
|c|☆exploziff|gg
|c|☆Hematemesis|guts boost for ya at the end there too
|c|☆Hematemesis|ggs
|
|t:|1630794201
|move|p2a: Throh|Knock Off|p1a: Midwife Crisis
|-supereffective|p1a: Midwife Crisis
|-damage|p1a: Midwife Crisis|0 fnt
|faint|p1a: Midwife Crisis
|
|win|exploziff
|l|☆Hematemesis</script>
</div>
<div class="battle-log battle-log-inline"><div class="inner"><div class="battle-options"><div style="padding-top: 3px; padding-right: 3px; text-align: right"><button class="icon button" name="openBattleOptions" title="Options">Battle Options</button></div></div><div class="inner message-log"><div class="chat"><small>☆Hematemesis and ☆exploziff joined</small></div><div class=""><small>Format:</small> <br><strong>[Gen 8] Megas for All</strong></div><div class=""><small><em>HP Percentage Mod:</em> HP is shown in percentages</small></div><div class=""><small><em>Endless Battle Clause:</em> Forcing endless battles is banned</small></div><div class=""><small><em>OHKO Clause:</em> OHKO moves are banned</small></div><div class=""><small><em>Evasion Moves Clause:</em> Evasion moves are banned</small></div><div class=""><small><em>Species Clause:</em> Limit one of each Pokémon</small></div><div class=""><small><em>Dynamax Clause:</em> You cannot dynamax</small></div><div class=""><small><em>Sleep Clause Mod:</em> Limit one foe put to sleep</small></div><div class=""><small><em>Freeze Clause Mod:</em> Limit one foe frozen</small></div><div class="chat"><img src="https://www.smogon.com/forums/attachments/banner_2-png.302358/" height="65" width="381"></div><div class="spacer battle-history"><br></div><div class="battle-history"><small>Welcome to Megas for All!</small><br></div><div class="battle-history"><small>This is a National Dex-based format where we aim to give a new Mega Evolution to every Pokémon.</small><br></div><div class="battle-history"><small>Just like any official format, you can still only Mega Evolve one Pokémon per team!</small><br></div><div class="battle-history"><small>You can find our thread and metagame resources here:</small><br></div><div class="battle-history"><small>https://www.smogon.com/forums/threads/3671140/</small><br></div><div class="chat battle-history"><strong>Hematemesis's team:</strong> <em style="color:#445566;display:block;">Toxtricity-Low-Key / Tangrowth / Garchomp / Dusclops / Shelmet / Riolu</em></div><div class="chat battle-history"><strong>exploziff's team:</strong> <em style="color:#445566;display:block;">Bouffalant / Tangela / Bronzong / Florges / Throh / Entei</em></div><div class="chat chatmessage-exploziff"><strong style="color:#70a52f"><small>☆</small><span class="username" data-name="exploziff">exploziff</span>:</strong> <em>hf</em></div><div class="chat"><small> Sticky Fingaa, +inkbug1, and  Gekokeso joined</small></div><div class="spacer battle-history"><br></div><div class="battle-history">Battle started between Hematemesis and exploziff!<br></div><div class="spacer battle-history"><br></div><div class="battle-history">Go! Ba-Doo (<strong>Toxtricity-Low-Key</strong>)!<br></div><div class="spacer battle-history"><br></div><div class="battle-history">exploziff sent out <strong>Bronzong</strong>!<br></div><div class="spacer battle-history"><br></div><h2 class="battle-history">Turn 1</h2><div class="spacer battle-history"><br></div><div class="battle-history"><small>Ba-Doo's Toxtricitite is reacting to the Key Stone!</small><br>Ba-Doo has Mega Evolved into Mega Toxtricity!<br></div><div class="battle-history">[Ba-Doo's Acid Rock]<br></div><div class="battle-history"><small>It doesn't affect the opposing Bronzong...</small><br></div><div class="chat"><ul class="utilichart"><li class="result"><span class="col pokemonnamecol" style="white-space: nowrap">Toxtricity-Low-Key-Mega</span> <span class="col typecol"><img src="https://play.pokemonshowdown.com/sprites/types/Electric.png" alt="Electric" height="14" width="32"><img src="https://play.pokemonshowdown.com/sprites/types/Poison.png" alt="Poison" height="14" width="32"></span> <span style="float: left ; min-height: 26px"><span class="col abilitycol">Acid Rock</span><span class="col abilitycol"></span></span><span style="float: left ; min-height: 26px"><span class="col statcol"><em>HP</em><br>75</span> <span class="col statcol"><em>Atk</em><br>98</span> <span class="col statcol"><em>Def</em><br>100</span> <span class="col statcol"><em>SpA</em><br>114</span> <span class="col statcol"><em>SpD</em><br>140</span> <span class="col statcol"><em>Spe</em><br>75</span> </span></li><li style="clear: both"></li></ul></div><div class="spacer battle-history"><br></div><div class="battle-history">Ba-Doo used <strong>Volt Switch</strong>!<br></div><div class="battle-history"><small>(The opposing Bronzong lost 21% of its health!)</small><br></div><div class="spacer battle-history"><br></div><div class="battle-history">Ba-Doo went back to Hematemesis!<br></div><div class="battle-history">Go! Exploziff At Gym (<strong>Garchomp</strong>)!<br></div><div class="spacer battle-history"><br></div><div class="battle-history">The opposing Bronzong used <strong>Stealth Rock</strong>!<br></div><div class="battle-history"><small>Pointed stones float in the air around your team!</small><br></div><div class="spacer battle-history"><br></div><h2 class="battle-history">Turn 2</h2><div class="spacer battle-history"><br></div><div class="battle-history">Exploziff At Gym used <strong>Stealth Rock</strong>!<br></div><div class="battle-history"><small>Pointed stones float in the air around the opposing team!</small><br></div><div class="spacer battle-history"><br></div><div class="battle-history">The opposing Bronzong used <strong>Toxic</strong>!<br></div><div class="battle-history"><small>Exploziff At Gym was badly poisoned!</small><br></div><div class="spacer battle-history"><br></div><div class="battle-history"><small>Exploziff At Gym was hurt by poison!</small><br></div><div class="spacer battle-history"><br></div><h2 class="battle-history">Turn 3</h2><div class="spacer battle-history"><br></div><div class="battle-history">Exploziff At Gym, come back!<br></div><div class="battle-history">Go! Ba-Doo (<strong>Toxtricity-Low-Key-Mega</strong>)!<br></div><div class="battle-history"><small>Pointed stones dug into Ba-Doo!</small><br></div><div class="battle-history">[Ba-Doo's Acid Rock]<br></div><div class="battle-history"><small>It doesn't affect the opposing Bronzong...</small><br></div><div class="spacer battle-history"><br></div><div class="battle-history">The opposing Bronzong used <strong>Hidden Power</strong>!<br></div><div class="battle-history"><small>(Ba-Doo lost 7% of its health!)</small><br></div><div class="spacer battle-history"><br></div><h2 class="battle-history">Turn 4</h2><div class="spacer battle-history"><br></div><div class="battle-history">Ba-Doo used <strong>Thunder Punch</strong>!<br></div><div class="battle-history"><small>(The opposing Bronzong lost 17% of its health!)</small><br></div><div class="battle-history"><small>The opposing Bronzong is paralyzed! It may be unable to move!</small><br></div><div class="spacer battle-history"><br></div><div class="battle-history">The opposing Bronzong used <strong>Toxic</strong>!<br></div><div class="battle-history"><small>Ba-Doo avoided the attack!</small><br></div><div class="spacer battle-history"><br></div><h2 class="battle-history">Turn 5</h2><div class="chat chatmessage-exploziff"><strong style="color:#70a52f"><small>☆</small><span class="username" data-name="exploziff">exploziff</span>:</strong> <em>damn</em></div><div class="spacer battle-history"><br></div><div class="battle-history">Ba-Doo used <strong>Thunder Punch</strong>!<br></div><div class="battle-history"><small>(The opposing Bronzong lost 19% of its health!)</small><br></div><div class="spacer battle-history"><br></div><div class="battle-history">The opposing Bronzong is paralyzed! It can't move!<br></div><div class="spacer battle-history"><br></div><h2 class="battle-history">Turn 6</h2><div class="spacer battle-history"><br></div><div class="battle-history">Ba-Doo used <strong>Thunder Punch</strong>!<br></div><div class="battle-history"><small>(The opposing Bronzong lost 17% of its health!)</small><br></div><div class="spacer battle-history"><br></div><div class="battle-history">The opposing Bronzong used <strong>Earthquake</strong>!<br></div><div class="battle-history"><small>It's super effective!</small><br></div><div class="battle-history"><small>(Ba-Doo lost 81% of its health!)</small><br></div><div class="spacer battle-history"><br></div><div class="battle-history">Ba-Doo fainted!<br></div><div class="spacer battle-history"><br></div><div class="battle-history">Go! Terrence Michaels (<strong>Shelmet</strong>)!<br></div><div class="battle-history"><small>Pointed stones dug into Terrence Michaels!</small><br></div><div class="spacer battle-history"><br></div><h2 class="battle-history">Turn 7</h2><div class="spacer battle-history"><br></div><div class="battle-history">Terrence Michaels used <strong>Spikes</strong>!<br></div><div class="battle-history"><small>Spikes were scattered on the ground all around the opposing team!</small><br></div><div class="spacer battle-history"><br></div><div class="battle-history">The opposing Bronzong used <strong>Toxic</strong>!<br></div><div class="battle-history"><small>Terrence Michaels avoided the attack!</small><br></div><div class="spacer battle-history"><br></div><h2 class="battle-history">Turn 8</h2><div class="spacer battle-history"><br></div><div class="battle-history">Terrence Michaels used <strong>Spikes</strong>!<br></div><div class="battle-history"><small>Spikes were scattered on the ground all around the opposing team!</small><br></div><div class="spacer battle-history"><br></div><div class="battle-history">The opposing Bronzong used <strong>Toxic</strong>!<br></div><div class="battle-history"><small>Terrence Michaels was badly poisoned!</small><br></div><div class="spacer battle-history"><br></div><div class="battle-history"><small>Terrence Michaels was hurt by poison!</small><br></div><div class="spacer battle-history"><br></div><h2 class="battle-history">Turn 9</h2><div class="spacer battle-history"><br></div><div class="battle-history">exploziff withdrew Bronzong!<br></div><div class="battle-history">exploziff sent out <strong>Florges</strong>!<br></div><div class="battle-history"><small>The opposing Florges was hurt by the spikes!</small><br></div><div class="battle-history"><small>Pointed stones dug into the opposing Florges!</small><br></div><div class="spacer battle-history"><br></div><div class="battle-history">Terrence Michaels used <strong>Spikes</strong>!<br></div><div class="battle-history"><small>Spikes were scattered on the ground all around the opposing team!</small><br></div><div class="spacer battle-history"><br></div><div class="battle-history"><small>Terrence Michaels was hurt by poison!</small><br></div><div class="spacer battle-history"><br></div><h2 class="battle-history">Turn 10</h2><div class="chat"><small> Paul(Paulluxx) joined</small></div><div class="chat chatmessage-gekokeso"><strong style="color:#9b940e"><small> </small><span class="username" data-name="Gekokeso">Gekokeso</span>:</strong> <em>when hema pulls up both the riolu and the shelmet you know you fucked up</em></div><div class="spacer battle-history"><br></div><div class="battle-history">Terrence Michaels, come back!<br></div><div class="battle-history">Go! Heinous Alcove (<strong>Tangrowth</strong>)!<br></div><div class="battle-history"><small>Pointed stones dug into Heinous Alcove!</small><br></div><div class="spacer battle-history"><br></div><div class="battle-history">The opposing Florges used <strong>Defog</strong>!<br></div><div class="battle-history"><small>Heinous Alcove's evasiveness fell!</small><br></div><div class="battle-history"><small>The pointed stones disappeared from around your team!</small><br></div><div class="battle-history"><small>The spikes disappeared from the ground around the opposing team!</small><br></div><div class="battle-history"><small>The pointed stones disappeared from around the opposing team!</small><br></div><div class="spacer battle-history"><br></div><h2 class="battle-history">Turn 11</h2><div class="chat chatmessage-stickyfingaa"><strong style="color:#e76311"><small> </small><span class="username" data-name="Sticky Fingaa">Sticky Fingaa</span>:</strong> <em>f</em></div><div class="spacer battle-history"><br></div><div class="battle-history">exploziff withdrew Florges!<br></div><div class="battle-history">exploziff sent out <strong>Tangela</strong>!<br></div><div class="spacer battle-history"><br></div><div class="battle-history">Heinous Alcove used <strong>Knock Off</strong>!<br></div><div class="battle-history"><small>(The opposing Tangela lost 11% of its health!)</small><br></div><div class="battle-history"><small>Heinous Alcove knocked off the opposing Tangela's Eviolite!</small><br></div><div class="spacer battle-history"><br></div><h2 class="battle-history">Turn 12</h2><div class="chat chatmessage-hematemesis"><strong style="color:#9412d5"><small>☆</small><span class="username" data-name="Hematemesis">Hematemesis</span>:</strong> <em>I totally forgor bronzong had eq lmao</em></div><div class="spacer battle-history"><br></div><div class="battle-history">The opposing Tangela used <strong>Toxic</strong>!<br></div><div class="battle-history"><small>Heinous Alcove was badly poisoned!</small><br></div><div class="spacer battle-history"><br></div><div class="battle-history">Heinous Alcove used <strong>Sludge Bomb</strong>!<br></div><div class="battle-history"><small>It's super effective!</small><br></div><div class="battle-history"><small>(The opposing Tangela lost 74% of its health!)</small><br></div><div class="spacer battle-history"><br></div><div class="battle-history"><small>Heinous Alcove was hurt by poison!</small><br></div><div class="spacer battle-history"><br></div><h2 class="battle-history">Turn 13</h2><div class="spacer battle-history"><br></div><div class="battle-history">exploziff withdrew Tangela!<br></div><div class="battle-history">exploziff sent out <strong>Entei</strong>!<br></div><div class="battle-history">[The opposing Entei's Pressure]<br><small>The opposing Entei is exerting its pressure!</small><br></div><div class="spacer battle-history"><br></div><div class="battle-history">Heinous Alcove used <strong>Hidden Power</strong>!<br></div><div class="battle-history"><small>It's not very effective...</small><br></div><div class="battle-history"><small>(The opposing Entei lost 9% of its health!)</small><br></div><div class="spacer battle-history"><br></div><div class="battle-history"><small>Heinous Alcove was hurt by poison!</small><br></div><div class="spacer battle-history"><br></div><h2 class="battle-history">Turn 14</h2><div class="spacer battle-history"><br></div><div class="battle-history">The opposing Entei used <strong>Sacred Fire</strong>!<br></div><div class="battle-history"><small>It's super effective!</small><br></div><div class="battle-history"><small>(Heinous Alcove lost 58% of its health!)</small><br></div><div class="spacer battle-history"><br></div><div class="battle-history">Heinous Alcove used <strong>Sludge Bomb</strong>!<br></div><div class="battle-history"><small>(The opposing Entei lost 27% of its health!)</small><br></div><div class="battle-history"><small>The opposing Entei was poisoned!</small><br></div><div class="spacer battle-history"><br></div><div class="battle-history"><small>The opposing Entei was hurt by poison!</small><br></div><div class="battle-history"><small>Heinous Alcove was hurt by poison!</small><br></div><div class="spacer battle-history"><br></div><div class="battle-history">Heinous Alcove fainted!<br></div><div class="spacer battle-history"><br></div><div class="battle-history">Go! Terrence Michaels (<strong>Shelmet</strong>)!<br></div><div class="spacer battle-history"><br></div><h2 class="battle-history">Turn 15</h2><div class="spacer battle-history"><br></div><div class="battle-history">The opposing Entei used <strong>Sacred Fire</strong>!<br></div><div class="battle-history"><small>It's super effective!</small><br></div><div class="battle-history"><small>(Terrence Michaels lost 58% of its health!)</small><br></div><div class="spacer battle-history"><br></div><div class="battle-history">Terrence Michaels fainted!<br></div><div class="spacer battle-history"><br></div><div class="battle-history"><small>The opposing Entei was hurt by poison!</small><br></div><div class="chat chatmessage-paulpaulluxx"><strong style="color:#17849a"><small> </small><span class="username" data-name="Paul(Paulluxx)">Paul(Paulluxx)</span>:</strong> <em>NOOOOo</em></div><div class="spacer battle-history"><br></div><div class="battle-history">Go! MUAHAHA (<strong>Riolu</strong>)!<br></div><div class="spacer battle-history"><br></div><h2 class="battle-history">Turn 16</h2><div class="spacer battle-history"><br></div><div class="battle-history">MUAHAHA used <strong>Substitute</strong>!<br></div><div class="battle-history"><small>MUAHAHA put in a substitute!</small><br></div><div class="battle-history"><small>(MUAHAHA lost 24% of its health!)</small><br></div><div class="spacer battle-history"><br></div><div class="battle-history">The opposing Entei used <strong>Sacred Fire</strong>!<br></div><div class="battle-history"><small>MUAHAHA's substitute faded!</small><br></div><div class="spacer battle-history"><br></div><div class="battle-history"><small>MUAHAHA restored a little HP using its Leftovers!</small><br></div><div class="battle-history"><small>The opposing Entei was hurt by poison!</small><br></div><div class="spacer battle-history"><br></div><h2 class="battle-history">Turn 17</h2><div class="spacer battle-history"><br></div><div class="battle-history">MUAHAHA used <strong>Substitute</strong>!<br></div><div class="battle-history"><small>MUAHAHA put in a substitute!</small><br></div><div class="battle-history"><small>(MUAHAHA lost 25% of its health!)</small><br></div><div class="spacer battle-history"><br></div><div class="battle-history">The opposing Entei used <strong>Sacred Fire</strong>!<br></div><div class="battle-history"><small>MUAHAHA's substitute faded!</small><br></div><div class="spacer battle-history"><br></div><div class="battle-history"><small>MUAHAHA restored a little HP using its Leftovers!</small><br></div><div class="battle-history"><small>The opposing Entei was hurt by poison!</small><br></div><div class="spacer battle-history"><br></div><h2 class="battle-history">Turn 18</h2><div class="spacer battle-history"><br></div><div class="battle-history">MUAHAHA used <strong>Substitute</strong>!<br></div><div class="battle-history"><small>MUAHAHA put in a substitute!</small><br></div><div class="battle-history"><small>(MUAHAHA lost 25% of its health!)</small><br></div><div class="spacer battle-history"><br></div><div class="battle-history">The opposing Entei used <strong>Sacred Fire</strong>!<br></div><div class="battle-history"><small>MUAHAHA's substitute faded!</small><br></div><div class="spacer battle-history"><br></div><div class="battle-history"><small>MUAHAHA restored a little HP using its Leftovers!</small><br></div><div class="battle-history"><small>The opposing Entei was hurt by poison!</small><br></div><div class="spacer battle-history"><br></div><h2 class="battle-history">Turn 19</h2><div class="chat"><small> woopersons joined</small></div><div class="spacer battle-history"><br></div><div class="battle-history">MUAHAHA used <strong>Substitute</strong>!<br></div><div class="battle-history"><small>MUAHAHA put in a substitute!</small><br></div><div class="battle-history"><small>(MUAHAHA lost 24% of its health!)</small><br></div><div class="spacer battle-history"><br></div><div class="battle-history">The opposing Entei used <strong>Sacred Fire</strong>!<br></div><div class="battle-history"><small>MUAHAHA's substitute faded!</small><br></div><div class="spacer battle-history"><br></div><div class="battle-history"><small>MUAHAHA restored a little HP using its Leftovers!</small><br></div><div class="battle-history"><small>The opposing Entei was hurt by poison!</small><br></div><div class="spacer battle-history"><br></div><div class="battle-history">The opposing Entei fainted!<br></div><div class="chat"><small> woopersons left</small></div><div class="spacer battle-history"><br></div><div class="battle-history">exploziff sent out <strong>Florges</strong>!<br></div><div class="spacer battle-history"><br></div><h2 class="battle-history">Turn 20</h2><div class="spacer battle-history"><br></div><div class="battle-history">MUAHAHA used <strong>Toxic</strong>!<br></div><div class="battle-history"><small>The opposing Florges was badly poisoned!</small><br></div><div class="spacer battle-history"><br></div><div class="battle-history">The opposing Florges used <strong>Moonblast</strong>!<br></div><div class="battle-history"><small>It's super effective!</small><br></div><div class="battle-history"><small>(MUAHAHA lost 26% of its health!)</small><br></div><div class="spacer battle-history"><br></div><div class="battle-history">MUAHAHA fainted!<br></div><div class="spacer battle-history"><br></div><div class="battle-history"><small>The opposing Florges was hurt by poison!</small><br></div><div class="spacer battle-history"><br></div><div class="battle-history">Go! Midwife Crisis (<strong>Dusclops</strong>)!<br></div><div class="battle-history">[Midwife Crisis's Pressure]<br><small>Midwife Crisis is exerting its pressure!</small><br></div><div class="spacer battle-history"><br></div><h2 class="battle-history">Turn 21</h2><div class="spacer battle-history"><br></div><div class="battle-history">exploziff withdrew Florges!<br></div><div class="battle-history">exploziff sent out <strong>Tangela</strong>!<br></div><div class="spacer battle-history"><br></div><div class="battle-history">Midwife Crisis used <strong>Ice Punch</strong>!<br></div><div class="battle-history"><small>It's super effective!</small><br></div><div class="battle-history"><small>(The opposing Tangela lost 20% of its health!)</small><br></div><div class="spacer battle-history"><br></div><h2 class="battle-history">Turn 22</h2><div class="spacer battle-history"><br></div><div class="battle-history">Midwife Crisis, come back!<br></div><div class="battle-history">Go! Exploziff At Gym (<strong>Garchomp</strong>)!<br></div><div class="spacer battle-history"><br></div><div class="battle-history">The opposing Tangela used <strong>Hidden Power</strong>!<br></div><div class="battle-history"><small>It's super effective!</small><br></div><div class="battle-history"><small>(Exploziff At Gym lost 57% of its health!)</small><br></div><div class="spacer battle-history"><br></div><div class="battle-history"><small>Exploziff At Gym was hurt by poison!</small><br></div><div class="spacer battle-history"><br></div><h2 class="battle-history">Turn 23</h2><div class="spacer battle-history"><br></div><div class="battle-history">exploziff withdrew Tangela!<br></div><div class="battle-history">exploziff sent out <strong>Bronzong</strong>!<br></div><div class="spacer battle-history"><br></div><div class="battle-history">Exploziff At Gym used <strong>Fire Blast</strong>!<br></div><div class="battle-history"><small>The opposing Bronzong avoided the attack!</small><br></div><div class="spacer battle-history"><br></div><div class="battle-history"><small>Exploziff At Gym was hurt by poison!</small><br></div><div class="spacer battle-history"><br></div><h2 class="battle-history">Turn 24</h2><div class="spacer battle-history"><br></div><div class="battle-history">Exploziff At Gym used <strong>Fire Blast</strong>!<br></div><div class="battle-history"><small>It's super effective!</small><br></div><div class="battle-history"><small>(The opposing Bronzong lost 26% of its health!)</small><br></div><div class="spacer battle-history"><br></div><div class="battle-history">The opposing Bronzong fainted!<br></div><div class="spacer battle-history"><br></div><div class="battle-history"><small>Exploziff At Gym was hurt by poison!</small><br></div><div class="spacer battle-history"><br></div><div class="battle-history">Exploziff At Gym fainted!<br></div><div class="spacer battle-history"><br></div><div class="battle-history">Go! Midwife Crisis (<strong>Dusclops</strong>)!<br></div><div class="spacer battle-history"><br></div><div class="battle-history">exploziff sent out <strong>Tangela</strong>!<br></div><div class="battle-history">[Midwife Crisis's Pressure]<br><small>Midwife Crisis is exerting its pressure!</small><br></div><div class="spacer battle-history"><br></div><h2 class="battle-history">Turn 25</h2><div class="spacer battle-history"><br></div><div class="battle-history">The opposing Tangela used <strong>Toxic</strong>!<br></div><div class="battle-history"><small>Midwife Crisis was badly poisoned!</small><br></div><div class="spacer battle-history"><br></div><div class="battle-history">Midwife Crisis used <strong>Will-O-Wisp</strong>!<br></div><div class="battle-history"><small>The opposing Tangela was burned!</small><br></div><div class="spacer battle-history"><br></div><div class="battle-history"><small>The opposing Tangela was hurt by its burn!</small><br></div><div class="battle-history"><small>Midwife Crisis was hurt by poison!</small><br></div><div class="spacer battle-history"><br></div><h2 class="battle-history">Turn 26</h2><div class="spacer battle-history"><br></div><div class="battle-history">exploziff withdrew Tangela!<br></div><div class="battle-history">exploziff sent out <strong>Throh</strong>!<br></div><div class="spacer battle-history"><br></div><div class="battle-history">Midwife Crisis used <strong>Fire Punch</strong>!<br></div><div class="battle-history"><small>A critical hit!</small><br></div><div class="battle-history"><small>(The opposing Throh lost 17% of its health!)</small><br></div><div class="spacer battle-history"><br></div><div class="battle-history"><small>Midwife Crisis was hurt by poison!</small><br></div><div class="spacer battle-history"><br></div><h2 class="battle-history">Turn 27</h2><div class="spacer battle-history"><br></div><div class="battle-history">The opposing Throh used <strong>Knock Off</strong>!<br></div><div class="battle-history"><small>It's super effective!</small><br></div><div class="battle-history"><small>(Midwife Crisis lost 31% of its health!)</small><br></div><div class="battle-history"><small>The opposing Throh knocked off Midwife Crisis's Eviolite!</small><br></div><div class="spacer battle-history"><br></div><div class="battle-history">Midwife Crisis used <strong>Fire Punch</strong>!<br></div><div class="battle-history"><small>(The opposing Throh lost 11% of its health!)</small><br></div><div class="battle-history"><small>The opposing Throh was burned!</small><br></div><div class="spacer battle-history"><br></div><div class="battle-history"><small>The opposing Throh was hurt by its burn!</small><br></div><div class="battle-history"><small>Midwife Crisis was hurt by poison!</small><br></div><div class="spacer battle-history"><br></div><h2 class="battle-history">Turn 28</h2><div class="chat chatmessage-hematemesis"><strong style="color:#9412d5"><small>☆</small><span class="username" data-name="Hematemesis">Hematemesis</span>:</strong> <em>lmao</em></div><div class="chat chatmessage-exploziff"><strong style="color:#70a52f"><small>☆</small><span class="username" data-name="exploziff">exploziff</span>:</strong> <em>gg</em></div><div class="chat chatmessage-hematemesis"><strong style="color:#9412d5"><small>☆</small><span class="username" data-name="Hematemesis">Hematemesis</span>:</strong> <em>guts boost for ya at the end there too</em></div><div class="chat chatmessage-hematemesis"><strong style="color:#9412d5"><small>☆</small><span class="username" data-name="Hematemesis">Hematemesis</span>:</strong> <em>ggs</em></div><div class="spacer battle-history"><br></div><div class="battle-history">The opposing Throh used <strong>Knock Off</strong>!<br></div><div class="battle-history"><small>It's super effective!</small><br></div><div class="battle-history"><small>(Midwife Crisis lost 34% of its health!)</small><br></div><div class="spacer battle-history"><br></div><div class="battle-history">Midwife Crisis fainted!<br></div><div class="spacer battle-history"><br></div><div class="battle-history"><strong>exploziff</strong> won the battle!<br></div><div class="chat"><small>☆Hematemesis left</small></div></div><div class="inner-preempt message-log"></div></div></div>
</div>
<script>
let daily = Math.floor(Date.now()/1000/60/60/24);document.write('<script src="https://dragonheaven.herokuapp.com/js/replay-embed.js?version'+daily+'"></'+'script>');
</script>
