<!DOCTYPE html>
<meta charset="utf-8" />
<!-- version 1 -->
<title>[Gen 8] Megas for All replay: BlaueBrause vs. Mossy Sandwich</title>
<style>
html,body {font-family:Verdana, sans-serif;font-size:10pt;margin:0;padding:0;}body{padding:12px 0;} .battle-log {font-family:Verdana, sans-serif;font-size:10pt;} .battle-log-inline {border:1px solid #AAAAAA;background:#EEF2F5;color:black;max-width:640px;margin:0 auto 80px;padding-bottom:5px;} .battle-log .inner {padding:4px 8px 0px 8px;} .battle-log .inner-preempt {padding:0 8px 4px 8px;} .battle-log .inner-after {margin-top:0.5em;} .battle-log h2 {margin:0.5em -8px;padding:4px 8px;border:1px solid #AAAAAA;background:#E0E7EA;border-left:0;border-right:0;font-family:Verdana, sans-serif;font-size:13pt;} .battle-log .chat {vertical-align:middle;padding:3px 0 3px 0;font-size:8pt;} .battle-log .chat strong {color:#40576A;} .battle-log .chat em {padding:1px 4px 1px 3px;color:#000000;font-style:normal;} .chat.mine {background:rgba(0,0,0,0.05);margin-left:-8px;margin-right:-8px;padding-left:8px;padding-right:8px;} .spoiler {color:#BBBBBB;background:#BBBBBB;padding:0px 3px;} .spoiler:hover, .spoiler:active, .spoiler-shown {color:#000000;background:#E2E2E2;padding:0px 3px;} .spoiler a {color:#BBBBBB;} .spoiler:hover a, .spoiler:active a, .spoiler-shown a {color:#2288CC;} .chat code, .chat .spoiler:hover code, .chat .spoiler:active code, .chat .spoiler-shown code {border:1px solid #C0C0C0;background:#EEEEEE;color:black;padding:0 2px;} .chat .spoiler code {border:1px solid #CCCCCC;background:#CCCCCC;color:#CCCCCC;} .battle-log .rated {padding:3px 4px;} .battle-log .rated strong {color:white;background:#89A;padding:1px 4px;border-radius:4px;} .spacer {margin-top:0.5em;} .message-announce {background:#6688AA;color:white;padding:1px 4px 2px;} .message-announce a, .broadcast-green a, .broadcast-blue a, .broadcast-red a {color:#DDEEFF;} .broadcast-green {background-color:#559955;color:white;padding:2px 4px;} .broadcast-blue {background-color:#6688AA;color:white;padding:2px 4px;} .infobox {border:1px solid #6688AA;padding:2px 4px;} .infobox-limited {max-height:200px;overflow:auto;overflow-x:hidden;} .broadcast-red {background-color:#AA5544;color:white;padding:2px 4px;} .message-learn-canlearn {font-weight:bold;color:#228822;text-decoration:underline;} .message-learn-cannotlearn {font-weight:bold;color:#CC2222;text-decoration:underline;} .message-effect-weak {font-weight:bold;color:#CC2222;} .message-effect-resist {font-weight:bold;color:#6688AA;} .message-effect-immune {font-weight:bold;color:#666666;} .message-learn-list {margin-top:0;margin-bottom:0;} .message-throttle-notice, .message-error {color:#992222;} .message-overflow, .chat small.message-overflow {font-size:0pt;} .message-overflow::before {font-size:9pt;content:'...';} .subtle {color:#3A4A66;}
</style>
<div class="wrapper replay-wrapper" style="max-width:1180px;margin:0 auto">
<input type="hidden" name="replayid" value="dragonheaven-gen8megasforall-623" />
<div class="battle"></div><div class="battle-log"></div><div class="replay-controls"></div><div class="replay-controls-2"></div>
<h1 style="font-weight:normal;text-align:center"><strong>[Gen 8] Megas for All</strong><br /><a href="http://pokemonshowdown.com/users/blauebrause" class="subtle" target="_blank">BlaueBrause</a> vs. <a href="http://pokemonshowdown.com/users/mossysandwich" class="subtle" target="_blank">Mossy Sandwich</a></h1>
<script type="text/plain" class="battle-log-data">|j|☆BlaueBrause
|j|☆Mossy Sandwich
|t:|1608940166
|player|p1|BlaueBrause|psychic|
|player|p2|Mossy Sandwich|266|
|teamsize|p1|6
|teamsize|p2|6
|gametype|singles
|gen|8
|tier|[Gen 8] Megas for All
|clearpoke
|poke|p1|Samurott, F|
|poke|p1|Zapdos|
|poke|p1|Blissey, F|
|poke|p1|Cinderace, M|
|poke|p1|Rillaboom, F|
|poke|p1|Nidoqueen, F|
|poke|p2|Sawsbuck-Summer, F|
|poke|p2|Torkoal, M|
|poke|p2|Landorus-Therian, M|
|poke|p2|Charizard, M|
|poke|p2|Tapu Fini|
|poke|p2|Cinderace, M|
|rule|HP Percentage Mod: HP is shown in percentages
|rule|Endless Battle Clause: Forcing endless battles is banned
|rule|OHKO Clause: OHKO moves are banned
|rule|Evasion Moves Clause: Evasion moves are banned
|rule|Species Clause: Limit one of each Pokémon
|rule|Dynamax Clause: You cannot dynamax
|rule|Sleep Clause Mod: Limit one foe put to sleep
|rule|Freeze Clause Mod: Limit one foe frozen
|teampreview
|c|☆Mossy Sandwich|gl hf
|c|☆BlaueBrause|glhf!
|
|t:|1608940180
|start
|switch|p1a: Zapdos|Zapdos|100\/100
|switch|p2a: Torkoal|Torkoal, M|100\/100
|-weather|SunnyDay|[from] ability: Drought|[of] p2a: Torkoal
|turn|1
|
|t:|1608940187
|move|p1a: Zapdos|Discharge|p2a: Torkoal
|-damage|p2a: Torkoal|58\/100
|-status|p2a: Torkoal|par
|move|p2a: Torkoal|Stealth Rock|p1a: Zapdos
|-sidestart|p1: BlaueBrause|move: Stealth Rock
|
|-weather|SunnyDay|[upkeep]
|upkeep
|turn|2
|
|t:|1608940194
|switch|p2a: Landorus|Landorus-Therian, M|100\/100
|-ability|p2a: Landorus|Intimidate|boost
|-unboost|p1a: Zapdos|atk|1
|move|p1a: Zapdos|Defog|p2a: Landorus
|-unboost|p2a: Landorus|evasion|1
|-sideend|p1: BlaueBrause|Stealth Rock|[from] move: Defog|[of] p1a: Zapdos
|
|-weather|SunnyDay|[upkeep]
|upkeep
|turn|3
|
|t:|1608940203
|switch|p1a: Nidoqueen|Nidoqueen, F|100\/100
|move|p2a: Landorus|U-turn|p1a: Nidoqueen
|-resisted|p1a: Nidoqueen
|-damage|p1a: Nidoqueen|89\/100
|
|t:|1608940208
|switch|p2a: Charizard|Charizard, M|100\/100|[from]move: U-turn
|
|-weather|SunnyDay|[upkeep]
|-damage|p2a: Charizard|88\/100|[from] ability: Solar Power|[of] p2a: Charizard
|upkeep
|turn|4
|
|t:|1608940221
|switch|p1a: Blissey|Blissey, F|100\/100
|move|p2a: Charizard|Weather Ball|p1a: Blissey
|-damage|p1a: Blissey|47\/100
|
|-weather|SunnyDay|[upkeep]
|-damage|p2a: Charizard|76\/100|[from] ability: Solar Power|[of] p2a: Charizard
|upkeep
|turn|5
|c|☆BlaueBrause|uff, wow
|
|t:|1608940238
|move|p2a: Charizard|Weather Ball|p1a: Blissey
|-damage|p1a: Blissey|0 fnt
|faint|p1a: Blissey
|
|-weather|SunnyDay|[upkeep]
|-damage|p2a: Charizard|63\/100|[from] ability: Solar Power|[of] p2a: Charizard
|upkeep
|j| aausma

|
|t:|1608940248
|switch|p1a: Cinderace|Cinderace, M|100\/100
|turn|6
|
|t:|1608940255
|switch|p2a: Landorus|Landorus-Therian, M|100\/100
|-ability|p2a: Landorus|Intimidate|boost
|-unboost|p1a: Cinderace|atk|1
|move|p1a: Cinderace|Pyro Ball|p2a: Landorus
|-damage|p2a: Landorus|62\/100
|
|-weather|SunnyDay|[upkeep]
|upkeep
|turn|7
|
|t:|1608940266
|switch|p1a: Zapdos|Zapdos|100\/100
|move|p2a: Landorus|Earthquake|p1a: Zapdos
|-immune|p1a: Zapdos
|
|-weather|SunnyDay|[upkeep]
|upkeep
|turn|8
|j| H2OPulse
|
|t:|1608940273
|move|p1a: Zapdos|U-turn|p2a: Landorus
|-resisted|p2a: Landorus
|-crit|p2a: Landorus
|-damage|p2a: Landorus|55\/100
|-damage|p1a: Zapdos|84\/100|[from] item: Rocky Helmet|[of] p2a: Landorus
|
|t:|1608940286
|switch|p1a: Cinderace|Cinderace, M|100\/100|[from]move: U-turn
|move|p2a: Landorus|Stealth Rock|p1a: Cinderace
|-sidestart|p1: BlaueBrause|move: Stealth Rock
|
|-weather|none
|upkeep
|turn|9
|
|t:|1608940300
|move|p1a: Cinderace|U-turn|p2a: Landorus
|-start|p1a: Cinderace|typechange|Bug|[from] ability: Libero
|-resisted|p2a: Landorus
|-damage|p2a: Landorus|44\/100
|-damage|p1a: Cinderace|84\/100|[from] item: Rocky Helmet|[of] p2a: Landorus
|
|t:|1608940305
|switch|p1a: Zapdos|Zapdos|84\/100|[from]move: U-turn
|move|p2a: Landorus|Earthquake|p1a: Zapdos
|-immune|p1a: Zapdos
|
|upkeep
|turn|10
|
|t:|1608940312
|move|p1a: Zapdos|Defog|p2a: Landorus
|-unboost|p2a: Landorus|evasion|1
|-sideend|p1: BlaueBrause|Stealth Rock|[from] move: Defog|[of] p1a: Zapdos
|move|p2a: Landorus|U-turn|p1a: Zapdos
|-resisted|p1a: Zapdos
|-damage|p1a: Zapdos|76\/100
|
|t:|1608940317
|switch|p2a: Torkoal|Torkoal, M|58\/100 par|[from]move: U-turn
|-weather|SunnyDay|[from] ability: Drought|[of] p2a: Torkoal
|
|-weather|SunnyDay|[upkeep]
|upkeep
|turn|11
|
|t:|1608940324
|switch|p2a: Sawsbuck|Sawsbuck-Summer, F|100\/100
|move|p1a: Zapdos|Discharge|p2a: Sawsbuck
|-resisted|p2a: Sawsbuck
|-damage|p2a: Sawsbuck|77\/100
|
|-weather|SunnyDay|[upkeep]
|upkeep
|turn|12
|
|t:|1608940331
|detailschange|p2a: Sawsbuck|Sawsbuck-Summer-Mega, F
|-mega|p2a: Sawsbuck|Sawsbuck|Sawsbuckite
|raw|<ul class="utilichart"><li class="result"><span class="col pokemonnamecol" style="white-space: nowrap">Sawsbuck-Summer-Mega<\/span> <span class="col typecol"><img src="https:\/\/play.pokemonshowdown.com\/sprites\/types\/Fire.png" alt="Fire" height="14" width="32"><img src="https:\/\/play.pokemonshowdown.com\/sprites\/types\/Grass.png" alt="Grass" height="14" width="32"><\/span> <span style="float: left ; min-height: 26px"><span class="col abilitycol">Summer Days<\/span><span class="col abilitycol"><\/span><\/span><span style="float: left ; min-height: 26px"><span class="col statcol"><em>HP<\/em><br>80<\/span> <span class="col statcol"><em>Atk<\/em><br>100<\/span> <span class="col statcol"><em>Def<\/em><br>70<\/span> <span class="col statcol"><em>SpA<\/em><br>135<\/span> <span class="col statcol"><em>SpD<\/em><br>70<\/span> <span class="col statcol"><em>Spe<\/em><br>120<\/span> <\/span><\/li><li style="clear: both"><\/li><\/ul>
|move|p2a: Sawsbuck|Flamethrower|p1a: Zapdos
|-damage|p1a: Zapdos|10\/100
|move|p1a: Zapdos|U-turn|p2a: Sawsbuck
|-crit|p2a: Sawsbuck
|-damage|p2a: Sawsbuck|44\/100
|
|t:|1608940338
|switch|p1a: Samurott|Samurott, F|100\/100|[from]move: U-turn
|
|-weather|SunnyDay|[upkeep]
|upkeep
|turn|13
|
|t:|1608940347
|detailschange|p1a: Samurott|Samurott-Mega, F
|-mega|p1a: Samurott|Samurott|Samurite
|raw|<ul class="utilichart"><li class="result"><span class="col pokemonnamecol" style="white-space: nowrap">Samurott-Mega<\/span> <span class="col typecol"><img src="https:\/\/play.pokemonshowdown.com\/sprites\/types\/Water.png" alt="Water" height="14" width="32"><\/span> <span style="float: left ; min-height: 26px"><span class="col abilitycol">Heavenly Techniques<\/span><span class="col abilitycol"><\/span><\/span><span style="float: left ; min-height: 26px"><span class="col statcol"><em>HP<\/em><br>95<\/span> <span class="col statcol"><em>Atk<\/em><br>153<\/span> <span class="col statcol"><em>Def<\/em><br>100<\/span> <span class="col statcol"><em>SpA<\/em><br>100<\/span> <span class="col statcol"><em>SpD<\/em><br>70<\/span> <span class="col statcol"><em>Spe<\/em><br>110<\/span> <\/span><\/li><li style="clear: both"><\/li><\/ul>
|move|p1a: Samurott|Sacred Sword|p2a: Sawsbuck
|-damage|p2a: Sawsbuck|0 fnt
|faint|p2a: Sawsbuck
|
|-weather|SunnyDay|[upkeep]
|upkeep
|j| Gravity Monkey
|
|t:|1608940353
|switch|p2a: Charizard|Charizard, M|63\/100
|turn|14
|
|t:|1608940369
|switch|p1a: Zapdos|Zapdos|10\/100
|switch|p2a: Landorus|Landorus-Therian, M|44\/100
|-ability|p2a: Landorus|Intimidate|boost
|-unboost|p1a: Zapdos|atk|1
|
|-weather|SunnyDay|[upkeep]
|upkeep
|turn|15
|
|t:|1608940383
|switch|p1a: Samurott|Samurott-Mega, F|100\/100
|move|p2a: Landorus|U-turn|p1a: Samurott
|-damage|p1a: Samurott|78\/100
|
|t:|1608940390
|switch|p2a: Tapu Fini|Tapu Fini|100\/100|[from]move: U-turn
|-fieldstart|move: Misty Terrain|[from] ability: Misty Surge|[of] p2a: Tapu Fini
|
|-weather|SunnyDay|[upkeep]
|upkeep
|turn|16
|
|t:|1608940406
|switch|p1a: Rillaboom|Rillaboom, F|100\/100
|-fieldstart|move: Grassy Terrain|[from] ability: Grassy Surge|[of] p1a: Rillaboom
|move|p2a: Tapu Fini|Knock Off|p1a: Rillaboom
|-damage|p1a: Rillaboom|81\/100
|-enditem|p1a: Rillaboom|Choice Band|[from] move: Knock Off|[of] p2a: Tapu Fini
|
|-weather|SunnyDay|[upkeep]
|-heal|p1a: Rillaboom|88\/100|[from] Grassy Terrain
|upkeep
|turn|17
|
|t:|1608940421
|switch|p2a: Landorus|Landorus-Therian, M|44\/100
|-ability|p2a: Landorus|Intimidate|boost
|-unboost|p1a: Rillaboom|atk|1
|move|p1a: Rillaboom|Knock Off|p2a: Landorus
|-damage|p2a: Landorus|28\/100
|-damage|p1a: Rillaboom|71\/100|[from] item: Rocky Helmet|[of] p2a: Landorus
|-enditem|p2a: Landorus|Rocky Helmet|[from] move: Knock Off|[of] p1a: Rillaboom
|
|-weather|none
|-heal|p1a: Rillaboom|77\/100|[from] Grassy Terrain
|upkeep
|turn|18
|
|t:|1608940431
|switch|p2a: Torkoal|Torkoal, M|58\/100 par
|-weather|SunnyDay|[from] ability: Drought|[of] p2a: Torkoal
|move|p1a: Rillaboom|Wood Hammer|p2a: Torkoal
|-resisted|p2a: Torkoal
|-damage|p2a: Torkoal|42\/100 par
|-damage|p1a: Rillaboom|72\/100|[from] Recoil
|
|-weather|SunnyDay|[upkeep]
|-heal|p1a: Rillaboom|78\/100|[from] Grassy Terrain
|-heal|p2a: Torkoal|48\/100 par|[from] Grassy Terrain
|upkeep
|turn|19
|
|t:|1608940443
|move|p1a: Rillaboom|U-turn|p2a: Torkoal
|-resisted|p2a: Torkoal
|-damage|p2a: Torkoal|43\/100 par
|
|t:|1608940449
|switch|p1a: Nidoqueen|Nidoqueen, F|89\/100|[from]move: U-turn
|move|p2a: Torkoal|Will-O-Wisp|p1a: Nidoqueen
|-status|p1a: Nidoqueen|brn
|
|-weather|SunnyDay|[upkeep]
|-heal|p1a: Nidoqueen|95\/100 brn|[from] Grassy Terrain
|-heal|p2a: Torkoal|49\/100 par|[from] Grassy Terrain
|-damage|p1a: Nidoqueen|89\/100 brn|[from] brn
|upkeep
|turn|20
|
|t:|1608940461
|move|p1a: Nidoqueen|Sludge Bomb|p2a: Torkoal
|-damage|p2a: Torkoal|0 fnt
|faint|p2a: Torkoal
|
|-weather|SunnyDay|[upkeep]
|-heal|p1a: Nidoqueen|95\/100 brn|[from] Grassy Terrain
|-fieldend|move: Grassy Terrain
|-damage|p1a: Nidoqueen|89\/100 brn|[from] brn
|upkeep
|
|t:|1608940464
|switch|p2a: Cinderace|Cinderace, M|100\/100
|turn|21
|c| Gravity Monkey|sludge bomb over sludge wave?
|c|☆BlaueBrause|build it very fast
|c| Gravity Monkey|fair
|c|☆BlaueBrause|so didn't pay attention to it
|
|t:|1608940503
|switch|p1a: Zapdos|Zapdos|10\/100
|-zpower|p2a: Cinderace
|move|p2a: Cinderace|Inferno Overdrive|p1a: Zapdos|[zeffect]
|-damage|p1a: Zapdos|0 fnt
|faint|p1a: Zapdos
|
|-weather|SunnyDay|[upkeep]
|upkeep
|
|t:|1608940518
|switch|p1a: Nidoqueen|Nidoqueen, F|89\/100 brn
|turn|22
|
|t:|1608940526
|move|p2a: Cinderace|Pyro Ball|p1a: Nidoqueen
|-damage|p1a: Nidoqueen|7\/100 brn
|move|p1a: Nidoqueen|Sludge Bomb|p2a: Cinderace
|-damage|p2a: Cinderace|28\/100
|
|-weather|SunnyDay|[upkeep]
|-damage|p1a: Nidoqueen|1\/100 brn|[from] brn
|upkeep
|turn|23
|
|t:|1608940537
|move|p2a: Cinderace|Pyro Ball|p1a: Nidoqueen
|-damage|p1a: Nidoqueen|0 fnt
|faint|p1a: Nidoqueen
|
|-weather|SunnyDay|[upkeep]
|upkeep
|
|t:|1608940545
|switch|p1a: Cinderace|Cinderace, M|84\/100
|turn|24
|
|t:|1608940553
|switch|p2a: Tapu Fini|Tapu Fini|100\/100
|-fieldstart|move: Misty Terrain|[from] ability: Misty Surge|[of] p2a: Tapu Fini
|move|p1a: Cinderace|Pyro Ball|p2a: Tapu Fini
|-resisted|p2a: Tapu Fini
|-damage|p2a: Tapu Fini|63\/100
|
|-weather|SunnyDay|[upkeep]
|-heal|p2a: Tapu Fini|69\/100|[from] item: Leftovers
|upkeep
|turn|25
|
|t:|1608940563
|move|p1a: Cinderace|U-turn|p2a: Tapu Fini
|-start|p1a: Cinderace|typechange|Bug|[from] ability: Libero
|-resisted|p2a: Tapu Fini
|-damage|p2a: Tapu Fini|54\/100
|
|t:|1608940573
|switch|p1a: Rillaboom|Rillaboom, F|78\/100|[from]move: U-turn
|-fieldstart|move: Grassy Terrain|[from] ability: Grassy Surge|[of] p1a: Rillaboom
|move|p2a: Tapu Fini|Moonblast|p1a: Rillaboom
|-damage|p1a: Rillaboom|39\/100
|-unboost|p1a: Rillaboom|spa|1
|
|-weather|none
|-heal|p1a: Rillaboom|45\/100|[from] Grassy Terrain
|-heal|p2a: Tapu Fini|60\/100|[from] item: Leftovers
|-heal|p2a: Tapu Fini|66\/100|[from] Grassy Terrain
|upkeep
|turn|26
|
|t:|1608940586
|switch|p2a: Landorus|Landorus-Therian, M|28\/100
|-ability|p2a: Landorus|Intimidate|boost
|-unboost|p1a: Rillaboom|atk|1
|move|p1a: Rillaboom|Wood Hammer|p2a: Landorus
|-damage|p2a: Landorus|0 fnt
|-damage|p1a: Rillaboom|35\/100|[from] Recoil
|faint|p2a: Landorus
|
|-heal|p1a: Rillaboom|41\/100|[from] Grassy Terrain
|upkeep
|
|t:|1608940597
|switch|p2a: Cinderace|Cinderace, M|28\/100
|turn|27
|
|t:|1608940610
|move|p1a: Rillaboom|Grassy Glide|p2a: Cinderace
|-resisted|p2a: Cinderace
|-damage|p2a: Cinderace|3\/100
|move|p2a: Cinderace|U-turn|p1a: Rillaboom
|-start|p2a: Cinderace|typechange|Bug|[from] ability: Libero
|-supereffective|p1a: Rillaboom
|-damage|p1a: Rillaboom|0 fnt
|faint|p1a: Rillaboom
|
|t:|1608940615
|switch|p2a: Tapu Fini|Tapu Fini|66\/100|[from]move: U-turn
|-fieldstart|move: Misty Terrain|[from] ability: Misty Surge|[of] p2a: Tapu Fini
|
|-heal|p2a: Tapu Fini|72\/100|[from] item: Leftovers
|upkeep
|
|t:|1608940624
|switch|p1a: Samurott|Samurott-Mega, F|78\/100
|turn|28
|
|t:|1608940628
|move|p1a: Samurott|Swords Dance|p1a: Samurott
|-boost|p1a: Samurott|atk|2
|move|p2a: Tapu Fini|Moonblast|p1a: Samurott
|-damage|p1a: Samurott|38\/100
|
|-heal|p2a: Tapu Fini|78\/100|[from] item: Leftovers
|upkeep
|turn|29
|
|t:|1608940636
|move|p1a: Samurott|Slack Off|p1a: Samurott
|-heal|p1a: Samurott|88\/100
|move|p2a: Tapu Fini|Moonblast|p1a: Samurott
|-damage|p1a: Samurott|47\/100
|-unboost|p1a: Samurott|spa|1
|
|-heal|p2a: Tapu Fini|85\/100|[from] item: Leftovers
|upkeep
|turn|30
|
|t:|1608940645
|move|p1a: Samurott|Razor Shell|p2a: Tapu Fini
|-resisted|p2a: Tapu Fini
|-damage|p2a: Tapu Fini|45\/100
|-ability|p1a: Samurott|Heavenly Techniques|boost
|-boost|p1a: Samurott|def|1
|-unboost|p2a: Tapu Fini|def|1
|move|p2a: Tapu Fini|Taunt|p1a: Samurott
|-start|p1a: Samurott|move: Taunt
|
|-heal|p2a: Tapu Fini|51\/100|[from] item: Leftovers
|upkeep
|turn|31
|
|t:|1608940655
|move|p1a: Samurott|Razor Shell|p2a: Tapu Fini
|-resisted|p2a: Tapu Fini
|-damage|p2a: Tapu Fini|0 fnt
|-ability|p1a: Samurott|Heavenly Techniques|boost
|-boost|p1a: Samurott|def|1
|faint|p2a: Tapu Fini
|
|-fieldend|Misty Terrain
|upkeep
|
|t:|1608940660
|switch|p2a: Cinderace|Cinderace, M|3\/100
|turn|32
|
|t:|1608940667
|move|p2a: Cinderace|U-turn|p1a: Samurott
|-start|p2a: Cinderace|typechange|Bug|[from] ability: Libero
|-damage|p1a: Samurott|28\/100
|
|t:|1608940669
|switch|p2a: Charizard|Charizard, M|63\/100|[from]move: U-turn
|move|p1a: Samurott|Sacred Sword|p2a: Charizard
|-resisted|p2a: Charizard
|-crit|p2a: Charizard
|-damage|p2a: Charizard|0 fnt
|faint|p2a: Charizard
|
|upkeep
|
|t:|1608940671
|switch|p2a: Cinderace|Cinderace, M|3\/100
|turn|33
|
|t:|1608940679
|move|p2a: Cinderace|Zen Headbutt|p1a: Samurott
|-start|p2a: Cinderace|typechange|Psychic|[from] ability: Libero
|-damage|p1a: Samurott|7\/100
|move|p1a: Samurott|Sacred Sword|p2a: Cinderace
|-resisted|p2a: Cinderace
|-crit|p2a: Cinderace
|-damage|p2a: Cinderace|0 fnt
|faint|p2a: Cinderace
|
|win|BlaueBrause
|c|☆Mossy Sandwich|gg
|c|☆BlaueBrause|gg
|l|☆Mossy Sandwich
|c|☆BlaueBrause|another one?
|l|☆BlaueBrause
|l| Gravity Monkey
|c| H2OPulse|Man Mega Samurott is so cool actually
|c| H2OPulse|This is not news to anyone but
|c| H2OPulse|respect</script>
</div>
<div class="battle-log battle-log-inline"><div class="inner"><div class="battle-options"><div style="padding-top: 3px; padding-right: 3px; text-align: right"><button class="icon button" name="openBattleOptions" title="Options">Battle Options</button></div></div><div class="inner message-log"><div class="chat"><small>☆BlaueBrause and ☆Mossy Sandwich joined</small></div><div class=""><small>Format:</small> <br><strong>[Gen 8] Megas for All</strong></div><div class=""><small><em>HP Percentage Mod:</em> HP is shown in percentages</small></div><div class=""><small><em>Endless Battle Clause:</em> Forcing endless battles is banned</small></div><div class=""><small><em>OHKO Clause:</em> OHKO moves are banned</small></div><div class=""><small><em>Evasion Moves Clause:</em> Evasion moves are banned</small></div><div class=""><small><em>Species Clause:</em> Limit one of each Pokémon</small></div><div class=""><small><em>Dynamax Clause:</em> You cannot dynamax</small></div><div class=""><small><em>Sleep Clause Mod:</em> Limit one foe put to sleep</small></div><div class=""><small><em>Freeze Clause Mod:</em> Limit one foe frozen</small></div><div class="chat battle-history"><strong>BlaueBrause's team:</strong> <em style="color:#445566;display:block;">Samurott / Zapdos / Blissey / Cinderace / Rillaboom / Nidoqueen</em></div><div class="chat battle-history"><strong>Mossy Sandwich's team:</strong> <em style="color:#445566;display:block;">Sawsbuck-Summer / Torkoal / Landorus-Therian / Charizard / Tapu Fini / Cinderace</em></div><div class="chat chatmessage-mossysandwich"><strong style="color:#ba49a2"><small>☆</small><span class="username" data-name="Mossy Sandwich">Mossy Sandwich</span>:</strong> <em>gl hf</em></div><div class="chat chatmessage-blauebrause"><strong style="color:#6b66e4"><small>☆</small><span class="username" data-name="BlaueBrause">BlaueBrause</span>:</strong> <em>glhf!</em></div><div class="spacer battle-history"><br></div><div class="battle-history">Battle started between BlaueBrause and Mossy Sandwich!<br></div><div class="spacer battle-history"><br></div><div class="battle-history">Go! <strong>Zapdos</strong>!<br></div><div class="spacer battle-history"><br></div><div class="battle-history">Mossy Sandwich sent out <strong>Torkoal</strong>!<br></div><div class="battle-history">[The opposing Torkoal's Drought]<br><small>The sunlight turned harsh!</small><br></div><div class="spacer battle-history"><br></div><h2 class="battle-history">Turn 1</h2><div class="spacer battle-history"><br></div><div class="battle-history">Zapdos used <strong>Discharge</strong>!<br></div><div class="battle-history"><small>(The opposing Torkoal lost 42% of its health!)</small><br></div><div class="battle-history"><small>The opposing Torkoal is paralyzed! It may be unable to move!</small><br></div><div class="spacer battle-history"><br></div><div class="battle-history">The opposing Torkoal used <strong>Stealth Rock</strong>!<br></div><div class="battle-history"><small>Pointed stones float in the air around your team!</small><br></div><div class="spacer battle-history"><br></div><div class="battle-history"><small>(The sunlight is strong.)</small><br></div><div class="spacer battle-history"><br></div><h2 class="battle-history">Turn 2</h2><div class="spacer battle-history"><br></div><div class="battle-history">Mossy Sandwich withdrew Torkoal!<br></div><div class="battle-history">Mossy Sandwich sent out Landorus (<strong>Landorus-Therian</strong>)!<br></div><div class="battle-history">[The opposing Landorus's Intimidate]<br></div><div class="battle-history"><small>Zapdos's Attack fell!</small><br></div><div class="spacer battle-history"><br></div><div class="battle-history">Zapdos used <strong>Defog</strong>!<br></div><div class="battle-history"><small>The opposing Landorus's evasiveness fell!</small><br></div><div class="battle-history"><small>The pointed stones disappeared from around your team!</small><br></div><div class="spacer battle-history"><br></div><div class="battle-history"><small>(The sunlight is strong.)</small><br></div><div class="spacer battle-history"><br></div><h2 class="battle-history">Turn 3</h2><div class="spacer battle-history"><br></div><div class="battle-history">Zapdos, come back!<br></div><div class="battle-history">Go! <strong>Nidoqueen</strong>!<br></div><div class="spacer battle-history"><br></div><div class="battle-history">The opposing Landorus used <strong>U-turn</strong>!<br></div><div class="battle-history"><small>It's not very effective...</small><br></div><div class="battle-history"><small>(Nidoqueen lost 11% of its health!)</small><br></div><div class="spacer battle-history"><br></div><div class="battle-history">The opposing Landorus went back to Mossy Sandwich!<br></div><div class="battle-history">Mossy Sandwich sent out <strong>Charizard</strong>!<br></div><div class="spacer battle-history"><br></div><div class="battle-history"><small>(The sunlight is strong.)</small><br></div><div class="battle-history">[The opposing Charizard's Solar Power]<br><small>(The opposing Charizard was hurt!)</small><br></div><div class="spacer battle-history"><br></div><h2 class="battle-history">Turn 4</h2><div class="spacer battle-history"><br></div><div class="battle-history">Nidoqueen, come back!<br></div><div class="battle-history">Go! <strong>Blissey</strong>!<br></div><div class="spacer battle-history"><br></div><div class="battle-history">The opposing Charizard used <strong>Weather Ball</strong>!<br></div><div class="battle-history"><small>(Blissey lost 53% of its health!)</small><br></div><div class="spacer battle-history"><br></div><div class="battle-history"><small>(The sunlight is strong.)</small><br></div><div class="battle-history">[The opposing Charizard's Solar Power]<br><small>(The opposing Charizard was hurt!)</small><br></div><div class="spacer battle-history"><br></div><h2 class="battle-history">Turn 5</h2><div class="chat chatmessage-blauebrause"><strong style="color:#6b66e4"><small>☆</small><span class="username" data-name="BlaueBrause">BlaueBrause</span>:</strong> <em>uff, wow</em></div><div class="spacer battle-history"><br></div><div class="battle-history">The opposing Charizard used <strong>Weather Ball</strong>!<br></div><div class="battle-history"><small>(Blissey lost 47% of its health!)</small><br></div><div class="spacer battle-history"><br></div><div class="battle-history">Blissey fainted!<br></div><div class="spacer battle-history"><br></div><div class="battle-history"><small>(The sunlight is strong.)</small><br></div><div class="battle-history">[The opposing Charizard's Solar Power]<br><small>(The opposing Charizard was hurt!)</small><br></div><div class="chat"><small> aausma joined</small></div><div class="spacer battle-history"><br></div><div class="battle-history">Go! <strong>Cinderace</strong>!<br></div><div class="spacer battle-history"><br></div><h2 class="battle-history">Turn 6</h2><div class="spacer battle-history"><br></div><div class="battle-history">Mossy Sandwich withdrew Charizard!<br></div><div class="battle-history">Mossy Sandwich sent out Landorus (<strong>Landorus-Therian</strong>)!<br></div><div class="battle-history">[The opposing Landorus's Intimidate]<br></div><div class="battle-history"><small>Cinderace's Attack fell!</small><br></div><div class="spacer battle-history"><br></div><div class="battle-history">Cinderace used <strong>Pyro Ball</strong>!<br></div><div class="battle-history"><small>(The opposing Landorus lost 38% of its health!)</small><br></div><div class="spacer battle-history"><br></div><div class="battle-history"><small>(The sunlight is strong.)</small><br></div><div class="spacer battle-history"><br></div><h2 class="battle-history">Turn 7</h2><div class="spacer battle-history"><br></div><div class="battle-history">Cinderace, come back!<br></div><div class="battle-history">Go! <strong>Zapdos</strong>!<br></div><div class="spacer battle-history"><br></div><div class="battle-history">The opposing Landorus used <strong>Earthquake</strong>!<br></div><div class="battle-history"><small>It doesn't affect Zapdos...</small><br></div><div class="spacer battle-history"><br></div><div class="battle-history"><small>(The sunlight is strong.)</small><br></div><div class="spacer battle-history"><br></div><h2 class="battle-history">Turn 8</h2><div class="chat"><small> H2OPulse joined</small></div><div class="spacer battle-history"><br></div><div class="battle-history">Zapdos used <strong>U-turn</strong>!<br></div><div class="battle-history"><small>It's not very effective...</small><br></div><div class="battle-history"><small>A critical hit!</small><br></div><div class="battle-history"><small>(The opposing Landorus lost 7% of its health!)</small><br></div><div class="battle-history"><small>Zapdos was hurt by the Rocky Helmet!</small><br></div><div class="spacer battle-history"><br></div><div class="battle-history">Zapdos went back to BlaueBrause!<br></div><div class="battle-history">Go! <strong>Cinderace</strong>!<br></div><div class="spacer battle-history"><br></div><div class="battle-history">The opposing Landorus used <strong>Stealth Rock</strong>!<br></div><div class="battle-history"><small>Pointed stones float in the air around your team!</small><br></div><div class="spacer battle-history"><br></div><div class="battle-history"><small>The harsh sunlight faded.</small><br></div><div class="spacer battle-history"><br></div><h2 class="battle-history">Turn 9</h2><div class="spacer battle-history"><br></div><div class="battle-history">Cinderace used <strong>U-turn</strong>!<br></div><div class="battle-history">[Cinderace's Libero]<br><small>Cinderace's type changed to Bug!</small><br></div><div class="battle-history"><small>It's not very effective...</small><br></div><div class="battle-history"><small>(The opposing Landorus lost 11% of its health!)</small><br></div><div class="battle-history"><small>Cinderace was hurt by the Rocky Helmet!</small><br></div><div class="spacer battle-history"><br></div><div class="battle-history">Cinderace went back to BlaueBrause!<br></div><div class="battle-history">Go! <strong>Zapdos</strong>!<br></div><div class="spacer battle-history"><br></div><div class="battle-history">The opposing Landorus used <strong>Earthquake</strong>!<br></div><div class="battle-history"><small>It doesn't affect Zapdos...</small><br></div><div class="spacer battle-history"><br></div><h2 class="battle-history">Turn 10</h2><div class="spacer battle-history"><br></div><div class="battle-history">Zapdos used <strong>Defog</strong>!<br></div><div class="battle-history"><small>The opposing Landorus's evasiveness fell!</small><br></div><div class="battle-history"><small>The pointed stones disappeared from around your team!</small><br></div><div class="spacer battle-history"><br></div><div class="battle-history">The opposing Landorus used <strong>U-turn</strong>!<br></div><div class="battle-history"><small>It's not very effective...</small><br></div><div class="battle-history"><small>(Zapdos lost 8% of its health!)</small><br></div><div class="spacer battle-history"><br></div><div class="battle-history">The opposing Landorus went back to Mossy Sandwich!<br></div><div class="battle-history">Mossy Sandwich sent out <strong>Torkoal</strong>!<br></div><div class="battle-history">[The opposing Torkoal's Drought]<br><small>The sunlight turned harsh!</small><br></div><div class="spacer battle-history"><br></div><div class="battle-history"><small>(The sunlight is strong.)</small><br></div><div class="spacer battle-history"><br></div><h2 class="battle-history">Turn 11</h2><div class="spacer battle-history"><br></div><div class="battle-history">Mossy Sandwich withdrew Torkoal!<br></div><div class="battle-history">Mossy Sandwich sent out Sawsbuck (<strong>Sawsbuck-Summer</strong>)!<br></div><div class="spacer battle-history"><br></div><div class="battle-history">Zapdos used <strong>Discharge</strong>!<br></div><div class="battle-history"><small>It's not very effective...</small><br></div><div class="battle-history"><small>(The opposing Sawsbuck lost 23% of its health!)</small><br></div><div class="spacer battle-history"><br></div><div class="battle-history"><small>(The sunlight is strong.)</small><br></div><div class="spacer battle-history"><br></div><h2 class="battle-history">Turn 12</h2><div class="spacer battle-history"><br></div><div class="battle-history"><small>The opposing Sawsbuck's Sawsbuckite is reacting to the Key Stone!</small><br>The opposing Sawsbuck has Mega Evolved into Mega Sawsbuck!<br></div><div class="chat"><ul class="utilichart"><li class="result"><span class="col pokemonnamecol" style="white-space: nowrap">Sawsbuck-Summer-Mega</span> <span class="col typecol"><img src="https://play.pokemonshowdown.com/sprites/types/Fire.png" alt="Fire" height="14" width="32"><img src="https://play.pokemonshowdown.com/sprites/types/Grass.png" alt="Grass" height="14" width="32"></span> <span style="float: left ; min-height: 26px"><span class="col abilitycol">Summer Days</span><span class="col abilitycol"></span></span><span style="float: left ; min-height: 26px"><span class="col statcol"><em>HP</em><br>80</span> <span class="col statcol"><em>Atk</em><br>100</span> <span class="col statcol"><em>Def</em><br>70</span> <span class="col statcol"><em>SpA</em><br>135</span> <span class="col statcol"><em>SpD</em><br>70</span> <span class="col statcol"><em>Spe</em><br>120</span> </span></li><li style="clear: both"></li></ul></div><div class="spacer battle-history"><br></div><div class="battle-history">The opposing Sawsbuck used <strong>Flamethrower</strong>!<br></div><div class="battle-history"><small>(Zapdos lost 66% of its health!)</small><br></div><div class="spacer battle-history"><br></div><div class="battle-history">Zapdos used <strong>U-turn</strong>!<br></div><div class="battle-history"><small>A critical hit!</small><br></div><div class="battle-history"><small>(The opposing Sawsbuck lost 33% of its health!)</small><br></div><div class="spacer battle-history"><br></div><div class="battle-history">Zapdos went back to BlaueBrause!<br></div><div class="battle-history">Go! <strong>Samurott</strong>!<br></div><div class="spacer battle-history"><br></div><div class="battle-history"><small>(The sunlight is strong.)</small><br></div><div class="spacer battle-history"><br></div><h2 class="battle-history">Turn 13</h2><div class="spacer battle-history"><br></div><div class="battle-history"><small>Samurott's Samurite is reacting to the Key Stone!</small><br>Samurott has Mega Evolved into Mega Samurott!<br></div><div class="chat"><ul class="utilichart"><li class="result"><span class="col pokemonnamecol" style="white-space: nowrap">Samurott-Mega</span> <span class="col typecol"><img src="https://play.pokemonshowdown.com/sprites/types/Water.png" alt="Water" height="14" width="32"></span> <span style="float: left ; min-height: 26px"><span class="col abilitycol">Heavenly Techniques</span><span class="col abilitycol"></span></span><span style="float: left ; min-height: 26px"><span class="col statcol"><em>HP</em><br>95</span> <span class="col statcol"><em>Atk</em><br>153</span> <span class="col statcol"><em>Def</em><br>100</span> <span class="col statcol"><em>SpA</em><br>100</span> <span class="col statcol"><em>SpD</em><br>70</span> <span class="col statcol"><em>Spe</em><br>110</span> </span></li><li style="clear: both"></li></ul></div><div class="spacer battle-history"><br></div><div class="battle-history">Samurott used <strong>Sacred Sword</strong>!<br></div><div class="battle-history"><small>(The opposing Sawsbuck lost 44% of its health!)</small><br></div><div class="spacer battle-history"><br></div><div class="battle-history">The opposing Sawsbuck fainted!<br></div><div class="spacer battle-history"><br></div><div class="battle-history"><small>(The sunlight is strong.)</small><br></div><div class="chat"><small> Gravity Monkey joined</small></div><div class="spacer battle-history"><br></div><div class="battle-history">Mossy Sandwich sent out <strong>Charizard</strong>!<br></div><div class="spacer battle-history"><br></div><h2 class="battle-history">Turn 14</h2><div class="spacer battle-history"><br></div><div class="battle-history">Samurott, come back!<br></div><div class="battle-history">Go! <strong>Zapdos</strong>!<br></div><div class="spacer battle-history"><br></div><div class="battle-history">Mossy Sandwich withdrew Charizard!<br></div><div class="battle-history">Mossy Sandwich sent out Landorus (<strong>Landorus-Therian</strong>)!<br></div><div class="battle-history">[The opposing Landorus's Intimidate]<br></div><div class="battle-history"><small>Zapdos's Attack fell!</small><br></div><div class="spacer battle-history"><br></div><div class="battle-history"><small>(The sunlight is strong.)</small><br></div><div class="spacer battle-history"><br></div><h2 class="battle-history">Turn 15</h2><div class="spacer battle-history"><br></div><div class="battle-history">Zapdos, come back!<br></div><div class="battle-history">Go! Samurott (<strong>Samurott-Mega</strong>)!<br></div><div class="spacer battle-history"><br></div><div class="battle-history">The opposing Landorus used <strong>U-turn</strong>!<br></div><div class="battle-history"><small>(Samurott lost 22% of its health!)</small><br></div><div class="spacer battle-history"><br></div><div class="battle-history">The opposing Landorus went back to Mossy Sandwich!<br></div><div class="battle-history">Mossy Sandwich sent out <strong>Tapu Fini</strong>!<br></div><div class="battle-history">[The opposing Tapu Fini's Misty Surge]<br><small>Mist swirled around the battlefield!</small><br></div><div class="spacer battle-history"><br></div><div class="battle-history"><small>(The sunlight is strong.)</small><br></div><div class="spacer battle-history"><br></div><h2 class="battle-history">Turn 16</h2><div class="spacer battle-history"><br></div><div class="battle-history">Samurott, come back!<br></div><div class="battle-history">Go! <strong>Rillaboom</strong>!<br></div><div class="battle-history">[Rillaboom's Grassy Surge]<br><small>Grass grew to cover the battlefield!</small><br></div><div class="spacer battle-history"><br></div><div class="battle-history">The opposing Tapu Fini used <strong>Knock Off</strong>!<br></div><div class="battle-history"><small>(Rillaboom lost 19% of its health!)</small><br></div><div class="battle-history"><small>The opposing Tapu Fini knocked off Rillaboom's Choice Band!</small><br></div><div class="spacer battle-history"><br></div><div class="battle-history"><small>(The sunlight is strong.)</small><br></div><div class="battle-history"><small>Rillaboom's HP was restored.</small><br></div><div class="spacer battle-history"><br></div><h2 class="battle-history">Turn 17</h2><div class="spacer battle-history"><br></div><div class="battle-history">Mossy Sandwich withdrew Tapu Fini!<br></div><div class="battle-history">Mossy Sandwich sent out Landorus (<strong>Landorus-Therian</strong>)!<br></div><div class="battle-history">[The opposing Landorus's Intimidate]<br></div><div class="battle-history"><small>Rillaboom's Attack fell!</small><br></div><div class="spacer battle-history"><br></div><div class="battle-history">Rillaboom used <strong>Knock Off</strong>!<br></div><div class="battle-history"><small>(The opposing Landorus lost 16% of its health!)</small><br></div><div class="battle-history"><small>Rillaboom was hurt by the Rocky Helmet!</small><br></div><div class="battle-history"><small>Rillaboom knocked off the opposing Landorus's Rocky Helmet!</small><br></div><div class="spacer battle-history"><br></div><div class="battle-history"><small>The harsh sunlight faded.</small><br></div><div class="battle-history"><small>Rillaboom's HP was restored.</small><br></div><div class="spacer battle-history"><br></div><h2 class="battle-history">Turn 18</h2><div class="spacer battle-history"><br></div><div class="battle-history">Mossy Sandwich withdrew Landorus!<br></div><div class="battle-history">Mossy Sandwich sent out <strong>Torkoal</strong>!<br></div><div class="battle-history">[The opposing Torkoal's Drought]<br><small>The sunlight turned harsh!</small><br></div><div class="spacer battle-history"><br></div><div class="battle-history">Rillaboom used <strong>Wood Hammer</strong>!<br></div><div class="battle-history"><small>It's not very effective...</small><br></div><div class="battle-history"><small>(The opposing Torkoal lost 16% of its health!)</small><br></div><div class="battle-history"><small>Rillaboom was damaged by the recoil!</small><br></div><div class="spacer battle-history"><br></div><div class="battle-history"><small>(The sunlight is strong.)</small><br></div><div class="battle-history"><small>Rillaboom's HP was restored.</small><br></div><div class="battle-history"><small>The opposing Torkoal's HP was restored.</small><br></div><div class="spacer battle-history"><br></div><h2 class="battle-history">Turn 19</h2><div class="spacer battle-history"><br></div><div class="battle-history">Rillaboom used <strong>U-turn</strong>!<br></div><div class="battle-history"><small>It's not very effective...</small><br></div><div class="battle-history"><small>(The opposing Torkoal lost 5% of its health!)</small><br></div><div class="spacer battle-history"><br></div><div class="battle-history">Rillaboom went back to BlaueBrause!<br></div><div class="battle-history">Go! <strong>Nidoqueen</strong>!<br></div><div class="spacer battle-history"><br></div><div class="battle-history">The opposing Torkoal used <strong>Will-O-Wisp</strong>!<br></div><div class="battle-history"><small>Nidoqueen was burned!</small><br></div><div class="spacer battle-history"><br></div><div class="battle-history"><small>(The sunlight is strong.)</small><br></div><div class="battle-history"><small>Nidoqueen's HP was restored.</small><br></div><div class="battle-history"><small>The opposing Torkoal's HP was restored.</small><br></div><div class="battle-history"><small>Nidoqueen was hurt by its burn!</small><br></div><div class="spacer battle-history"><br></div><h2 class="battle-history">Turn 20</h2><div class="spacer battle-history"><br></div><div class="battle-history">Nidoqueen used <strong>Sludge Bomb</strong>!<br></div><div class="battle-history"><small>(The opposing Torkoal lost 49% of its health!)</small><br></div><div class="spacer battle-history"><br></div><div class="battle-history">The opposing Torkoal fainted!<br></div><div class="spacer battle-history"><br></div><div class="battle-history"><small>(The sunlight is strong.)</small><br></div><div class="battle-history"><small>Nidoqueen's HP was restored.</small><br></div><div class="battle-history"><small>The grass disappeared from the battlefield.</small><br></div><div class="battle-history"><small>Nidoqueen was hurt by its burn!</small><br></div><div class="spacer battle-history"><br></div><div class="battle-history">Mossy Sandwich sent out <strong>Cinderace</strong>!<br></div><div class="spacer battle-history"><br></div><h2 class="battle-history">Turn 21</h2><div class="chat chatmessage-gravitymonkey"><strong style="color:#a3742e"><small> </small><span class="username" data-name="Gravity Monkey">Gravity Monkey</span>:</strong> <em>sludge bomb over sludge wave?</em></div><div class="chat chatmessage-blauebrause"><strong style="color:#6b66e4"><small>☆</small><span class="username" data-name="BlaueBrause">BlaueBrause</span>:</strong> <em>build it very fast</em></div><div class="chat chatmessage-gravitymonkey"><strong style="color:#a3742e"><small> </small><span class="username" data-name="Gravity Monkey">Gravity Monkey</span>:</strong> <em>fair</em></div><div class="chat chatmessage-blauebrause"><strong style="color:#6b66e4"><small>☆</small><span class="username" data-name="BlaueBrause">BlaueBrause</span>:</strong> <em>so didn't pay attention to it</em></div><div class="spacer battle-history"><br></div><div class="battle-history">Nidoqueen, come back!<br></div><div class="battle-history">Go! <strong>Zapdos</strong>!<br></div><div class="battle-history"><small>The opposing Cinderace surrounded itself with its Z-Power!</small><br></div><div class="spacer battle-history"><br></div><div class="battle-history"><small>The opposing Cinderace unleashes its full-force Z-Move!</small><br>The opposing Cinderace used <strong>Inferno Overdrive</strong>!<br></div><div class="battle-history"><small>(Zapdos lost 10% of its health!)</small><br></div><div class="spacer battle-history"><br></div><div class="battle-history">Zapdos fainted!<br></div><div class="spacer battle-history"><br></div><div class="battle-history"><small>(The sunlight is strong.)</small><br></div><div class="spacer battle-history"><br></div><div class="battle-history">Go! <strong>Nidoqueen</strong>!<br></div><div class="spacer battle-history"><br></div><h2 class="battle-history">Turn 22</h2><div class="spacer battle-history"><br></div><div class="battle-history">The opposing Cinderace used <strong>Pyro Ball</strong>!<br></div><div class="battle-history"><small>(Nidoqueen lost 82% of its health!)</small><br></div><div class="spacer battle-history"><br></div><div class="battle-history">Nidoqueen used <strong>Sludge Bomb</strong>!<br></div><div class="battle-history"><small>(The opposing Cinderace lost 72% of its health!)</small><br></div><div class="spacer battle-history"><br></div><div class="battle-history"><small>(The sunlight is strong.)</small><br></div><div class="battle-history"><small>Nidoqueen was hurt by its burn!</small><br></div><div class="spacer battle-history"><br></div><h2 class="battle-history">Turn 23</h2><div class="spacer battle-history"><br></div><div class="battle-history">The opposing Cinderace used <strong>Pyro Ball</strong>!<br></div><div class="battle-history"><small>(Nidoqueen lost 1% of its health!)</small><br></div><div class="spacer battle-history"><br></div><div class="battle-history">Nidoqueen fainted!<br></div><div class="spacer battle-history"><br></div><div class="battle-history"><small>(The sunlight is strong.)</small><br></div><div class="spacer battle-history"><br></div><div class="battle-history">Go! <strong>Cinderace</strong>!<br></div><div class="spacer battle-history"><br></div><h2 class="battle-history">Turn 24</h2><div class="spacer battle-history"><br></div><div class="battle-history">Mossy Sandwich withdrew Cinderace!<br></div><div class="battle-history">Mossy Sandwich sent out <strong>Tapu Fini</strong>!<br></div><div class="battle-history">[The opposing Tapu Fini's Misty Surge]<br><small>Mist swirled around the battlefield!</small><br></div><div class="spacer battle-history"><br></div><div class="battle-history">Cinderace used <strong>Pyro Ball</strong>!<br></div><div class="battle-history"><small>It's not very effective...</small><br></div><div class="battle-history"><small>(The opposing Tapu Fini lost 37% of its health!)</small><br></div><div class="spacer battle-history"><br></div><div class="battle-history"><small>(The sunlight is strong.)</small><br></div><div class="battle-history"><small>The opposing Tapu Fini restored a little HP using its Leftovers!</small><br></div><div class="spacer battle-history"><br></div><h2 class="battle-history">Turn 25</h2><div class="spacer battle-history"><br></div><div class="battle-history">Cinderace used <strong>U-turn</strong>!<br></div><div class="battle-history">[Cinderace's Libero]<br><small>Cinderace's type changed to Bug!</small><br></div><div class="battle-history"><small>It's not very effective...</small><br></div><div class="battle-history"><small>(The opposing Tapu Fini lost 15% of its health!)</small><br></div><div class="spacer battle-history"><br></div><div class="battle-history">Cinderace went back to BlaueBrause!<br></div><div class="battle-history">Go! <strong>Rillaboom</strong>!<br></div><div class="battle-history">[Rillaboom's Grassy Surge]<br><small>Grass grew to cover the battlefield!</small><br></div><div class="spacer battle-history"><br></div><div class="battle-history">The opposing Tapu Fini used <strong>Moonblast</strong>!<br></div><div class="battle-history"><small>(Rillaboom lost 39% of its health!)</small><br></div><div class="battle-history"><small>Rillaboom's Sp. Atk fell!</small><br></div><div class="spacer battle-history"><br></div><div class="battle-history"><small>The harsh sunlight faded.</small><br></div><div class="battle-history"><small>Rillaboom's HP was restored.</small><br></div><div class="battle-history"><small>The opposing Tapu Fini restored a little HP using its Leftovers!</small><br></div><div class="battle-history"><small>The opposing Tapu Fini's HP was restored.</small><br></div><div class="spacer battle-history"><br></div><h2 class="battle-history">Turn 26</h2><div class="spacer battle-history"><br></div><div class="battle-history">Mossy Sandwich withdrew Tapu Fini!<br></div><div class="battle-history">Mossy Sandwich sent out Landorus (<strong>Landorus-Therian</strong>)!<br></div><div class="battle-history">[The opposing Landorus's Intimidate]<br></div><div class="battle-history"><small>Rillaboom's Attack fell!</small><br></div><div class="spacer battle-history"><br></div><div class="battle-history">Rillaboom used <strong>Wood Hammer</strong>!<br></div><div class="battle-history"><small>(The opposing Landorus lost 28% of its health!)</small><br></div><div class="battle-history"><small>Rillaboom was damaged by the recoil!</small><br></div><div class="spacer battle-history"><br></div><div class="battle-history">The opposing Landorus fainted!<br></div><div class="spacer battle-history"><br></div><div class="battle-history"><small>Rillaboom's HP was restored.</small><br></div><div class="spacer battle-history"><br></div><div class="battle-history">Mossy Sandwich sent out <strong>Cinderace</strong>!<br></div><div class="spacer battle-history"><br></div><h2 class="battle-history">Turn 27</h2><div class="spacer battle-history"><br></div><div class="battle-history">Rillaboom used <strong>Grassy Glide</strong>!<br></div><div class="battle-history"><small>It's not very effective...</small><br></div><div class="battle-history"><small>(The opposing Cinderace lost 25% of its health!)</small><br></div><div class="spacer battle-history"><br></div><div class="battle-history">The opposing Cinderace used <strong>U-turn</strong>!<br></div><div class="battle-history">[The opposing Cinderace's Libero]<br><small>The opposing Cinderace's type changed to Bug!</small><br></div><div class="battle-history"><small>It's super effective!</small><br></div><div class="battle-history"><small>(Rillaboom lost 41% of its health!)</small><br></div><div class="spacer battle-history"><br></div><div class="battle-history">Rillaboom fainted!<br></div><div class="spacer battle-history"><br></div><div class="battle-history">The opposing Cinderace went back to Mossy Sandwich!<br></div><div class="battle-history">Mossy Sandwich sent out <strong>Tapu Fini</strong>!<br></div><div class="battle-history">[The opposing Tapu Fini's Misty Surge]<br><small>Mist swirled around the battlefield!</small><br></div><div class="spacer battle-history"><br></div><div class="battle-history"><small>The opposing Tapu Fini restored a little HP using its Leftovers!</small><br></div><div class="spacer battle-history"><br></div><div class="battle-history">Go! Samurott (<strong>Samurott-Mega</strong>)!<br></div><div class="spacer battle-history"><br></div><h2 class="battle-history">Turn 28</h2><div class="spacer battle-history"><br></div><div class="battle-history">Samurott used <strong>Swords Dance</strong>!<br></div><div class="battle-history"><small>Samurott's Attack rose sharply!</small><br></div><div class="spacer battle-history"><br></div><div class="battle-history">The opposing Tapu Fini used <strong>Moonblast</strong>!<br></div><div class="battle-history"><small>(Samurott lost 40% of its health!)</small><br></div><div class="spacer battle-history"><br></div><div class="battle-history"><small>The opposing Tapu Fini restored a little HP using its Leftovers!</small><br></div><div class="spacer battle-history"><br></div><h2 class="battle-history">Turn 29</h2><div class="spacer battle-history"><br></div><div class="battle-history">Samurott used <strong>Slack Off</strong>!<br></div><div class="battle-history"><small>Samurott had its HP restored.</small><br></div><div class="spacer battle-history"><br></div><div class="battle-history">The opposing Tapu Fini used <strong>Moonblast</strong>!<br></div><div class="battle-history"><small>(Samurott lost 41% of its health!)</small><br></div><div class="battle-history"><small>Samurott's Sp. Atk fell!</small><br></div><div class="spacer battle-history"><br></div><div class="battle-history"><small>The opposing Tapu Fini restored a little HP using its Leftovers!</small><br></div><div class="spacer battle-history"><br></div><h2 class="battle-history">Turn 30</h2><div class="spacer battle-history"><br></div><div class="battle-history">Samurott used <strong>Razor Shell</strong>!<br></div><div class="battle-history"><small>It's not very effective...</small><br></div><div class="battle-history"><small>(The opposing Tapu Fini lost 40% of its health!)</small><br></div><div class="battle-history">[Samurott's Heavenly Techniques]<br></div><div class="battle-history"><small>Samurott's Defense rose!</small><br></div><div class="battle-history"><small>The opposing Tapu Fini's Defense fell!</small><br></div><div class="spacer battle-history"><br></div><div class="battle-history">The opposing Tapu Fini used <strong>Taunt</strong>!<br></div><div class="battle-history"><small>Samurott fell for the taunt!</small><br></div><div class="spacer battle-history"><br></div><div class="battle-history"><small>The opposing Tapu Fini restored a little HP using its Leftovers!</small><br></div><div class="spacer battle-history"><br></div><h2 class="battle-history">Turn 31</h2><div class="spacer battle-history"><br></div><div class="battle-history">Samurott used <strong>Razor Shell</strong>!<br></div><div class="battle-history"><small>It's not very effective...</small><br></div><div class="battle-history"><small>(The opposing Tapu Fini lost 51% of its health!)</small><br></div><div class="battle-history">[Samurott's Heavenly Techniques]<br></div><div class="battle-history"><small>Samurott's Defense rose!</small><br></div><div class="spacer battle-history"><br></div><div class="battle-history">The opposing Tapu Fini fainted!<br></div><div class="spacer battle-history"><br></div><div class="battle-history"><small>The mist disappeared from the battlefield.</small><br></div><div class="spacer battle-history"><br></div><div class="battle-history">Mossy Sandwich sent out <strong>Cinderace</strong>!<br></div><div class="spacer battle-history"><br></div><h2 class="battle-history">Turn 32</h2><div class="spacer battle-history"><br></div><div class="battle-history">The opposing Cinderace used <strong>U-turn</strong>!<br></div><div class="battle-history">[The opposing Cinderace's Libero]<br><small>The opposing Cinderace's type changed to Bug!</small><br></div><div class="battle-history"><small>(Samurott lost 19% of its health!)</small><br></div><div class="spacer battle-history"><br></div><div class="battle-history">The opposing Cinderace went back to Mossy Sandwich!<br></div><div class="battle-history">Mossy Sandwich sent out <strong>Charizard</strong>!<br></div><div class="spacer battle-history"><br></div><div class="battle-history">Samurott used <strong>Sacred Sword</strong>!<br></div><div class="battle-history"><small>It's not very effective...</small><br></div><div class="battle-history"><small>A critical hit!</small><br></div><div class="battle-history"><small>(The opposing Charizard lost 63% of its health!)</small><br></div><div class="spacer battle-history"><br></div><div class="battle-history">The opposing Charizard fainted!<br></div><div class="spacer battle-history"><br></div><div class="battle-history">Mossy Sandwich sent out <strong>Cinderace</strong>!<br></div><div class="spacer battle-history"><br></div><h2 class="battle-history">Turn 33</h2><div class="spacer battle-history"><br></div><div class="battle-history">The opposing Cinderace used <strong>Zen Headbutt</strong>!<br></div><div class="battle-history">[The opposing Cinderace's Libero]<br><small>The opposing Cinderace's type changed to Psychic!</small><br></div><div class="battle-history"><small>(Samurott lost 21% of its health!)</small><br></div><div class="spacer battle-history"><br></div><div class="battle-history">Samurott used <strong>Sacred Sword</strong>!<br></div><div class="battle-history"><small>It's not very effective...</small><br></div><div class="battle-history"><small>A critical hit!</small><br></div><div class="battle-history"><small>(The opposing Cinderace lost 3% of its health!)</small><br></div><div class="spacer battle-history"><br></div><div class="battle-history">The opposing Cinderace fainted!<br></div><div class="spacer battle-history"><br></div><div class="battle-history"><strong>BlaueBrause</strong> won the battle!<br></div><div class="chat chatmessage-mossysandwich"><strong style="color:#ba49a2"><small>☆</small><span class="username" data-name="Mossy Sandwich">Mossy Sandwich</span>:</strong> <em>gg</em></div><div class="chat chatmessage-blauebrause"><strong style="color:#6b66e4"><small>☆</small><span class="username" data-name="BlaueBrause">BlaueBrause</span>:</strong> <em>gg</em></div><div class="chat chatmessage-blauebrause"><strong style="color:#6b66e4"><small>☆</small><span class="username" data-name="BlaueBrause">BlaueBrause</span>:</strong> <em>another one?</em></div><div class="chat"><small>☆Mossy Sandwich, ☆BlaueBrause, and  Gravity Monkey left</small></div><div class="chat chatmessage-h2opulse"><strong style="color:#6e8c2b"><small> </small><span class="username" data-name="H2OPulse">H2OPulse</span>:</strong> <em>Man Mega Samurott is so cool actually</em></div><div class="chat chatmessage-h2opulse"><strong style="color:#6e8c2b"><small> </small><span class="username" data-name="H2OPulse">H2OPulse</span>:</strong> <em>This is not news to anyone but</em></div><div class="chat chatmessage-h2opulse"><strong style="color:#6e8c2b"><small> </small><span class="username" data-name="H2OPulse">H2OPulse</span>:</strong> <em>respect</em></div></div><div class="inner-preempt message-log"></div></div></div>
</div>
<script>
let daily = Math.floor(Date.now()/1000/60/60/24);document.write('<script src="https://dragonheaven.herokuapp.com/js/replay-embed.js?version'+daily+'"></'+'script>');
</script>
