<!DOCTYPE html>
<meta charset="utf-8" />
<!-- version 1 -->
<title>[Gen 8] M4A Monotype replay: CCMegaFlareon vs. okispokisSUB</title>
<style>
html,body {font-family:Verdana, sans-serif;font-size:10pt;margin:0;padding:0;}body{padding:12px 0;} .battle-log {font-family:Verdana, sans-serif;font-size:10pt;} .battle-log-inline {border:1px solid #AAAAAA;background:#EEF2F5;color:black;max-width:640px;margin:0 auto 80px;padding-bottom:5px;} .battle-log .inner {padding:4px 8px 0px 8px;} .battle-log .inner-preempt {padding:0 8px 4px 8px;} .battle-log .inner-after {margin-top:0.5em;} .battle-log h2 {margin:0.5em -8px;padding:4px 8px;border:1px solid #AAAAAA;background:#E0E7EA;border-left:0;border-right:0;font-family:Verdana, sans-serif;font-size:13pt;} .battle-log .chat {vertical-align:middle;padding:3px 0 3px 0;font-size:8pt;} .battle-log .chat strong {color:#40576A;} .battle-log .chat em {padding:1px 4px 1px 3px;color:#000000;font-style:normal;} .chat.mine {background:rgba(0,0,0,0.05);margin-left:-8px;margin-right:-8px;padding-left:8px;padding-right:8px;} .spoiler {color:#BBBBBB;background:#BBBBBB;padding:0px 3px;} .spoiler:hover, .spoiler:active, .spoiler-shown {color:#000000;background:#E2E2E2;padding:0px 3px;} .spoiler a {color:#BBBBBB;} .spoiler:hover a, .spoiler:active a, .spoiler-shown a {color:#2288CC;} .chat code, .chat .spoiler:hover code, .chat .spoiler:active code, .chat .spoiler-shown code {border:1px solid #C0C0C0;background:#EEEEEE;color:black;padding:0 2px;} .chat .spoiler code {border:1px solid #CCCCCC;background:#CCCCCC;color:#CCCCCC;} .battle-log .rated {padding:3px 4px;} .battle-log .rated strong {color:white;background:#89A;padding:1px 4px;border-radius:4px;} .spacer {margin-top:0.5em;} .message-announce {background:#6688AA;color:white;padding:1px 4px 2px;} .message-announce a, .broadcast-green a, .broadcast-blue a, .broadcast-red a {color:#DDEEFF;} .broadcast-green {background-color:#559955;color:white;padding:2px 4px;} .broadcast-blue {background-color:#6688AA;color:white;padding:2px 4px;} .infobox {border:1px solid #6688AA;padding:2px 4px;} .infobox-limited {max-height:200px;overflow:auto;overflow-x:hidden;} .broadcast-red {background-color:#AA5544;color:white;padding:2px 4px;} .message-learn-canlearn {font-weight:bold;color:#228822;text-decoration:underline;} .message-learn-cannotlearn {font-weight:bold;color:#CC2222;text-decoration:underline;} .message-effect-weak {font-weight:bold;color:#CC2222;} .message-effect-resist {font-weight:bold;color:#6688AA;} .message-effect-immune {font-weight:bold;color:#666666;} .message-learn-list {margin-top:0;margin-bottom:0;} .message-throttle-notice, .message-error {color:#992222;} .message-overflow, .chat small.message-overflow {font-size:0pt;} .message-overflow::before {font-size:9pt;content:'...';} .subtle {color:#3A4A66;}
</style>
<div class="wrapper replay-wrapper" style="max-width:1180px;margin:0 auto">
<input type="hidden" name="replayid" value="dragonheaven-gen8m4amonotype-895" />
<div class="battle"></div><div class="battle-log"></div><div class="replay-controls"></div><div class="replay-controls-2"></div>
<h1 style="font-weight:normal;text-align:center"><strong>[Gen 8] M4A Monotype</strong><br /><a href="http://pokemonshowdown.com/users/ccmegaflareon" class="subtle" target="_blank">CCMegaFlareon</a> vs. <a href="http://pokemonshowdown.com/users/okispokissub" class="subtle" target="_blank">okispokisSUB</a></h1>
<script type="text/plain" class="battle-log-data">|j|☆CCMegaFlareon

|j|☆okispokisSUB
|t:|1609277113
|player|p1|CCMegaFlareon|giovanni|
|player|p2|okispokisSUB|2|
|teamsize|p1|6
|teamsize|p2|6
|gametype|singles
|gen|8
|tier|[Gen 8] M4A Monotype
|rule|Same Type Clause: Pokémon in a team must share a type
|clearpoke
|poke|p1|Weezing-Galar, M|
|poke|p1|Toxapex, F|
|poke|p1|Amoonguss, F|
|poke|p1|Skuntank, F|
|poke|p1|Nidoqueen, F|
|poke|p1|Nidoking, M|
|poke|p2|Tapu Koko|
|poke|p2|Raichu-Alola, F|
|poke|p2|Eelektross, M|
|poke|p2|Zeraora|
|poke|p2|Zapdos|
|poke|p2|Golem-Alola, M|
|rule|HP Percentage Mod: HP is shown in percentages
|rule|Endless Battle Clause: Forcing endless battles is banned
|rule|OHKO Clause: OHKO moves are banned
|rule|Evasion Moves Clause: Evasion moves are banned
|rule|Species Clause: Limit one of each Pokémon
|rule|Dynamax Clause: You cannot dynamax
|rule|Sleep Clause Mod: Limit one foe put to sleep
|rule|Freeze Clause Mod: Limit one foe frozen
|teampreview
|inactive|Battle timer is ON: inactive players will automatically lose when time's up. (requested by okispokisSUB)
|inactive|Time left: 300 sec this turn | 300 sec total | 60 sec grace
|inactiveoff|Battle timer is now OFF.
|
|t:|1609277136
|start
|switch|p1a: Nidoqueen|Nidoqueen, F|383\/383
|switch|p2a: Best Beard|Golem-Alola, M|100\/100
|-item|p2a: Best Beard|Air Balloon
|turn|1
|j| BlaueBrause
|
|t:|1609277147
|detailschange|p1a: Nidoqueen|Nidoqueen-Mega, F
|-mega|p1a: Nidoqueen|Nidoqueen|Nidoqueenite
|-start|p1a: Nidoqueen|typechange|Poison\/Ground|[silent]
|raw|<ul class="utilichart"><li class="result"><span class="col pokemonnamecol" style="white-space: nowrap">Nidoqueen-Mega<\/span> <span class="col typecol"><img src="https:\/\/play.pokemonshowdown.com\/sprites\/types\/Poison.png" alt="Poison" height="14" width="32"><img src="https:\/\/play.pokemonshowdown.com\/sprites\/types\/Ground.png" alt="Ground" height="14" width="32"><\/span> <span style="float: left ; min-height: 26px"><span class="col abilitycol">Stamina<\/span><span class="col abilitycol"><\/span><\/span><span style="float: left ; min-height: 26px"><span class="col statcol"><em>HP<\/em><br>90<\/span> <span class="col statcol"><em>Atk<\/em><br>122<\/span> <span class="col statcol"><em>Def<\/em><br>127<\/span> <span class="col statcol"><em>SpA<\/em><br>75<\/span> <span class="col statcol"><em>SpD<\/em><br>115<\/span> <span class="col statcol"><em>Spe<\/em><br>76<\/span> <\/span><\/li><li style="clear: both"><\/li><\/ul>
|move|p1a: Nidoqueen|Stealth Rock|p2a: Best Beard
|-sidestart|p2: okispokisSUB|move: Stealth Rock
|move|p2a: Best Beard|Stealth Rock|p1a: Nidoqueen
|-sidestart|p1: CCMegaFlareon|move: Stealth Rock
|
|upkeep
|turn|2
|
|t:|1609277153
|move|p1a: Nidoqueen|Body Press|p2a: Best Beard
|-supereffective|p2a: Best Beard
|-damage|p2a: Best Beard|57\/100
|-enditem|p2a: Best Beard|Air Balloon
|move|p2a: Best Beard|Earthquake|p1a: Nidoqueen
|-supereffective|p1a: Nidoqueen
|-damage|p1a: Nidoqueen|239\/383
|-ability|p1a: Nidoqueen|Stamina|boost
|-boost|p1a: Nidoqueen|def|1
|
|upkeep
|turn|3
|
|t:|1609277172
|switch|p2a: Birb|Zapdos|100\/100
|move|p1a: Nidoqueen|Milk Drink|p1a: Nidoqueen
|-heal|p1a: Nidoqueen|383\/383
|
|upkeep
|turn|4
|
|t:|1609277190
|switch|p2a: set-up guy|Tapu Koko, shiny|100\/100
|-damage|p2a: set-up guy|88\/100|[from] Stealth Rock
|-fieldstart|move: Electric Terrain|[from] ability: Electric Surge|[of] p2a: set-up guy
|switch|p1a: Weezing|Weezing-Galar, M|334\/334
|-damage|p1a: Weezing|293\/334|[from] Stealth Rock
|
|-heal|p1a: Weezing|313\/334|[from] item: Black Sludge
|upkeep
|turn|5
|
|t:|1609277213
|switch|p1a: Nidoqueen|Nidoqueen-Mega, F|383\/383
|-start|p1a: Nidoqueen|typechange|Poison\/Ground|[silent]
|-damage|p1a: Nidoqueen|360\/383|[from] Stealth Rock
|move|p2a: set-up guy|Volt Switch|p1a: Nidoqueen
|-immune|p1a: Nidoqueen
|
|upkeep
|turn|6
|j| Coppersmith
|inactive|Battle timer is ON: inactive players will automatically lose when time's up. (requested by okispokisSUB)
|inactive|Time left: 300 sec this turn | 300 sec total
|inactiveoff|Battle timer is now OFF.
|
|t:|1609277245
|switch|p2a: Not Eelin' It|Eelektross, M|100\/100
|-damage|p2a: Not Eelin' It|88\/100|[from] Stealth Rock
|switch|p1a: Toxapex|Toxapex, F|304\/304
|-damage|p1a: Toxapex|266\/304|[from] Stealth Rock
|
|-heal|p1a: Toxapex|285\/304|[from] item: Black Sludge
|upkeep
|turn|7
|j| ViZarPKMN
|
|t:|1609277256
|move|p2a: Not Eelin' It|U-turn|p1a: Toxapex
|-resisted|p1a: Toxapex
|-damage|p1a: Toxapex|265\/304
|
|t:|1609277272
|switch|p2a: Best Beard|Golem-Alola, M|57\/100|[from]move: U-turn
|-damage|p2a: Best Beard|45\/100|[from] Stealth Rock
|move|p1a: Toxapex|Toxic|p2a: Best Beard
|-status|p2a: Best Beard|tox
|
|-heal|p1a: Toxapex|284\/304|[from] item: Black Sludge
|-damage|p2a: Best Beard|39\/100 tox|[from] psn
|upkeep
|turn|8
|
|t:|1609277287
|switch|p1a: Weezing|Weezing-Galar, M|313\/334
|-damage|p1a: Weezing|272\/334|[from] Stealth Rock
|move|p2a: Best Beard|Earthquake|p1a: Weezing
|-immune|p1a: Weezing|[from] ability: Levitate
|
|-heal|p1a: Weezing|292\/334|[from] item: Black Sludge
|-damage|p2a: Best Beard|27\/100 tox|[from] psn
|-fieldend|move: Electric Terrain
|upkeep
|turn|9
|
|t:|1609277303
|move|p1a: Weezing|Strange Steam|p2a: Best Beard
|-damage|p2a: Best Beard|0 fnt
|faint|p2a: Best Beard
|
|-heal|p1a: Weezing|312\/334|[from] item: Black Sludge
|upkeep
|
|t:|1609277310
|switch|p2a: set-up guy|Tapu Koko, shiny|88\/100
|-damage|p2a: set-up guy|76\/100|[from] Stealth Rock
|-fieldstart|move: Electric Terrain|[from] ability: Electric Surge|[of] p2a: set-up guy
|turn|10
|c| Coppersmith|best beard
|
|t:|1609277317
|switch|p2a: S'up.|Raichu-Alola, F|100\/100
|-damage|p2a: S'up.|88\/100|[from] Stealth Rock
|switch|p1a: Nidoqueen|Nidoqueen-Mega, F|360\/383
|-damage|p1a: Nidoqueen|337\/383|[from] Stealth Rock
|-start|p1a: Nidoqueen|typechange|Poison\/Ground|[silent]
|
|upkeep
|turn|11
|
|t:|1609277328
|switch|p1a: Skuntank|Skuntank, F|410\/410
|-damage|p1a: Skuntank|359\/410|[from] Stealth Rock
|move|p2a: S'up.|Psychic|p1a: Skuntank
|-immune|p1a: Skuntank
|
|-heal|p1a: Skuntank|384\/410|[from] item: Black Sludge
|upkeep
|turn|12
|
|t:|1609277350
|switch|p2a: ThunderCat|Zeraora|100\/100
|-damage|p2a: ThunderCat|88\/100|[from] Stealth Rock
|move|p1a: Skuntank|Sucker Punch||[still]
|-fail|p1a: Skuntank
|
|-heal|p1a: Skuntank|409\/410|[from] item: Black Sludge
|upkeep
|turn|13
|
|t:|1609277361
|switch|p1a: Nidoqueen|Nidoqueen-Mega, F|337\/383
|-damage|p1a: Nidoqueen|314\/383|[from] Stealth Rock
|-start|p1a: Nidoqueen|typechange|Poison\/Ground|[silent]
|move|p2a: ThunderCat|Knock Off|p1a: Nidoqueen
|-damage|p1a: Nidoqueen|254\/383
|-ability|p1a: Nidoqueen|Stamina|boost
|-boost|p1a: Nidoqueen|def|1
|
|upkeep
|turn|14
|
|t:|1609277377
|switch|p2a: Birb|Zapdos|100\/100
|move|p1a: Nidoqueen|Milk Drink|p1a: Nidoqueen
|-heal|p1a: Nidoqueen|383\/383
|
|-fieldend|move: Electric Terrain
|upkeep
|turn|15
|
|t:|1609277403
|switch|p1a: Weezing|Weezing-Galar, M|312\/334
|-damage|p1a: Weezing|271\/334|[from] Stealth Rock
|move|p2a: Birb|Defog|p1a: Weezing
|-unboost|p1a: Weezing|evasion|1
|-sideend|p1: CCMegaFlareon|Stealth Rock|[from] move: Defog|[of] p2a: Birb
|-sideend|p2: okispokisSUB|Stealth Rock|[from] move: Defog|[of] p2a: Birb
|
|-heal|p1a: Weezing|291\/334|[from] item: Black Sludge
|upkeep
|turn|16
|
|t:|1609277413
|move|p2a: Birb|Discharge|p1a: Weezing
|-damage|p1a: Weezing|150\/334
|move|p1a: Weezing|Corrosive Gas|p2a: Birb
|-enditem|p2a: Birb|Heavy-Duty Boots|[from] move: Corrosive Gas|[of] p1a: Weezing
|
|-heal|p1a: Weezing|170\/334|[from] item: Black Sludge
|upkeep
|turn|17
|
|t:|1609277423
|move|p2a: Birb|Discharge|p1a: Weezing
|-damage|p1a: Weezing|4\/334
|-status|p1a: Weezing|par
|cant|p1a: Weezing|par
|
|-heal|p1a: Weezing|24\/334 par|[from] item: Black Sludge
|upkeep
|turn|18
|
|t:|1609277431
|move|p2a: Birb|Discharge|p1a: Weezing
|-damage|p1a: Weezing|0 fnt
|faint|p1a: Weezing
|
|upkeep
|
|t:|1609277436
|switch|p1a: Nidoking|Nidoking, M|303\/303
|turn|19
|
|t:|1609277456
|switch|p2a: set-up guy|Tapu Koko, shiny|76\/100
|-fieldstart|move: Electric Terrain|[from] ability: Electric Surge|[of] p2a: set-up guy
|move|p1a: Nidoking|Ice Beam|p2a: set-up guy
|-damage|p2a: set-up guy|14\/100
|
|upkeep
|turn|20
|
|t:|1609277467
|switch|p1a: Nidoqueen|Nidoqueen-Mega, F|383\/383
|-start|p1a: Nidoqueen|typechange|Poison\/Ground|[silent]
|move|p2a: set-up guy|Hidden Power|p1a: Nidoqueen
|-damage|p1a: Nidoqueen|299\/383
|-ability|p1a: Nidoqueen|Stamina|boost
|-boost|p1a: Nidoqueen|def|1
|
|upkeep
|turn|21
|
|t:|1609277476
|move|p2a: set-up guy|Hidden Power|p1a: Nidoqueen
|-damage|p1a: Nidoqueen|215\/383
|-ability|p1a: Nidoqueen|Stamina|boost
|-boost|p1a: Nidoqueen|def|1
|move|p1a: Nidoqueen|Stealth Rock|p2a: set-up guy
|-sidestart|p2: okispokisSUB|move: Stealth Rock
|
|upkeep
|turn|22
|
|t:|1609277484
|move|p2a: set-up guy|Hidden Power|p1a: Nidoqueen
|-damage|p1a: Nidoqueen|135\/383
|-ability|p1a: Nidoqueen|Stamina|boost
|-boost|p1a: Nidoqueen|def|1
|move|p1a: Nidoqueen|Milk Drink|p1a: Nidoqueen
|-heal|p1a: Nidoqueen|327\/383
|
|upkeep
|turn|23
|
|t:|1609277491
|move|p2a: set-up guy|Hidden Power|p1a: Nidoqueen
|-damage|p1a: Nidoqueen|243\/383
|-ability|p1a: Nidoqueen|Stamina|boost
|-boost|p1a: Nidoqueen|def|1
|move|p1a: Nidoqueen|Body Press|p2a: set-up guy
|-resisted|p2a: set-up guy
|-damage|p2a: set-up guy|0 fnt
|faint|p2a: set-up guy
|
|-fieldend|move: Electric Terrain
|upkeep
|c|☆okispokisSUB|so, builder may have screwed up my HP
|
|t:|1609277522
|switch|p2a: S'up.|Raichu-Alola, F|88\/100
|-damage|p2a: S'up.|76\/100|[from] Stealth Rock
|turn|24
|
|t:|1609277529
|switch|p1a: Skuntank|Skuntank, F|409\/410
|move|p2a: S'up.|Surf|p1a: Skuntank
|-damage|p1a: Skuntank|305\/410
|-damage|p2a: S'up.|66\/100|[from] item: Life Orb
|
|-heal|p1a: Skuntank|330\/410|[from] item: Black Sludge
|upkeep
|turn|25
|c| Coppersmith|was it meant to be ice?
|c|☆okispokisSUB|yes :\/ Somehow ended up as Dragon
|
|t:|1609277564
|switch|p2a: Birb|Zapdos|100\/100
|-damage|p2a: Birb|76\/100|[from] Stealth Rock
|move|p1a: Skuntank|Crunch|p2a: Birb
|-damage|p2a: Birb|51\/100
|
|-heal|p1a: Skuntank|355\/410|[from] item: Black Sludge
|upkeep
|turn|26
|
|t:|1609277583
|move|p2a: Birb|Roost|p2a: Birb
|-heal|p2a: Birb|100\/100
|-singleturn|p2a: Birb|move: Roost
|move|p1a: Skuntank|Poison Jab|p2a: Birb
|-damage|p2a: Birb|74\/100
|-status|p2a: Birb|psn
|-status|p1a: Skuntank|par|[from] ability: Static|[of] p2a: Birb
|
|-heal|p1a: Skuntank|380\/410 par|[from] item: Black Sludge
|-damage|p2a: Birb|62\/100 psn|[from] psn
|upkeep
|turn|27
|
|t:|1609277610
|switch|p1a: Nidoking|Nidoking, M|303\/303
|move|p2a: Birb|Defog|p1a: Nidoking
|-unboost|p1a: Nidoking|evasion|1
|-sideend|p2: okispokisSUB|Stealth Rock|[from] move: Defog|[of] p2a: Birb
|
|-damage|p2a: Birb|49\/100 psn|[from] psn
|upkeep
|turn|28
|
|t:|1609277622
|move|p1a: Nidoking|Ice Beam|p2a: Birb
|-supereffective|p2a: Birb
|-damage|p2a: Birb|0 fnt
|faint|p2a: Birb
|
|upkeep
|
|t:|1609277629
|switch|p2a: S'up.|Raichu-Alola, F|66\/100
|turn|29
|
|t:|1609277634
|switch|p1a: Skuntank|Skuntank, F|380\/410 par
|move|p2a: S'up.|Surf|p1a: Skuntank
|-damage|p1a: Skuntank|273\/410 par
|-damage|p2a: S'up.|56\/100|[from] item: Life Orb
|
|-heal|p1a: Skuntank|298\/410 par|[from] item: Black Sludge
|upkeep
|turn|30
|
|t:|1609277646
|move|p2a: S'up.|Nasty Plot|p2a: S'up.
|-boost|p2a: S'up.|spa|2
|move|p1a: Skuntank|Crunch|p2a: S'up.
|-supereffective|p2a: S'up.
|-damage|p2a: S'up.|0 fnt
|faint|p2a: S'up.
|
|-heal|p1a: Skuntank|323\/410 par|[from] item: Black Sludge
|upkeep
|
|t:|1609277657
|switch|p2a: ThunderCat|Zeraora|88\/100
|turn|31
|
|t:|1609277663
|move|p2a: ThunderCat|Knock Off|p1a: Skuntank
|-resisted|p1a: Skuntank
|-crit|p1a: Skuntank
|-damage|p1a: Skuntank|176\/410 par
|-enditem|p1a: Skuntank|Black Sludge|[from] move: Knock Off|[of] p2a: ThunderCat
|move|p1a: Skuntank|Crunch|p2a: ThunderCat
|-damage|p2a: ThunderCat|51\/100
|
|upkeep
|turn|32
|
|t:|1609277671
|switch|p2a: Not Eelin' It|Eelektross, M|88\/100
|move|p1a: Skuntank|Sucker Punch||[still]
|-fail|p1a: Skuntank
|
|upkeep
|turn|33
|
|t:|1609277681
|detailschange|p2a: Not Eelin' It|Eelektross-Mega, M
|-mega|p2a: Not Eelin' It|Eelektross|Eelektrossite
|-ability|p2a: Not Eelin' It|Luster Swap
|-message|Not Eelin' It can't hit Skuntank super effectively!
|-start|p2a: Not Eelin' It|typechange|Electric|[silent]
|raw|<ul class="utilichart"><li class="result"><span class="col pokemonnamecol" style="white-space: nowrap">Eelektross-Mega<\/span> <span class="col typecol"><img src="https:\/\/play.pokemonshowdown.com\/sprites\/types\/Electric.png" alt="Electric" height="14" width="32"><\/span> <span style="float: left ; min-height: 26px"><span class="col abilitycol">Luster Swap<\/span><span class="col abilitycol"><\/span><\/span><span style="float: left ; min-height: 26px"><span class="col statcol"><em>HP<\/em><br>85<\/span> <span class="col statcol"><em>Atk<\/em><br>125<\/span> <span class="col statcol"><em>Def<\/em><br>100<\/span> <span class="col statcol"><em>SpA<\/em><br>125<\/span> <span class="col statcol"><em>SpD<\/em><br>100<\/span> <span class="col statcol"><em>Spe<\/em><br>80<\/span> <\/span><\/li><li style="clear: both"><\/li><\/ul>
|move|p2a: Not Eelin' It|U-turn|p1a: Skuntank
|-damage|p1a: Skuntank|89\/410 par
|
|t:|1609277686
|switch|p2a: ThunderCat|Zeraora|51\/100|[from]move: U-turn
|move|p1a: Skuntank|Poison Jab|p2a: ThunderCat
|-damage|p2a: ThunderCat|17\/100
|
|upkeep
|turn|34
|
|t:|1609277695
|move|p1a: Skuntank|Sucker Punch|p2a: ThunderCat
|-damage|p2a: ThunderCat|0 fnt
|faint|p2a: ThunderCat
|
|upkeep
|
|t:|1609277699
|switch|p2a: Not Eelin' It|Eelektross-Mega, M|88\/100
|-start|p2a: Not Eelin' It|typechange|Electric|[silent]
|-ability|p2a: Not Eelin' It|Luster Swap
|-message|Not Eelin' It can't hit Skuntank super effectively!
|turn|35
|
|t:|1609277707
|move|p1a: Skuntank|Sucker Punch|p2a: Not Eelin' It
|-damage|p2a: Not Eelin' It|63\/100
|move|p2a: Not Eelin' It|U-turn|p1a: Skuntank
|-damage|p1a: Skuntank|2\/410 par
|
|upkeep
|turn|36
|
|t:|1609277714
|move|p1a: Skuntank|Sucker Punch||[still]
|-fail|p1a: Skuntank
|move|p2a: Not Eelin' It|Recover|p2a: Not Eelin' It
|-heal|p2a: Not Eelin' It|100\/100
|
|upkeep
|turn|37
|c|☆okispokisSUB|what roids has this skunk been taking?
|
|t:|1609277734
|move|p1a: Skuntank|Sucker Punch|p2a: Not Eelin' It
|-damage|p2a: Not Eelin' It|74\/100
|move|p2a: Not Eelin' It|Flamethrower|p1a: Skuntank
|-damage|p1a: Skuntank|0 fnt
|faint|p1a: Skuntank
|
|upkeep
|
|t:|1609277743
|switch|p1a: Nidoking|Nidoking, M|303\/303
|turn|38
|
|t:|1609277747
|move|p1a: Nidoking|Earth Power|p2a: Not Eelin' It
|-supereffective|p2a: Not Eelin' It
|-damage|p2a: Not Eelin' It|0 fnt
|faint|p2a: Not Eelin' It
|
|win|CCMegaFlareon
|c|☆okispokisSUB|gg
|c|☆CCMegaFlareon|gg</script>
</div>
<div class="battle-log battle-log-inline"><div class="inner"><div class="battle-options"><div style="padding-top: 3px; padding-right: 3px; text-align: right"><button class="icon button" name="openBattleOptions" title="Options">Battle Options</button></div></div><div class="inner message-log"><div class="chat"><small>☆CCMegaFlareon and ☆okispokisSUB joined</small></div><div class=""><small>Format:</small> <br><strong>[Gen 8] M4A Monotype</strong></div><div class=""><small><em>Same Type Clause:</em> Pokémon in a team must share a type</small></div><div class=""><small><em>HP Percentage Mod:</em> HP is shown in percentages</small></div><div class=""><small><em>Endless Battle Clause:</em> Forcing endless battles is banned</small></div><div class=""><small><em>OHKO Clause:</em> OHKO moves are banned</small></div><div class=""><small><em>Evasion Moves Clause:</em> Evasion moves are banned</small></div><div class=""><small><em>Species Clause:</em> Limit one of each Pokémon</small></div><div class=""><small><em>Dynamax Clause:</em> You cannot dynamax</small></div><div class=""><small><em>Sleep Clause Mod:</em> Limit one foe put to sleep</small></div><div class=""><small><em>Freeze Clause Mod:</em> Limit one foe frozen</small></div><div class="chat battle-history"><strong>CCMegaFlareon's team:</strong> <em style="color:#445566;display:block;">Weezing-Galar / Toxapex / Amoonguss / Skuntank / Nidoqueen / Nidoking</em></div><div class="chat battle-history"><strong>okispokisSUB's team:</strong> <em style="color:#445566;display:block;">Tapu Koko / Raichu-Alola / Eelektross / Zeraora / Zapdos / Golem-Alola</em></div><div class="chat message-error">Battle timer is ON: inactive players will automatically lose when time's up. (requested by okispokisSUB)</div><div class="chat message-error">Battle timer is now OFF.</div><div class="spacer battle-history"><br></div><div class="battle-history">Battle started between CCMegaFlareon and okispokisSUB!<br></div><div class="spacer battle-history"><br></div><div class="battle-history">Go! <strong>Nidoqueen</strong>!<br></div><div class="spacer battle-history"><br></div><div class="battle-history">okispokisSUB sent out Best Beard (<strong>Golem-Alola</strong>)!<br></div><div class="battle-history"><small>The opposing Best Beard floats in the air with its Air Balloon!</small><br></div><div class="spacer battle-history"><br></div><h2 class="battle-history">Turn 1</h2><div class="chat"><small> BlaueBrause joined</small></div><div class="spacer battle-history"><br></div><div class="battle-history"><small>Nidoqueen's Nidoqueenite is reacting to the Key Stone!</small><br>Nidoqueen has Mega Evolved into Mega Nidoqueen!<br></div><div class="chat"><ul class="utilichart"><li class="result"><span class="col pokemonnamecol" style="white-space: nowrap">Nidoqueen-Mega</span> <span class="col typecol"><img src="https://play.pokemonshowdown.com/sprites/types/Poison.png" alt="Poison" height="14" width="32"><img src="https://play.pokemonshowdown.com/sprites/types/Ground.png" alt="Ground" height="14" width="32"></span> <span style="float: left ; min-height: 26px"><span class="col abilitycol">Stamina</span><span class="col abilitycol"></span></span><span style="float: left ; min-height: 26px"><span class="col statcol"><em>HP</em><br>90</span> <span class="col statcol"><em>Atk</em><br>122</span> <span class="col statcol"><em>Def</em><br>127</span> <span class="col statcol"><em>SpA</em><br>75</span> <span class="col statcol"><em>SpD</em><br>115</span> <span class="col statcol"><em>Spe</em><br>76</span> </span></li><li style="clear: both"></li></ul></div><div class="spacer battle-history"><br></div><div class="battle-history">Nidoqueen used <strong>Stealth Rock</strong>!<br></div><div class="battle-history"><small>Pointed stones float in the air around the opposing team!</small><br></div><div class="spacer battle-history"><br></div><div class="battle-history">The opposing Best Beard used <strong>Stealth Rock</strong>!<br></div><div class="battle-history"><small>Pointed stones float in the air around your team!</small><br></div><div class="spacer battle-history"><br></div><h2 class="battle-history">Turn 2</h2><div class="spacer battle-history"><br></div><div class="battle-history">Nidoqueen used <strong>Body Press</strong>!<br></div><div class="battle-history"><small>It's super effective!</small><br></div><div class="battle-history"><small>(The opposing Best Beard lost 43% of its health!)</small><br></div><div class="battle-history"><small>The opposing Best Beard's Air Balloon popped!</small><br></div><div class="spacer battle-history"><br></div><div class="battle-history">The opposing Best Beard used <strong>Earthquake</strong>!<br></div><div class="battle-history"><small>It's super effective!</small><br></div><div class="battle-history"><small>(Nidoqueen lost <abbr title="−144/383">37.6%</abbr> of its health!)</small><br></div><div class="battle-history">[Nidoqueen's Stamina]<br></div><div class="battle-history"><small>Nidoqueen's Defense rose!</small><br></div><div class="spacer battle-history"><br></div><h2 class="battle-history">Turn 3</h2><div class="spacer battle-history"><br></div><div class="battle-history">okispokisSUB withdrew Best Beard!<br></div><div class="battle-history">okispokisSUB sent out Birb (<strong>Zapdos</strong>)!<br></div><div class="spacer battle-history"><br></div><div class="battle-history">Nidoqueen used <strong>Milk Drink</strong>!<br></div><div class="battle-history"><small>Nidoqueen had its HP restored.</small><br></div><div class="spacer battle-history"><br></div><h2 class="battle-history">Turn 4</h2><div class="spacer battle-history"><br></div><div class="battle-history">okispokisSUB withdrew Birb!<br></div><div class="battle-history">okispokisSUB sent out set-up guy (<strong>Tapu Koko</strong>)!<br></div><div class="battle-history"><small>Pointed stones dug into the opposing set-up guy!</small><br></div><div class="battle-history">[The opposing set-up guy's Electric Surge]<br><small>An electric current ran across the battlefield!</small><br></div><div class="spacer battle-history"><br></div><div class="battle-history">Nidoqueen, come back!<br></div><div class="battle-history">Go! Weezing (<strong>Weezing-Galar</strong>)!<br></div><div class="battle-history"><small>Pointed stones dug into Weezing!</small><br></div><div class="spacer battle-history"><br></div><div class="battle-history"><small>Weezing restored a little HP using its Black Sludge!</small><br></div><div class="spacer battle-history"><br></div><h2 class="battle-history">Turn 5</h2><div class="spacer battle-history"><br></div><div class="battle-history">Weezing, come back!<br></div><div class="battle-history">Go! Nidoqueen (<strong>Nidoqueen-Mega</strong>)!<br></div><div class="battle-history"><small>Pointed stones dug into Nidoqueen!</small><br></div><div class="spacer battle-history"><br></div><div class="battle-history">The opposing set-up guy used <strong>Volt Switch</strong>!<br></div><div class="battle-history"><small>It doesn't affect Nidoqueen...</small><br></div><div class="spacer battle-history"><br></div><h2 class="battle-history">Turn 6</h2><div class="chat"><small> Coppersmith joined</small></div><div class="chat message-error">Battle timer is ON: inactive players will automatically lose when time's up. (requested by okispokisSUB)</div><div class="chat message-error">Battle timer is now OFF.</div><div class="spacer battle-history"><br></div><div class="battle-history">The opposing set-up guy went back to okispokisSUB!<br></div><div class="battle-history">okispokisSUB sent out Not Eelin' It (<strong>Eelektross</strong>)!<br></div><div class="battle-history"><small>Pointed stones dug into the opposing Not Eelin' It!</small><br></div><div class="spacer battle-history"><br></div><div class="battle-history">Nidoqueen, come back!<br></div><div class="battle-history">Go! <strong>Toxapex</strong>!<br></div><div class="battle-history"><small>Pointed stones dug into Toxapex!</small><br></div><div class="spacer battle-history"><br></div><div class="battle-history"><small>Toxapex restored a little HP using its Black Sludge!</small><br></div><div class="spacer battle-history"><br></div><h2 class="battle-history">Turn 7</h2><div class="chat"><small> ViZarPKMN joined</small></div><div class="spacer battle-history"><br></div><div class="battle-history">The opposing Not Eelin' It used <strong>U-turn</strong>!<br></div><div class="battle-history"><small>It's not very effective...</small><br></div><div class="battle-history"><small>(Toxapex lost <abbr title="−20/304">6.6%</abbr> of its health!)</small><br></div><div class="spacer battle-history"><br></div><div class="battle-history">The opposing Not Eelin' It went back to okispokisSUB!<br></div><div class="battle-history">okispokisSUB sent out Best Beard (<strong>Golem-Alola</strong>)!<br></div><div class="battle-history"><small>Pointed stones dug into the opposing Best Beard!</small><br></div><div class="spacer battle-history"><br></div><div class="battle-history">Toxapex used <strong>Toxic</strong>!<br></div><div class="battle-history"><small>The opposing Best Beard was badly poisoned!</small><br></div><div class="spacer battle-history"><br></div><div class="battle-history"><small>Toxapex restored a little HP using its Black Sludge!</small><br></div><div class="battle-history"><small>The opposing Best Beard was hurt by poison!</small><br></div><div class="spacer battle-history"><br></div><h2 class="battle-history">Turn 8</h2><div class="spacer battle-history"><br></div><div class="battle-history">Toxapex, come back!<br></div><div class="battle-history">Go! Weezing (<strong>Weezing-Galar</strong>)!<br></div><div class="battle-history"><small>Pointed stones dug into Weezing!</small><br></div><div class="spacer battle-history"><br></div><div class="battle-history">The opposing Best Beard used <strong>Earthquake</strong>!<br></div><div class="battle-history">[Weezing's Levitate]<br><small>It doesn't affect Weezing...</small><br></div><div class="spacer battle-history"><br></div><div class="battle-history"><small>Weezing restored a little HP using its Black Sludge!</small><br></div><div class="battle-history"><small>The opposing Best Beard was hurt by poison!</small><br></div><div class="battle-history"><small>The electricity disappeared from the battlefield.</small><br></div><div class="spacer battle-history"><br></div><h2 class="battle-history">Turn 9</h2><div class="spacer battle-history"><br></div><div class="battle-history">Weezing used <strong>Strange Steam</strong>!<br></div><div class="battle-history"><small>(The opposing Best Beard lost 27% of its health!)</small><br></div><div class="spacer battle-history"><br></div><div class="battle-history">The opposing Best Beard fainted!<br></div><div class="spacer battle-history"><br></div><div class="battle-history"><small>Weezing restored a little HP using its Black Sludge!</small><br></div><div class="spacer battle-history"><br></div><div class="battle-history">okispokisSUB sent out set-up guy (<strong>Tapu Koko</strong>)!<br></div><div class="battle-history"><small>Pointed stones dug into the opposing set-up guy!</small><br></div><div class="battle-history">[The opposing set-up guy's Electric Surge]<br><small>An electric current ran across the battlefield!</small><br></div><div class="spacer battle-history"><br></div><h2 class="battle-history">Turn 10</h2><div class="chat chatmessage-coppersmith"><strong style="color:#0aa445"><small> </small><span class="username" data-name="Coppersmith">Coppersmith</span>:</strong> <em>best beard</em></div><div class="spacer battle-history"><br></div><div class="battle-history">okispokisSUB withdrew set-up guy!<br></div><div class="battle-history">okispokisSUB sent out S'up. (<strong>Raichu-Alola</strong>)!<br></div><div class="battle-history"><small>Pointed stones dug into the opposing S'up.!</small><br></div><div class="spacer battle-history"><br></div><div class="battle-history">Weezing, come back!<br></div><div class="battle-history">Go! Nidoqueen (<strong>Nidoqueen-Mega</strong>)!<br></div><div class="battle-history"><small>Pointed stones dug into Nidoqueen!</small><br></div><div class="spacer battle-history"><br></div><h2 class="battle-history">Turn 11</h2><div class="spacer battle-history"><br></div><div class="battle-history">Nidoqueen, come back!<br></div><div class="battle-history">Go! <strong>Skuntank</strong>!<br></div><div class="battle-history"><small>Pointed stones dug into Skuntank!</small><br></div><div class="spacer battle-history"><br></div><div class="battle-history">The opposing S'up. used <strong>Psychic</strong>!<br></div><div class="battle-history"><small>It doesn't affect Skuntank...</small><br></div><div class="spacer battle-history"><br></div><div class="battle-history"><small>Skuntank restored a little HP using its Black Sludge!</small><br></div><div class="spacer battle-history"><br></div><h2 class="battle-history">Turn 12</h2><div class="spacer battle-history"><br></div><div class="battle-history">okispokisSUB withdrew S'up.!<br></div><div class="battle-history">okispokisSUB sent out ThunderCat (<strong>Zeraora</strong>)!<br></div><div class="battle-history"><small>Pointed stones dug into the opposing ThunderCat!</small><br></div><div class="spacer battle-history"><br></div><div class="battle-history">Skuntank used <strong>Sucker Punch</strong>!<br></div><div class="battle-history"><small>But it failed!</small><br></div><div class="spacer battle-history"><br></div><div class="battle-history"><small>Skuntank restored a little HP using its Black Sludge!</small><br></div><div class="spacer battle-history"><br></div><h2 class="battle-history">Turn 13</h2><div class="spacer battle-history"><br></div><div class="battle-history">Skuntank, come back!<br></div><div class="battle-history">Go! Nidoqueen (<strong>Nidoqueen-Mega</strong>)!<br></div><div class="battle-history"><small>Pointed stones dug into Nidoqueen!</small><br></div><div class="spacer battle-history"><br></div><div class="battle-history">The opposing ThunderCat used <strong>Knock Off</strong>!<br></div><div class="battle-history"><small>(Nidoqueen lost <abbr title="−60/383">15.7%</abbr> of its health!)</small><br></div><div class="battle-history">[Nidoqueen's Stamina]<br></div><div class="battle-history"><small>Nidoqueen's Defense rose!</small><br></div><div class="spacer battle-history"><br></div><h2 class="battle-history">Turn 14</h2><div class="spacer battle-history"><br></div><div class="battle-history">okispokisSUB withdrew ThunderCat!<br></div><div class="battle-history">okispokisSUB sent out Birb (<strong>Zapdos</strong>)!<br></div><div class="spacer battle-history"><br></div><div class="battle-history">Nidoqueen used <strong>Milk Drink</strong>!<br></div><div class="battle-history"><small>Nidoqueen had its HP restored.</small><br></div><div class="spacer battle-history"><br></div><div class="battle-history"><small>The electricity disappeared from the battlefield.</small><br></div><div class="spacer battle-history"><br></div><h2 class="battle-history">Turn 15</h2><div class="spacer battle-history"><br></div><div class="battle-history">Nidoqueen, come back!<br></div><div class="battle-history">Go! Weezing (<strong>Weezing-Galar</strong>)!<br></div><div class="battle-history"><small>Pointed stones dug into Weezing!</small><br></div><div class="spacer battle-history"><br></div><div class="battle-history">The opposing Birb used <strong>Defog</strong>!<br></div><div class="battle-history"><small>Weezing's evasiveness fell!</small><br></div><div class="battle-history"><small>The pointed stones disappeared from around your team!</small><br></div><div class="battle-history"><small>The pointed stones disappeared from around the opposing team!</small><br></div><div class="spacer battle-history"><br></div><div class="battle-history"><small>Weezing restored a little HP using its Black Sludge!</small><br></div><div class="spacer battle-history"><br></div><h2 class="battle-history">Turn 16</h2><div class="spacer battle-history"><br></div><div class="battle-history">The opposing Birb used <strong>Discharge</strong>!<br></div><div class="battle-history"><small>(Weezing lost <abbr title="−141/334">42.2%</abbr> of its health!)</small><br></div><div class="spacer battle-history"><br></div><div class="battle-history">Weezing used <strong>Corrosive Gas</strong>!<br></div><div class="battle-history"><small>Weezing corroded the opposing Birb's Heavy-Duty Boots!</small><br></div><div class="spacer battle-history"><br></div><div class="battle-history"><small>Weezing restored a little HP using its Black Sludge!</small><br></div><div class="spacer battle-history"><br></div><h2 class="battle-history">Turn 17</h2><div class="spacer battle-history"><br></div><div class="battle-history">The opposing Birb used <strong>Discharge</strong>!<br></div><div class="battle-history"><small>(Weezing lost <abbr title="−166/334">49.7%</abbr> of its health!)</small><br></div><div class="battle-history"><small>Weezing is paralyzed! It may be unable to move!</small><br></div><div class="spacer battle-history"><br></div><div class="battle-history">Weezing is paralyzed! It can't move!<br></div><div class="spacer battle-history"><br></div><div class="battle-history"><small>Weezing restored a little HP using its Black Sludge!</small><br></div><div class="spacer battle-history"><br></div><h2 class="battle-history">Turn 18</h2><div class="spacer battle-history"><br></div><div class="battle-history">The opposing Birb used <strong>Discharge</strong>!<br></div><div class="battle-history"><small>(Weezing lost <abbr title="−24/334">7.2%</abbr> of its health!)</small><br></div><div class="spacer battle-history"><br></div><div class="battle-history">Weezing fainted!<br></div><div class="spacer battle-history"><br></div><div class="battle-history">Go! <strong>Nidoking</strong>!<br></div><div class="spacer battle-history"><br></div><h2 class="battle-history">Turn 19</h2><div class="spacer battle-history"><br></div><div class="battle-history">okispokisSUB withdrew Birb!<br></div><div class="battle-history">okispokisSUB sent out set-up guy (<strong>Tapu Koko</strong>)!<br></div><div class="battle-history">[The opposing set-up guy's Electric Surge]<br><small>An electric current ran across the battlefield!</small><br></div><div class="spacer battle-history"><br></div><div class="battle-history">Nidoking used <strong>Ice Beam</strong>!<br></div><div class="battle-history"><small>(The opposing set-up guy lost 62% of its health!)</small><br></div><div class="spacer battle-history"><br></div><h2 class="battle-history">Turn 20</h2><div class="spacer battle-history"><br></div><div class="battle-history">Nidoking, come back!<br></div><div class="battle-history">Go! Nidoqueen (<strong>Nidoqueen-Mega</strong>)!<br></div><div class="spacer battle-history"><br></div><div class="battle-history">The opposing set-up guy used <strong>Hidden Power</strong>!<br></div><div class="battle-history"><small>(Nidoqueen lost <abbr title="−84/383">21.9%</abbr> of its health!)</small><br></div><div class="battle-history">[Nidoqueen's Stamina]<br></div><div class="battle-history"><small>Nidoqueen's Defense rose!</small><br></div><div class="spacer battle-history"><br></div><h2 class="battle-history">Turn 21</h2><div class="spacer battle-history"><br></div><div class="battle-history">The opposing set-up guy used <strong>Hidden Power</strong>!<br></div><div class="battle-history"><small>(Nidoqueen lost <abbr title="−84/383">21.9%</abbr> of its health!)</small><br></div><div class="battle-history">[Nidoqueen's Stamina]<br></div><div class="battle-history"><small>Nidoqueen's Defense rose!</small><br></div><div class="spacer battle-history"><br></div><div class="battle-history">Nidoqueen used <strong>Stealth Rock</strong>!<br></div><div class="battle-history"><small>Pointed stones float in the air around the opposing team!</small><br></div><div class="spacer battle-history"><br></div><h2 class="battle-history">Turn 22</h2><div class="spacer battle-history"><br></div><div class="battle-history">The opposing set-up guy used <strong>Hidden Power</strong>!<br></div><div class="battle-history"><small>(Nidoqueen lost <abbr title="−80/383">20.9%</abbr> of its health!)</small><br></div><div class="battle-history">[Nidoqueen's Stamina]<br></div><div class="battle-history"><small>Nidoqueen's Defense rose!</small><br></div><div class="spacer battle-history"><br></div><div class="battle-history">Nidoqueen used <strong>Milk Drink</strong>!<br></div><div class="battle-history"><small>Nidoqueen had its HP restored.</small><br></div><div class="spacer battle-history"><br></div><h2 class="battle-history">Turn 23</h2><div class="spacer battle-history"><br></div><div class="battle-history">The opposing set-up guy used <strong>Hidden Power</strong>!<br></div><div class="battle-history"><small>(Nidoqueen lost <abbr title="−84/383">21.9%</abbr> of its health!)</small><br></div><div class="battle-history">[Nidoqueen's Stamina]<br></div><div class="battle-history"><small>Nidoqueen's Defense rose!</small><br></div><div class="spacer battle-history"><br></div><div class="battle-history">Nidoqueen used <strong>Body Press</strong>!<br></div><div class="battle-history"><small>It's not very effective...</small><br></div><div class="battle-history"><small>(The opposing set-up guy lost 14% of its health!)</small><br></div><div class="spacer battle-history"><br></div><div class="battle-history">The opposing set-up guy fainted!<br></div><div class="spacer battle-history"><br></div><div class="battle-history"><small>The electricity disappeared from the battlefield.</small><br></div><div class="chat chatmessage-okispokissub"><strong style="color:#909622"><small>☆</small><span class="username" data-name="okispokisSUB">okispokisSUB</span>:</strong> <em>so, builder may have screwed up my HP</em></div><div class="spacer battle-history"><br></div><div class="battle-history">okispokisSUB sent out S'up. (<strong>Raichu-Alola</strong>)!<br></div><div class="battle-history"><small>Pointed stones dug into the opposing S'up.!</small><br></div><div class="spacer battle-history"><br></div><h2 class="battle-history">Turn 24</h2><div class="spacer battle-history"><br></div><div class="battle-history">Nidoqueen, come back!<br></div><div class="battle-history">Go! <strong>Skuntank</strong>!<br></div><div class="spacer battle-history"><br></div><div class="battle-history">The opposing S'up. used <strong>Surf</strong>!<br></div><div class="battle-history"><small>(Skuntank lost <abbr title="−104/410">25.4%</abbr> of its health!)</small><br></div><div class="battle-history"><small>The opposing S'up. lost some of its HP!</small><br></div><div class="spacer battle-history"><br></div><div class="battle-history"><small>Skuntank restored a little HP using its Black Sludge!</small><br></div><div class="spacer battle-history"><br></div><h2 class="battle-history">Turn 25</h2><div class="chat chatmessage-coppersmith"><strong style="color:#0aa445"><small> </small><span class="username" data-name="Coppersmith">Coppersmith</span>:</strong> <em>was it meant to be ice?</em></div><div class="chat chatmessage-okispokissub"><strong style="color:#909622"><small>☆</small><span class="username" data-name="okispokisSUB">okispokisSUB</span>:</strong> <em>yes :/ Somehow ended up as Dragon</em></div><div class="spacer battle-history"><br></div><div class="battle-history">okispokisSUB withdrew S'up.!<br></div><div class="battle-history">okispokisSUB sent out Birb (<strong>Zapdos</strong>)!<br></div><div class="battle-history"><small>Pointed stones dug into the opposing Birb!</small><br></div><div class="spacer battle-history"><br></div><div class="battle-history">Skuntank used <strong>Crunch</strong>!<br></div><div class="battle-history"><small>(The opposing Birb lost 25% of its health!)</small><br></div><div class="spacer battle-history"><br></div><div class="battle-history"><small>Skuntank restored a little HP using its Black Sludge!</small><br></div><div class="spacer battle-history"><br></div><h2 class="battle-history">Turn 26</h2><div class="spacer battle-history"><br></div><div class="battle-history">The opposing Birb used <strong>Roost</strong>!<br></div><div class="battle-history"><small>The opposing Birb had its HP restored.</small><br></div><div class="battle-history"><small>(The opposing Birb loses Flying type this turn.)</small><br></div><div class="spacer battle-history"><br></div><div class="battle-history">Skuntank used <strong>Poison Jab</strong>!<br></div><div class="battle-history"><small>(The opposing Birb lost 26% of its health!)</small><br></div><div class="battle-history"><small>The opposing Birb was poisoned!</small><br></div><div class="battle-history">[The opposing Birb's Static]<br><small>Skuntank is paralyzed! It may be unable to move!</small><br></div><div class="spacer battle-history"><br></div><div class="battle-history"><small>Skuntank restored a little HP using its Black Sludge!</small><br></div><div class="battle-history"><small>The opposing Birb was hurt by poison!</small><br></div><div class="spacer battle-history"><br></div><h2 class="battle-history">Turn 27</h2><div class="spacer battle-history"><br></div><div class="battle-history">Skuntank, come back!<br></div><div class="battle-history">Go! <strong>Nidoking</strong>!<br></div><div class="spacer battle-history"><br></div><div class="battle-history">The opposing Birb used <strong>Defog</strong>!<br></div><div class="battle-history"><small>Nidoking's evasiveness fell!</small><br></div><div class="battle-history"><small>The pointed stones disappeared from around the opposing team!</small><br></div><div class="spacer battle-history"><br></div><div class="battle-history"><small>The opposing Birb was hurt by poison!</small><br></div><div class="spacer battle-history"><br></div><h2 class="battle-history">Turn 28</h2><div class="spacer battle-history"><br></div><div class="battle-history">Nidoking used <strong>Ice Beam</strong>!<br></div><div class="battle-history"><small>It's super effective!</small><br></div><div class="battle-history"><small>(The opposing Birb lost 49% of its health!)</small><br></div><div class="spacer battle-history"><br></div><div class="battle-history">The opposing Birb fainted!<br></div><div class="spacer battle-history"><br></div><div class="battle-history">okispokisSUB sent out S'up. (<strong>Raichu-Alola</strong>)!<br></div><div class="spacer battle-history"><br></div><h2 class="battle-history">Turn 29</h2><div class="spacer battle-history"><br></div><div class="battle-history">Nidoking, come back!<br></div><div class="battle-history">Go! <strong>Skuntank</strong>!<br></div><div class="spacer battle-history"><br></div><div class="battle-history">The opposing S'up. used <strong>Surf</strong>!<br></div><div class="battle-history"><small>(Skuntank lost <abbr title="−107/410">26.1%</abbr> of its health!)</small><br></div><div class="battle-history"><small>The opposing S'up. lost some of its HP!</small><br></div><div class="spacer battle-history"><br></div><div class="battle-history"><small>Skuntank restored a little HP using its Black Sludge!</small><br></div><div class="spacer battle-history"><br></div><h2 class="battle-history">Turn 30</h2><div class="spacer battle-history"><br></div><div class="battle-history">The opposing S'up. used <strong>Nasty Plot</strong>!<br></div><div class="battle-history"><small>The opposing S'up.'s Sp. Atk rose sharply!</small><br></div><div class="spacer battle-history"><br></div><div class="battle-history">Skuntank used <strong>Crunch</strong>!<br></div><div class="battle-history"><small>It's super effective!</small><br></div><div class="battle-history"><small>(The opposing S'up. lost 56% of its health!)</small><br></div><div class="spacer battle-history"><br></div><div class="battle-history">The opposing S'up. fainted!<br></div><div class="spacer battle-history"><br></div><div class="battle-history"><small>Skuntank restored a little HP using its Black Sludge!</small><br></div><div class="spacer battle-history"><br></div><div class="battle-history">okispokisSUB sent out ThunderCat (<strong>Zeraora</strong>)!<br></div><div class="spacer battle-history"><br></div><h2 class="battle-history">Turn 31</h2><div class="spacer battle-history"><br></div><div class="battle-history">The opposing ThunderCat used <strong>Knock Off</strong>!<br></div><div class="battle-history"><small>It's not very effective...</small><br></div><div class="battle-history"><small>A critical hit!</small><br></div><div class="battle-history"><small>(Skuntank lost <abbr title="−147/410">35.9%</abbr> of its health!)</small><br></div><div class="battle-history"><small>The opposing ThunderCat knocked off Skuntank's Black Sludge!</small><br></div><div class="spacer battle-history"><br></div><div class="battle-history">Skuntank used <strong>Crunch</strong>!<br></div><div class="battle-history"><small>(The opposing ThunderCat lost 37% of its health!)</small><br></div><div class="spacer battle-history"><br></div><h2 class="battle-history">Turn 32</h2><div class="spacer battle-history"><br></div><div class="battle-history">okispokisSUB withdrew ThunderCat!<br></div><div class="battle-history">okispokisSUB sent out Not Eelin' It (<strong>Eelektross</strong>)!<br></div><div class="spacer battle-history"><br></div><div class="battle-history">Skuntank used <strong>Sucker Punch</strong>!<br></div><div class="battle-history"><small>But it failed!</small><br></div><div class="spacer battle-history"><br></div><h2 class="battle-history">Turn 33</h2><div class="spacer battle-history"><br></div><div class="battle-history"><small>The opposing Not Eelin' It's Eelektrossite is reacting to the Key Stone!</small><br>The opposing Not Eelin' It has Mega Evolved into Mega Eelektross!<br></div><div class="battle-history">[The opposing Not Eelin' It's Luster Swap]<br></div><div class="battle-history"><small>Not Eelin' It can't hit Skuntank super effectively!</small><br></div><div class="chat"><ul class="utilichart"><li class="result"><span class="col pokemonnamecol" style="white-space: nowrap">Eelektross-Mega</span> <span class="col typecol"><img src="https://play.pokemonshowdown.com/sprites/types/Electric.png" alt="Electric" height="14" width="32"></span> <span style="float: left ; min-height: 26px"><span class="col abilitycol">Luster Swap</span><span class="col abilitycol"></span></span><span style="float: left ; min-height: 26px"><span class="col statcol"><em>HP</em><br>85</span> <span class="col statcol"><em>Atk</em><br>125</span> <span class="col statcol"><em>Def</em><br>100</span> <span class="col statcol"><em>SpA</em><br>125</span> <span class="col statcol"><em>SpD</em><br>100</span> <span class="col statcol"><em>Spe</em><br>80</span> </span></li><li style="clear: both"></li></ul></div><div class="spacer battle-history"><br></div><div class="battle-history">The opposing Not Eelin' It used <strong>U-turn</strong>!<br></div><div class="battle-history"><small>(Skuntank lost <abbr title="−87/410">21.2%</abbr> of its health!)</small><br></div><div class="spacer battle-history"><br></div><div class="battle-history">The opposing Not Eelin' It went back to okispokisSUB!<br></div><div class="battle-history">okispokisSUB sent out ThunderCat (<strong>Zeraora</strong>)!<br></div><div class="spacer battle-history"><br></div><div class="battle-history">Skuntank used <strong>Poison Jab</strong>!<br></div><div class="battle-history"><small>(The opposing ThunderCat lost 34% of its health!)</small><br></div><div class="spacer battle-history"><br></div><h2 class="battle-history">Turn 34</h2><div class="spacer battle-history"><br></div><div class="battle-history">Skuntank used <strong>Sucker Punch</strong>!<br></div><div class="battle-history"><small>(The opposing ThunderCat lost 17% of its health!)</small><br></div><div class="spacer battle-history"><br></div><div class="battle-history">The opposing ThunderCat fainted!<br></div><div class="spacer battle-history"><br></div><div class="battle-history">okispokisSUB sent out Not Eelin' It (<strong>Eelektross-Mega</strong>)!<br></div><div class="battle-history">[The opposing Not Eelin' It's Luster Swap]<br></div><div class="battle-history"><small>Not Eelin' It can't hit Skuntank super effectively!</small><br></div><div class="spacer battle-history"><br></div><h2 class="battle-history">Turn 35</h2><div class="spacer battle-history"><br></div><div class="battle-history">Skuntank used <strong>Sucker Punch</strong>!<br></div><div class="battle-history"><small>(The opposing Not Eelin' It lost 25% of its health!)</small><br></div><div class="spacer battle-history"><br></div><div class="battle-history">The opposing Not Eelin' It used <strong>U-turn</strong>!<br></div><div class="battle-history"><small>(Skuntank lost <abbr title="−87/410">21.2%</abbr> of its health!)</small><br></div><div class="spacer battle-history"><br></div><h2 class="battle-history">Turn 36</h2><div class="spacer battle-history"><br></div><div class="battle-history">Skuntank used <strong>Sucker Punch</strong>!<br></div><div class="battle-history"><small>But it failed!</small><br></div><div class="spacer battle-history"><br></div><div class="battle-history">The opposing Not Eelin' It used <strong>Recover</strong>!<br></div><div class="battle-history"><small>The opposing Not Eelin' It had its HP restored.</small><br></div><div class="spacer battle-history"><br></div><h2 class="battle-history">Turn 37</h2><div class="chat chatmessage-okispokissub"><strong style="color:#909622"><small>☆</small><span class="username" data-name="okispokisSUB">okispokisSUB</span>:</strong> <em>what roids has this skunk been taking?</em></div><div class="spacer battle-history"><br></div><div class="battle-history">Skuntank used <strong>Sucker Punch</strong>!<br></div><div class="battle-history"><small>(The opposing Not Eelin' It lost 26% of its health!)</small><br></div><div class="spacer battle-history"><br></div><div class="battle-history">The opposing Not Eelin' It used <strong>Flamethrower</strong>!<br></div><div class="battle-history"><small>(Skuntank lost <abbr title="−2/410">0.5%</abbr> of its health!)</small><br></div><div class="spacer battle-history"><br></div><div class="battle-history">Skuntank fainted!<br></div><div class="spacer battle-history"><br></div><div class="battle-history">Go! <strong>Nidoking</strong>!<br></div><div class="spacer battle-history"><br></div><h2 class="battle-history">Turn 38</h2><div class="spacer battle-history"><br></div><div class="battle-history">Nidoking used <strong>Earth Power</strong>!<br></div><div class="battle-history"><small>It's super effective!</small><br></div><div class="battle-history"><small>(The opposing Not Eelin' It lost 74% of its health!)</small><br></div><div class="spacer battle-history"><br></div><div class="battle-history">The opposing Not Eelin' It fainted!<br></div><div class="spacer battle-history"><br></div><div class="battle-history"><strong>CCMegaFlareon</strong> won the battle!<br></div><div class="chat chatmessage-okispokissub"><strong style="color:#909622"><small>☆</small><span class="username" data-name="okispokisSUB">okispokisSUB</span>:</strong> <em>gg</em></div><div class="chat chatmessage-ccmegaflareon mine"><strong style="color:#ac36b5"><small>☆</small><span class="username" data-name="CCMegaFlareon">CCMegaFlareon</span>:</strong> <em>gg</em></div></div><div class="inner-preempt message-log"></div></div></div>
</div>
<script>
let daily = Math.floor(Date.now()/1000/60/60/24);document.write('<script src="https://play.pokemonshowdown.com/js/replay-embed.js?version'+daily+'"></'+'script>');
</script>
