<!DOCTYPE html>
<meta charset="utf-8" />
<!-- version 1 -->
<title>[Gen 8] Megas for All replay: SANGO KOKOMI vs. kha243</title>
<style>
html,body {font-family:Verdana, sans-serif;font-size:10pt;margin:0;padding:0;}body{padding:12px 0;} .battle-log {font-family:Verdana, sans-serif;font-size:10pt;} .battle-log-inline {border:1px solid #AAAAAA;background:#EEF2F5;color:black;max-width:640px;margin:0 auto 80px;padding-bottom:5px;} .battle-log .inner {padding:4px 8px 0px 8px;} .battle-log .inner-preempt {padding:0 8px 4px 8px;} .battle-log .inner-after {margin-top:0.5em;} .battle-log h2 {margin:0.5em -8px;padding:4px 8px;border:1px solid #AAAAAA;background:#E0E7EA;border-left:0;border-right:0;font-family:Verdana, sans-serif;font-size:13pt;} .battle-log .chat {vertical-align:middle;padding:3px 0 3px 0;font-size:8pt;} .battle-log .chat strong {color:#40576A;} .battle-log .chat em {padding:1px 4px 1px 3px;color:#000000;font-style:normal;} .chat.mine {background:rgba(0,0,0,0.05);margin-left:-8px;margin-right:-8px;padding-left:8px;padding-right:8px;} .spoiler {color:#BBBBBB;background:#BBBBBB;padding:0px 3px;} .spoiler:hover, .spoiler:active, .spoiler-shown {color:#000000;background:#E2E2E2;padding:0px 3px;} .spoiler a {color:#BBBBBB;} .spoiler:hover a, .spoiler:active a, .spoiler-shown a {color:#2288CC;} .chat code, .chat .spoiler:hover code, .chat .spoiler:active code, .chat .spoiler-shown code {border:1px solid #C0C0C0;background:#EEEEEE;color:black;padding:0 2px;} .chat .spoiler code {border:1px solid #CCCCCC;background:#CCCCCC;color:#CCCCCC;} .battle-log .rated {padding:3px 4px;} .battle-log .rated strong {color:white;background:#89A;padding:1px 4px;border-radius:4px;} .spacer {margin-top:0.5em;} .message-announce {background:#6688AA;color:white;padding:1px 4px 2px;} .message-announce a, .broadcast-green a, .broadcast-blue a, .broadcast-red a {color:#DDEEFF;} .broadcast-green {background-color:#559955;color:white;padding:2px 4px;} .broadcast-blue {background-color:#6688AA;color:white;padding:2px 4px;} .infobox {border:1px solid #6688AA;padding:2px 4px;} .infobox-limited {max-height:200px;overflow:auto;overflow-x:hidden;} .broadcast-red {background-color:#AA5544;color:white;padding:2px 4px;} .message-learn-canlearn {font-weight:bold;color:#228822;text-decoration:underline;} .message-learn-cannotlearn {font-weight:bold;color:#CC2222;text-decoration:underline;} .message-effect-weak {font-weight:bold;color:#CC2222;} .message-effect-resist {font-weight:bold;color:#6688AA;} .message-effect-immune {font-weight:bold;color:#666666;} .message-learn-list {margin-top:0;margin-bottom:0;} .message-throttle-notice, .message-error {color:#992222;} .message-overflow, .chat small.message-overflow {font-size:0pt;} .message-overflow::before {font-size:9pt;content:'...';} .subtle {color:#3A4A66;}
</style>
<div class="wrapper replay-wrapper" style="max-width:1180px;margin:0 auto">
<input type="hidden" name="replayid" value="dragonheaven-gen8megasforall-336" />
<div class="battle"></div><div class="battle-log"></div><div class="replay-controls"></div><div class="replay-controls-2"></div>
<h1 style="font-weight:normal;text-align:center"><strong>[Gen 8] Megas for All</strong><br /><a href="http://pokemonshowdown.com/users/sangokokomi" class="subtle" target="_blank">SANGO KOKOMI</a> vs. <a href="http://pokemonshowdown.com/users/kha243" class="subtle" target="_blank">kha243</a></h1>
<script type="text/plain" class="battle-log-data">|j|☆SANGO KOKOMI
|j|☆kha243
|t:|1640369838
|player|p1|SANGO KOKOMI|lana|
|player|p2|kha243|hiker-gen4|
|teamsize|p1|6
|teamsize|p2|6
|gametype|singles
|gen|8
|tier|[Gen 8] Megas for All
|rated|Tournament battle
|clearpoke
|poke|p1|Nidoqueen, F|
|poke|p1|Garchomp, M|
|poke|p1|Hoopa-Unbound|
|poke|p1|Heatran, F|
|poke|p1|Blissey, F|
|poke|p1|Lunala|
|poke|p2|Hydreigon, F|
|poke|p2|Cinderace, F|
|poke|p2|Tornadus-Therian, M|
|poke|p2|Gliscor, M|
|poke|p2|Tapu Fini|
|poke|p2|Slowking-Galar, M|
|rule|HP Percentage Mod: HP is shown in percentages
|rule|Endless Battle Clause: Forcing endless battles is banned
|rule|OHKO Clause: OHKO moves are banned
|rule|Evasion Moves Clause: Evasion moves are banned
|rule|Species Clause: Limit one of each Pokémon
|rule|Dynamax Clause: You cannot dynamax
|rule|Sleep Clause Mod: Limit one foe put to sleep
|rule|Freeze Clause Mod: Limit one foe frozen
|raw|<img src="https:\/\/raw.githubusercontent.com\/scoopapa\/DH\/master\/data\/mods\/m4av6\/sprites\/m4a_banner.png" height="65" width="381">
|-message|Welcome to Megas for All!
|-message|This is a National Dex-based format where we aim to give a new Mega Evolution to every Pokémon.
|-message|Just like any official format, you can still only Mega Evolve one Pokémon per team!
|-message|You can find our thread and metagame resources here:
|-message|https:\/\/www.smogon.com\/forums\/threads\/3671140\/
|teampreview
|j|#inkbug1

|
|t:|1640369881
|start
|switch|p1a: Lunala|Lunala|100\/100
|switch|p2a: Hydreigon|Hydreigon, F|100\/100
|turn|1
|
|t:|1640369901
|switch|p1a: Blissey|Blissey, F|100\/100
|detailschange|p2a: Hydreigon|Hydreigon-Mega, F
|-mega|p2a: Hydreigon|Hydreigon|Hydreigonite
|-start|p2a: Hydreigon|typechange|Dark\/Dragon|[silent]
|raw|<ul class="utilichart"><li class="result"><span class="col pokemonnamecol" style="white-space: nowrap">Hydreigon-Mega<\/span> <span class="col typecol"><img src="https:\/\/play.pokemonshowdown.com\/sprites\/types\/Dark.png" alt="Dark" height="14" width="32"><img src="https:\/\/play.pokemonshowdown.com\/sprites\/types\/Dragon.png" alt="Dragon" height="14" width="32"><\/span> <span style="float: left ; min-height: 26px"><span class="col abilitycol">Berserk<\/span><span class="col abilitycol"><\/span><\/span><span style="float: left ; min-height: 26px"><span class="col statcol"><em>HP<\/em><br>92<\/span> <span class="col statcol"><em>Atk<\/em><br>125<\/span> <span class="col statcol"><em>Def<\/em><br>110<\/span> <span class="col statcol"><em>SpA<\/em><br>165<\/span> <span class="col statcol"><em>SpD<\/em><br>90<\/span> <span class="col statcol"><em>Spe<\/em><br>118<\/span> <\/span><\/li><li style="clear: both"><\/li><\/ul>
|-hint|Hydreigon-Mega was submitted by Demon Dragon!
|move|p2a: Hydreigon|Dark Pulse|p1a: Blissey
|-damage|p1a: Blissey|82\/100
|
|upkeep
|turn|2
|
|t:|1640369908
|move|p1a: Blissey|Protect|p1a: Blissey
|-singleturn|p1a: Blissey|Protect
|move|p2a: Hydreigon|Taunt|p1a: Blissey
|-activate|p1a: Blissey|move: Protect
|
|upkeep
|turn|3
|
|t:|1640369949
|switch|p1a: Nidoqueen|Nidoqueen, F|100\/100
|move|p2a: Hydreigon|Taunt|p1a: Nidoqueen
|-start|p1a: Nidoqueen|move: Taunt
|
|upkeep
|turn|4
|
|t:|1640369998
|detailschange|p1a: Nidoqueen|Nidoqueen-Mega, F
|-mega|p1a: Nidoqueen|Nidoqueen|Nidoqueenite
|-start|p1a: Nidoqueen|typechange|Poison\/Ground|[silent]
|raw|<ul class="utilichart"><li class="result"><span class="col pokemonnamecol" style="white-space: nowrap">Nidoqueen-Mega<\/span> <span class="col typecol"><img src="https:\/\/play.pokemonshowdown.com\/sprites\/types\/Poison.png" alt="Poison" height="14" width="32"><img src="https:\/\/play.pokemonshowdown.com\/sprites\/types\/Ground.png" alt="Ground" height="14" width="32"><\/span> <span style="float: left ; min-height: 26px"><span class="col abilitycol">Stamina<\/span><span class="col abilitycol"><\/span><\/span><span style="float: left ; min-height: 26px"><span class="col statcol"><em>HP<\/em><br>90<\/span> <span class="col statcol"><em>Atk<\/em><br>122<\/span> <span class="col statcol"><em>Def<\/em><br>127<\/span> <span class="col statcol"><em>SpA<\/em><br>75<\/span> <span class="col statcol"><em>SpD<\/em><br>115<\/span> <span class="col statcol"><em>Spe<\/em><br>76<\/span> <\/span><\/li><li style="clear: both"><\/li><\/ul>
|-hint|Nidoqueen-Mega was submitted by MegaFlareon!
|move|p2a: Hydreigon|Earth Power|p1a: Nidoqueen
|-supereffective|p1a: Nidoqueen
|-crit|p1a: Nidoqueen
|-damage|p1a: Nidoqueen|5\/100
|-ability|p1a: Nidoqueen|Stamina|boost
|-boost|p1a: Nidoqueen|def|1
|move|p1a: Nidoqueen|Poison Jab|p2a: Hydreigon
|-damage|p2a: Hydreigon|70\/100
|-status|p2a: Hydreigon|psn
|
|-damage|p2a: Hydreigon|58\/100 psn|[from] psn
|upkeep
|turn|5
|c|☆kha243|dang
|c|☆SANGO KOKOMI|man
|c|☆kha243|that sucked
|
|t:|1640370015
|switch|p1a: Blissey|Blissey, F|82\/100
|move|p2a: Hydreigon|Dark Pulse|p1a: Blissey
|-damage|p1a: Blissey|64\/100
|
|-damage|p2a: Hydreigon|45\/100 psn|[from] psn
|upkeep
|turn|6
|j| pitterpatter5786
|
|t:|1640370018
|move|p2a: Hydreigon|Taunt|p1a: Blissey
|-start|p1a: Blissey|move: Taunt
|cant|p1a: Blissey|move: Taunt|Wish
|
|-damage|p2a: Hydreigon|33\/100 psn|[from] psn
|upkeep
|turn|7
|c| pitterpatter5786|is this woopersons btq
|c| pitterpatter5786|btw*
|
|t:|1640370028
|switch|p1a: Garchomp|Garchomp, M|100\/100
|move|p2a: Hydreigon|Roost|p2a: Hydreigon
|-heal|p2a: Hydreigon|83\/100 psn
|-singleturn|p2a: Hydreigon|move: Roost
|
|-damage|p2a: Hydreigon|71\/100 psn|[from] psn
|upkeep
|turn|8
|c|☆SANGO KOKOMI|Yes
|
|t:|1640370040
|switch|p1a: CHEESEMAKER|Heatran, F|100\/100
|move|p2a: Hydreigon|Dark Pulse|p1a: CHEESEMAKER
|-crit|p1a: CHEESEMAKER
|-damage|p1a: CHEESEMAKER|50\/100
|
|-heal|p1a: CHEESEMAKER|56\/100|[from] item: Leftovers
|-damage|p2a: Hydreigon|59\/100 psn|[from] psn
|upkeep
|turn|9
|c| pitterpatter5786|omg cheesemaker
|c|☆SANGO KOKOMI|Bro
|c|☆SANGO KOKOMI|Can you PLEASE
|
|t:|1640370053
|move|p1a: CHEESEMAKER|Protect|p1a: CHEESEMAKER
|-singleturn|p1a: CHEESEMAKER|Protect
|move|p2a: Hydreigon|Earth Power|p1a: CHEESEMAKER
|-activate|p1a: CHEESEMAKER|move: Protect
|
|-heal|p1a: CHEESEMAKER|63\/100|[from] item: Leftovers
|-damage|p2a: Hydreigon|46\/100 psn|[from] psn
|upkeep
|turn|10
|
|t:|1640370066
|switch|p1a: Blissey|Blissey, F|64\/100
|move|p2a: Hydreigon|Earth Power|p1a: Blissey
|-damage|p1a: Blissey|49\/100
|-unboost|p1a: Blissey|spd|1
|
|-damage|p2a: Hydreigon|34\/100 psn|[from] psn
|upkeep
|turn|11
|
|t:|1640370071
|move|p1a: Blissey|Protect|p1a: Blissey
|-singleturn|p1a: Blissey|Protect
|move|p2a: Hydreigon|Roost|p2a: Hydreigon
|-heal|p2a: Hydreigon|84\/100 psn
|-singleturn|p2a: Hydreigon|move: Roost
|
|-damage|p2a: Hydreigon|72\/100 psn|[from] psn
|upkeep
|turn|12
|c| pitterpatter5786|the haxx
|c| pitterpatter5786|is unreal
|
|t:|1640370077
|switch|p1a: Lunala|Lunala|100\/100
|move|p2a: Hydreigon|Taunt|p1a: Lunala
|-start|p1a: Lunala|move: Taunt
|
|-damage|p2a: Hydreigon|60\/100 psn|[from] psn
|upkeep
|turn|13
|
|t:|1640370080
|move|p2a: Hydreigon|Dark Pulse|p1a: Lunala
|-supereffective|p1a: Lunala
|-damage|p1a: Lunala|34\/100
|move|p1a: Lunala|Ice Beam|p2a: Hydreigon
|-supereffective|p2a: Hydreigon
|-damage|p2a: Hydreigon|0 fnt
|faint|p2a: Hydreigon
|
|upkeep
|
|t:|1640370085
|switch|p2a: Cinderace|Cinderace, F|100\/100
|turn|14
|
|t:|1640370090
|move|p2a: Cinderace|Pyro Ball|p1a: Lunala
|-damage|p1a: Lunala|0 fnt
|faint|p1a: Lunala
|
|upkeep
|
|t:|1640370092
|switch|p1a: Garchomp|Garchomp, M|100\/100
|turn|15
|
|t:|1640370097
|move|p2a: Cinderace|U-turn|p1a: Garchomp
|-start|p2a: Cinderace|typechange|Bug|[from] ability: Libero
|-damage|p1a: Garchomp|64\/100
|-damage|p2a: Cinderace|88\/100|[from] ability: Rough Skin|[of] p1a: Garchomp
|
|t:|1640370106
|switch|p2a: Tornadus|Tornadus-Therian, M|100\/100|[from]move: U-turn
|-zpower|p1a: Garchomp
|move|p1a: Garchomp|Continental Crush|p2a: Tornadus|[zeffect]
|-supereffective|p2a: Tornadus
|-damage|p2a: Tornadus|0 fnt
|faint|p2a: Tornadus
|
|upkeep
|
|t:|1640370110
|switch|p2a: Cinderace|Cinderace, F|88\/100
|turn|16
|
|t:|1640370113
|move|p2a: Cinderace|High Jump Kick|p1a: Garchomp
|-start|p2a: Cinderace|typechange|Fighting|[from] ability: Libero
|-damage|p1a: Garchomp|4\/100
|-damage|p2a: Cinderace|76\/100|[from] ability: Rough Skin|[of] p1a: Garchomp
|move|p1a: Garchomp|Scale Shot|p2a: Cinderace
|-damage|p2a: Cinderace|58\/100
|-damage|p2a: Cinderace|39\/100
|-hitcount|p2a: Cinderace|2
|-unboost|p1a: Garchomp|def|1
|-boost|p1a: Garchomp|spe|1
|
|upkeep
|turn|17
|
|t:|1640370120
|switch|p2a: Gliscor|Gliscor, M|100\/100
|move|p1a: Garchomp|Earthquake|p2a: Gliscor
|-immune|p2a: Gliscor
|
|-status|p2a: Gliscor|tox|[from] item: Toxic Orb
|upkeep
|turn|18
|
|t:|1640370127
|move|p1a: Garchomp|Stone Edge|p2a: Gliscor
|-damage|p2a: Gliscor|74\/100 tox
|move|p2a: Gliscor|Earthquake|p1a: Garchomp
|-damage|p1a: Garchomp|0 fnt
|faint|p1a: Garchomp
|
|-heal|p2a: Gliscor|86\/100 tox|[from] ability: Poison Heal
|upkeep
|
|t:|1640370132
|switch|p1a: Blissey|Blissey, F|49\/100
|turn|19
|
|t:|1640370142
|move|p2a: Gliscor|Earthquake|p1a: Blissey
|-damage|p1a: Blissey|19\/100
|move|p1a: Blissey|Wish|p1a: Blissey
|
|-heal|p2a: Gliscor|99\/100 tox|[from] ability: Poison Heal
|upkeep
|turn|20
|
|t:|1640370150
|switch|p2a: Cinderace|Cinderace, F|39\/100
|move|p1a: Blissey|Protect||[still]
|-fail|p1a: Blissey
|
|-heal|p1a: Blissey|69\/100|[from] move: Wish|[wisher] Blissey
|upkeep
|turn|21
|
|t:|1640370168
|switch|p1a: Nidoqueen|Nidoqueen-Mega, F|5\/100
|-start|p1a: Nidoqueen|typechange|Poison\/Ground|[silent]
|move|p2a: Cinderace|Pyro Ball|p1a: Nidoqueen
|-damage|p1a: Nidoqueen|0 fnt
|faint|p1a: Nidoqueen
|
|upkeep
|
|t:|1640370173
|switch|p1a: Hoopa|Hoopa-Unbound|100\/100
|turn|22
|
|t:|1640370187
|move|p2a: Cinderace|U-turn|p1a: Hoopa
|-start|p2a: Cinderace|typechange|Bug|[from] ability: Libero
|-supereffective|p1a: Hoopa
|-damage|p1a: Hoopa|0 fnt
|faint|p1a: Hoopa
|
|t:|1640370191
|switch|p2a: Gliscor|Gliscor, M|99\/100 tox|[from]move: U-turn
|
|-heal|p2a: Gliscor|100\/100 tox|[from] ability: Poison Heal
|upkeep
|c|☆SANGO KOKOMI|man
|c|☆SANGO KOKOMI|This was so bad
|-message|SANGO KOKOMI forfeited.
|
|win|kha243
|l|☆SANGO KOKOMI
|l| pitterpatter5786</script>
</div>
<div class="battle-log battle-log-inline"><div class="inner"><div class="battle-options"><div style="padding-top: 3px; padding-right: 3px; text-align: right"><button class="icon button" name="openBattleOptions" title="Options">Battle Options</button></div></div><div class="inner message-log"><div class="chat"><small>☆SANGO KOKOMI and ☆kha243 joined</small></div><div class=""><small>Format:</small> <br><strong>[Gen 8] Megas for All</strong></div><div class="rated"><strong>Tournament battle</strong></div><div class=""><small><em>HP Percentage Mod:</em> HP is shown in percentages</small></div><div class=""><small><em>Endless Battle Clause:</em> Forcing endless battles is banned</small></div><div class=""><small><em>OHKO Clause:</em> OHKO moves are banned</small></div><div class=""><small><em>Evasion Moves Clause:</em> Evasion moves are banned</small></div><div class=""><small><em>Species Clause:</em> Limit one of each Pokémon</small></div><div class=""><small><em>Dynamax Clause:</em> You cannot dynamax</small></div><div class=""><small><em>Sleep Clause Mod:</em> Limit one foe put to sleep</small></div><div class=""><small><em>Freeze Clause Mod:</em> Limit one foe frozen</small></div><div class="chat"><img src="https://raw.githubusercontent.com/scoopapa/DH/master/data/mods/m4av6/sprites/m4a_banner.png" height="65" width="381"></div><div class="spacer battle-history"><br></div><div class="battle-history"><small>Welcome to Megas for All!</small><br></div><div class="battle-history"><small>This is a National Dex-based format where we aim to give a new Mega Evolution to every Pokémon.</small><br></div><div class="battle-history"><small>Just like any official format, you can still only Mega Evolve one Pokémon per team!</small><br></div><div class="battle-history"><small>You can find our thread and metagame resources here:</small><br></div><div class="battle-history"><small>https://www.smogon.com/forums/threads/3671140/</small><br></div><div class="chat battle-history"><strong>SANGO KOKOMI's team:</strong> <em style="color:#445566;display:block;">Nidoqueen / Garchomp / Hoopa-Unbound / Heatran / Blissey / Lunala</em></div><div class="chat battle-history"><strong>kha243's team:</strong> <em style="color:#445566;display:block;">Hydreigon / Cinderace / Tornadus-Therian / Gliscor / Tapu Fini / Slowking-Galar</em></div><div class="chat"><small>#inkbug1 joined</small></div><div class="spacer battle-history"><br></div><div class="battle-history">Battle started between SANGO KOKOMI and kha243!<br></div><div class="spacer battle-history"><br></div><div class="battle-history">Go! <strong>Lunala</strong>!<br></div><div class="spacer battle-history"><br></div><div class="battle-history">kha243 sent out <strong>Hydreigon</strong>!<br></div><div class="spacer battle-history"><br></div><h2 class="battle-history">Turn 1</h2><div class="spacer battle-history"><br></div><div class="battle-history">Lunala, come back!<br></div><div class="battle-history">Go! <strong>Blissey</strong>!<br></div><div class="spacer battle-history"><br></div><div class="battle-history"><small>The opposing Hydreigon's Hydreigonite is reacting to the Key Stone!</small><br>The opposing Hydreigon has Mega Evolved into Mega Hydreigon!<br></div><div class="chat"><ul class="utilichart"><li class="result"><span class="col pokemonnamecol" style="white-space: nowrap">Hydreigon-Mega</span> <span class="col typecol"><img src="https://play.pokemonshowdown.com/sprites/types/Dark.png" alt="Dark" height="14" width="32"><img src="https://play.pokemonshowdown.com/sprites/types/Dragon.png" alt="Dragon" height="14" width="32"></span> <span style="float: left ; min-height: 26px"><span class="col abilitycol">Berserk</span><span class="col abilitycol"></span></span><span style="float: left ; min-height: 26px"><span class="col statcol"><em>HP</em><br>92</span> <span class="col statcol"><em>Atk</em><br>125</span> <span class="col statcol"><em>Def</em><br>110</span> <span class="col statcol"><em>SpA</em><br>165</span> <span class="col statcol"><em>SpD</em><br>90</span> <span class="col statcol"><em>Spe</em><br>118</span> </span></li><li style="clear: both"></li></ul></div><div class="battle-history"><small>(Hydreigon-Mega was submitted by Demon Dragon!)</small><br></div><div class="spacer battle-history"><br></div><div class="battle-history">The opposing Hydreigon used <strong>Dark Pulse</strong>!<br></div><div class="battle-history"><small>(Blissey lost 18% of its health!)</small><br></div><div class="spacer battle-history"><br></div><h2 class="battle-history">Turn 2</h2><div class="spacer battle-history"><br></div><div class="battle-history">Blissey used <strong>Protect</strong>!<br></div><div class="battle-history"><small>Blissey protected itself!</small><br></div><div class="spacer battle-history"><br></div><div class="battle-history">The opposing Hydreigon used <strong>Taunt</strong>!<br></div><div class="battle-history"><small>Blissey protected itself!</small><br></div><div class="spacer battle-history"><br></div><h2 class="battle-history">Turn 3</h2><div class="spacer battle-history"><br></div><div class="battle-history">Blissey, come back!<br></div><div class="battle-history">Go! <strong>Nidoqueen</strong>!<br></div><div class="spacer battle-history"><br></div><div class="battle-history">The opposing Hydreigon used <strong>Taunt</strong>!<br></div><div class="battle-history"><small>Nidoqueen fell for the taunt!</small><br></div><div class="spacer battle-history"><br></div><h2 class="battle-history">Turn 4</h2><div class="spacer battle-history"><br></div><div class="battle-history"><small>Nidoqueen's Nidoqueenite is reacting to the Key Stone!</small><br>Nidoqueen has Mega Evolved into Mega Nidoqueen!<br></div><div class="chat"><ul class="utilichart"><li class="result"><span class="col pokemonnamecol" style="white-space: nowrap">Nidoqueen-Mega</span> <span class="col typecol"><img src="https://play.pokemonshowdown.com/sprites/types/Poison.png" alt="Poison" height="14" width="32"><img src="https://play.pokemonshowdown.com/sprites/types/Ground.png" alt="Ground" height="14" width="32"></span> <span style="float: left ; min-height: 26px"><span class="col abilitycol">Stamina</span><span class="col abilitycol"></span></span><span style="float: left ; min-height: 26px"><span class="col statcol"><em>HP</em><br>90</span> <span class="col statcol"><em>Atk</em><br>122</span> <span class="col statcol"><em>Def</em><br>127</span> <span class="col statcol"><em>SpA</em><br>75</span> <span class="col statcol"><em>SpD</em><br>115</span> <span class="col statcol"><em>Spe</em><br>76</span> </span></li><li style="clear: both"></li></ul></div><div class="battle-history"><small>(Nidoqueen-Mega was submitted by MegaFlareon!)</small><br></div><div class="spacer battle-history"><br></div><div class="battle-history">The opposing Hydreigon used <strong>Earth Power</strong>!<br></div><div class="battle-history"><small>It's super effective!</small><br></div><div class="battle-history"><small>A critical hit!</small><br></div><div class="battle-history"><small>(Nidoqueen lost 95% of its health!)</small><br></div><div class="battle-history">[Nidoqueen's Stamina]<br></div><div class="battle-history"><small>Nidoqueen's Defense rose!</small><br></div><div class="spacer battle-history"><br></div><div class="battle-history">Nidoqueen used <strong>Poison Jab</strong>!<br></div><div class="battle-history"><small>(The opposing Hydreigon lost 30% of its health!)</small><br></div><div class="battle-history"><small>The opposing Hydreigon was poisoned!</small><br></div><div class="spacer battle-history"><br></div><div class="battle-history"><small>The opposing Hydreigon was hurt by poison!</small><br></div><div class="spacer battle-history"><br></div><h2 class="battle-history">Turn 5</h2><div class="chat chatmessage-kha243"><strong style="color:#419e8f"><small>☆</small><span class="username" data-name="kha243">kha243</span>:</strong> <em>dang</em></div><div class="chat chatmessage-sangokokomi"><strong style="color:#715fe5"><small>☆</small><span class="username" data-name="SANGO KOKOMI">SANGO KOKOMI</span>:</strong> <em>man</em></div><div class="chat chatmessage-kha243"><strong style="color:#419e8f"><small>☆</small><span class="username" data-name="kha243">kha243</span>:</strong> <em>that sucked</em></div><div class="spacer battle-history"><br></div><div class="battle-history">Nidoqueen, come back!<br></div><div class="battle-history">Go! <strong>Blissey</strong>!<br></div><div class="spacer battle-history"><br></div><div class="battle-history">The opposing Hydreigon used <strong>Dark Pulse</strong>!<br></div><div class="battle-history"><small>(Blissey lost 18% of its health!)</small><br></div><div class="spacer battle-history"><br></div><div class="battle-history"><small>The opposing Hydreigon was hurt by poison!</small><br></div><div class="spacer battle-history"><br></div><h2 class="battle-history">Turn 6</h2><div class="chat"><small> pitterpatter5786 joined</small></div><div class="spacer battle-history"><br></div><div class="battle-history">The opposing Hydreigon used <strong>Taunt</strong>!<br></div><div class="battle-history"><small>Blissey fell for the taunt!</small><br></div><div class="spacer battle-history"><br></div><div class="battle-history">Blissey can't use Wish after the taunt!<br></div><div class="spacer battle-history"><br></div><div class="battle-history"><small>The opposing Hydreigon was hurt by poison!</small><br></div><div class="spacer battle-history"><br></div><h2 class="battle-history">Turn 7</h2><div class="chat chatmessage-pitterpatter5786"><strong style="color:#b749aa"><small> </small><span class="username" data-name="pitterpatter5786">pitterpatter5786</span>:</strong> <em>is this woopersons btq</em></div><div class="chat chatmessage-pitterpatter5786"><strong style="color:#b749aa"><small> </small><span class="username" data-name="pitterpatter5786">pitterpatter5786</span>:</strong> <em>btw*</em></div><div class="spacer battle-history"><br></div><div class="battle-history">Blissey, come back!<br></div><div class="battle-history">Go! <strong>Garchomp</strong>!<br></div><div class="spacer battle-history"><br></div><div class="battle-history">The opposing Hydreigon used <strong>Roost</strong>!<br></div><div class="battle-history"><small>The opposing Hydreigon had its HP restored.</small><br></div><div class="spacer battle-history"><br></div><div class="battle-history"><small>The opposing Hydreigon was hurt by poison!</small><br></div><div class="spacer battle-history"><br></div><h2 class="battle-history">Turn 8</h2><div class="chat chatmessage-sangokokomi"><strong style="color:#715fe5"><small>☆</small><span class="username" data-name="SANGO KOKOMI">SANGO KOKOMI</span>:</strong> <em>Yes</em></div><div class="spacer battle-history"><br></div><div class="battle-history">Garchomp, come back!<br></div><div class="battle-history">Go! CHEESEMAKER (<strong>Heatran</strong>)!<br></div><div class="spacer battle-history"><br></div><div class="battle-history">The opposing Hydreigon used <strong>Dark Pulse</strong>!<br></div><div class="battle-history"><small>A critical hit!</small><br></div><div class="battle-history"><small>(CHEESEMAKER lost 50% of its health!)</small><br></div><div class="spacer battle-history"><br></div><div class="battle-history"><small>CHEESEMAKER restored a little HP using its Leftovers!</small><br></div><div class="battle-history"><small>The opposing Hydreigon was hurt by poison!</small><br></div><div class="spacer battle-history"><br></div><h2 class="battle-history">Turn 9</h2><div class="chat chatmessage-pitterpatter5786"><strong style="color:#b749aa"><small> </small><span class="username" data-name="pitterpatter5786">pitterpatter5786</span>:</strong> <em>omg cheesemaker</em></div><div class="chat chatmessage-sangokokomi"><strong style="color:#715fe5"><small>☆</small><span class="username" data-name="SANGO KOKOMI">SANGO KOKOMI</span>:</strong> <em>Bro</em></div><div class="chat chatmessage-sangokokomi"><strong style="color:#715fe5"><small>☆</small><span class="username" data-name="SANGO KOKOMI">SANGO KOKOMI</span>:</strong> <em>Can you PLEASE</em></div><div class="spacer battle-history"><br></div><div class="battle-history">CHEESEMAKER used <strong>Protect</strong>!<br></div><div class="battle-history"><small>CHEESEMAKER protected itself!</small><br></div><div class="spacer battle-history"><br></div><div class="battle-history">The opposing Hydreigon used <strong>Earth Power</strong>!<br></div><div class="battle-history"><small>CHEESEMAKER protected itself!</small><br></div><div class="spacer battle-history"><br></div><div class="battle-history"><small>CHEESEMAKER restored a little HP using its Leftovers!</small><br></div><div class="battle-history"><small>The opposing Hydreigon was hurt by poison!</small><br></div><div class="spacer battle-history"><br></div><h2 class="battle-history">Turn 10</h2><div class="spacer battle-history"><br></div><div class="battle-history">CHEESEMAKER, come back!<br></div><div class="battle-history">Go! <strong>Blissey</strong>!<br></div><div class="spacer battle-history"><br></div><div class="battle-history">The opposing Hydreigon used <strong>Earth Power</strong>!<br></div><div class="battle-history"><small>(Blissey lost 15% of its health!)</small><br></div><div class="battle-history"><small>Blissey's Sp. Def fell!</small><br></div><div class="spacer battle-history"><br></div><div class="battle-history"><small>The opposing Hydreigon was hurt by poison!</small><br></div><div class="spacer battle-history"><br></div><h2 class="battle-history">Turn 11</h2><div class="spacer battle-history"><br></div><div class="battle-history">Blissey used <strong>Protect</strong>!<br></div><div class="battle-history"><small>Blissey protected itself!</small><br></div><div class="spacer battle-history"><br></div><div class="battle-history">The opposing Hydreigon used <strong>Roost</strong>!<br></div><div class="battle-history"><small>The opposing Hydreigon had its HP restored.</small><br></div><div class="spacer battle-history"><br></div><div class="battle-history"><small>The opposing Hydreigon was hurt by poison!</small><br></div><div class="spacer battle-history"><br></div><h2 class="battle-history">Turn 12</h2><div class="chat chatmessage-pitterpatter5786"><strong style="color:#b749aa"><small> </small><span class="username" data-name="pitterpatter5786">pitterpatter5786</span>:</strong> <em>the haxx</em></div><div class="chat chatmessage-pitterpatter5786"><strong style="color:#b749aa"><small> </small><span class="username" data-name="pitterpatter5786">pitterpatter5786</span>:</strong> <em>is unreal</em></div><div class="spacer battle-history"><br></div><div class="battle-history">Blissey, come back!<br></div><div class="battle-history">Go! <strong>Lunala</strong>!<br></div><div class="spacer battle-history"><br></div><div class="battle-history">The opposing Hydreigon used <strong>Taunt</strong>!<br></div><div class="battle-history"><small>Lunala fell for the taunt!</small><br></div><div class="spacer battle-history"><br></div><div class="battle-history"><small>The opposing Hydreigon was hurt by poison!</small><br></div><div class="spacer battle-history"><br></div><h2 class="battle-history">Turn 13</h2><div class="spacer battle-history"><br></div><div class="battle-history">The opposing Hydreigon used <strong>Dark Pulse</strong>!<br></div><div class="battle-history"><small>It's super effective!</small><br></div><div class="battle-history"><small>(Lunala lost 66% of its health!)</small><br></div><div class="spacer battle-history"><br></div><div class="battle-history">Lunala used <strong>Ice Beam</strong>!<br></div><div class="battle-history"><small>It's super effective!</small><br></div><div class="battle-history"><small>(The opposing Hydreigon lost 60% of its health!)</small><br></div><div class="spacer battle-history"><br></div><div class="battle-history">The opposing Hydreigon fainted!<br></div><div class="spacer battle-history"><br></div><div class="battle-history">kha243 sent out <strong>Cinderace</strong>!<br></div><div class="spacer battle-history"><br></div><h2 class="battle-history">Turn 14</h2><div class="spacer battle-history"><br></div><div class="battle-history">The opposing Cinderace used <strong>Pyro Ball</strong>!<br></div><div class="battle-history"><small>(Lunala lost 34% of its health!)</small><br></div><div class="spacer battle-history"><br></div><div class="battle-history">Lunala fainted!<br></div><div class="spacer battle-history"><br></div><div class="battle-history">Go! <strong>Garchomp</strong>!<br></div><div class="spacer battle-history"><br></div><h2 class="battle-history">Turn 15</h2><div class="spacer battle-history"><br></div><div class="battle-history">The opposing Cinderace used <strong>U-turn</strong>!<br></div><div class="battle-history">[The opposing Cinderace's Libero]<br><small>The opposing Cinderace's type changed to Bug!</small><br></div><div class="battle-history"><small>(Garchomp lost 36% of its health!)</small><br></div><div class="battle-history">[Garchomp's Rough Skin]<br><small>The opposing Cinderace was hurt!</small><br></div><div class="spacer battle-history"><br></div><div class="battle-history">The opposing Cinderace went back to kha243!<br></div><div class="battle-history">kha243 sent out Tornadus (<strong>Tornadus-Therian</strong>)!<br></div><div class="battle-history"><small>Garchomp surrounded itself with its Z-Power!</small><br></div><div class="spacer battle-history"><br></div><div class="battle-history"><small>Garchomp unleashes its full-force Z-Move!</small><br>Garchomp used <strong>Continental Crush</strong>!<br></div><div class="battle-history"><small>It's super effective!</small><br></div><div class="battle-history"><small>(The opposing Tornadus lost 100% of its health!)</small><br></div><div class="spacer battle-history"><br></div><div class="battle-history">The opposing Tornadus fainted!<br></div><div class="spacer battle-history"><br></div><div class="battle-history">kha243 sent out <strong>Cinderace</strong>!<br></div><div class="spacer battle-history"><br></div><h2 class="battle-history">Turn 16</h2><div class="spacer battle-history"><br></div><div class="battle-history">The opposing Cinderace used <strong>High Jump Kick</strong>!<br></div><div class="battle-history">[The opposing Cinderace's Libero]<br><small>The opposing Cinderace's type changed to Fighting!</small><br></div><div class="battle-history"><small>(Garchomp lost 60% of its health!)</small><br></div><div class="battle-history">[Garchomp's Rough Skin]<br><small>The opposing Cinderace was hurt!</small><br></div><div class="spacer battle-history"><br></div><div class="battle-history">Garchomp used <strong>Scale Shot</strong>!<br></div><div class="battle-history"><small>(The opposing Cinderace lost 18% of its health!)</small><br></div><div class="battle-history"><small>(The opposing Cinderace lost 19% of its health!)</small><br></div><div class="battle-history"><small>The Pokémon was hit 2 times!</small><br></div><div class="battle-history"><small>Garchomp's Defense fell!</small><br></div><div class="battle-history"><small>Garchomp's Speed rose!</small><br></div><div class="spacer battle-history"><br></div><h2 class="battle-history">Turn 17</h2><div class="spacer battle-history"><br></div><div class="battle-history">kha243 withdrew Cinderace!<br></div><div class="battle-history">kha243 sent out <strong>Gliscor</strong>!<br></div><div class="spacer battle-history"><br></div><div class="battle-history">Garchomp used <strong>Earthquake</strong>!<br></div><div class="battle-history"><small>It doesn't affect the opposing Gliscor...</small><br></div><div class="spacer battle-history"><br></div><div class="battle-history"><small>The opposing Gliscor was badly poisoned!</small><br></div><div class="spacer battle-history"><br></div><h2 class="battle-history">Turn 18</h2><div class="spacer battle-history"><br></div><div class="battle-history">Garchomp used <strong>Stone Edge</strong>!<br></div><div class="battle-history"><small>(The opposing Gliscor lost 26% of its health!)</small><br></div><div class="spacer battle-history"><br></div><div class="battle-history">The opposing Gliscor used <strong>Earthquake</strong>!<br></div><div class="battle-history"><small>(Garchomp lost 4% of its health!)</small><br></div><div class="spacer battle-history"><br></div><div class="battle-history">Garchomp fainted!<br></div><div class="spacer battle-history"><br></div><div class="battle-history">[The opposing Gliscor's Poison Heal]<br><small>The opposing Gliscor had its HP restored.</small><br></div><div class="spacer battle-history"><br></div><div class="battle-history">Go! <strong>Blissey</strong>!<br></div><div class="spacer battle-history"><br></div><h2 class="battle-history">Turn 19</h2><div class="spacer battle-history"><br></div><div class="battle-history">The opposing Gliscor used <strong>Earthquake</strong>!<br></div><div class="battle-history"><small>(Blissey lost 30% of its health!)</small><br></div><div class="spacer battle-history"><br></div><div class="battle-history">Blissey used <strong>Wish</strong>!<br></div><div class="spacer battle-history"><br></div><div class="battle-history">[The opposing Gliscor's Poison Heal]<br><small>The opposing Gliscor had its HP restored.</small><br></div><div class="spacer battle-history"><br></div><h2 class="battle-history">Turn 20</h2><div class="spacer battle-history"><br></div><div class="battle-history">kha243 withdrew Gliscor!<br></div><div class="battle-history">kha243 sent out <strong>Cinderace</strong>!<br></div><div class="spacer battle-history"><br></div><div class="battle-history">Blissey used <strong>Protect</strong>!<br></div><div class="battle-history"><small>But it failed!</small><br></div><div class="spacer battle-history"><br></div><div class="battle-history"><small>Blissey's wish came true!</small><br></div><div class="spacer battle-history"><br></div><h2 class="battle-history">Turn 21</h2><div class="spacer battle-history"><br></div><div class="battle-history">Blissey, come back!<br></div><div class="battle-history">Go! Nidoqueen (<strong>Nidoqueen-Mega</strong>)!<br></div><div class="spacer battle-history"><br></div><div class="battle-history">The opposing Cinderace used <strong>Pyro Ball</strong>!<br></div><div class="battle-history"><small>(Nidoqueen lost 5% of its health!)</small><br></div><div class="spacer battle-history"><br></div><div class="battle-history">Nidoqueen fainted!<br></div><div class="spacer battle-history"><br></div><div class="battle-history">Go! Hoopa (<strong>Hoopa-Unbound</strong>)!<br></div><div class="spacer battle-history"><br></div><h2 class="battle-history">Turn 22</h2><div class="spacer battle-history"><br></div><div class="battle-history">The opposing Cinderace used <strong>U-turn</strong>!<br></div><div class="battle-history">[The opposing Cinderace's Libero]<br><small>The opposing Cinderace's type changed to Bug!</small><br></div><div class="battle-history"><small>It's super effective!</small><br></div><div class="battle-history"><small>(Hoopa lost 100% of its health!)</small><br></div><div class="spacer battle-history"><br></div><div class="battle-history">Hoopa fainted!<br></div><div class="spacer battle-history"><br></div><div class="battle-history">The opposing Cinderace went back to kha243!<br></div><div class="battle-history">kha243 sent out <strong>Gliscor</strong>!<br></div><div class="spacer battle-history"><br></div><div class="battle-history">[The opposing Gliscor's Poison Heal]<br><small>The opposing Gliscor had its HP restored.</small><br></div><div class="chat chatmessage-sangokokomi"><strong style="color:#715fe5"><small>☆</small><span class="username" data-name="SANGO KOKOMI">SANGO KOKOMI</span>:</strong> <em>man</em></div><div class="chat chatmessage-sangokokomi"><strong style="color:#715fe5"><small>☆</small><span class="username" data-name="SANGO KOKOMI">SANGO KOKOMI</span>:</strong> <em>This was so bad</em></div><div class="spacer battle-history"><br></div><div class="battle-history"><small>SANGO KOKOMI forfeited.</small><br></div><div class="spacer battle-history"><br></div><div class="battle-history"><strong>kha243</strong> won the battle!<br></div><div class="chat"><small>☆SANGO KOKOMI and  pitterpatter5786 left</small></div></div><div class="inner-preempt message-log"></div></div></div>
</div>
<script>
let daily = Math.floor(Date.now()/1000/60/60/24);document.write('<script src="https://dragonheaven.herokuapp.com/js/replay-embed.js?version'+daily+'"></'+'script>');
</script>
