<!DOCTYPE html>
<meta charset="utf-8" />
<!-- version 1 -->
<title>[Gen 8] M4A VGC replay: El Cadaver vs. Woopersons 42!</title>
<style>
html,body {font-family:Verdana, sans-serif;font-size:10pt;margin:0;padding:0;}body{padding:12px 0;} .battle-log {font-family:Verdana, sans-serif;font-size:10pt;} .battle-log-inline {border:1px solid #AAAAAA;background:#EEF2F5;color:black;max-width:640px;margin:0 auto 80px;padding-bottom:5px;} .battle-log .inner {padding:4px 8px 0px 8px;} .battle-log .inner-preempt {padding:0 8px 4px 8px;} .battle-log .inner-after {margin-top:0.5em;} .battle-log h2 {margin:0.5em -8px;padding:4px 8px;border:1px solid #AAAAAA;background:#E0E7EA;border-left:0;border-right:0;font-family:Verdana, sans-serif;font-size:13pt;} .battle-log .chat {vertical-align:middle;padding:3px 0 3px 0;font-size:8pt;} .battle-log .chat strong {color:#40576A;} .battle-log .chat em {padding:1px 4px 1px 3px;color:#000000;font-style:normal;} .chat.mine {background:rgba(0,0,0,0.05);margin-left:-8px;margin-right:-8px;padding-left:8px;padding-right:8px;} .spoiler {color:#BBBBBB;background:#BBBBBB;padding:0px 3px;} .spoiler:hover, .spoiler:active, .spoiler-shown {color:#000000;background:#E2E2E2;padding:0px 3px;} .spoiler a {color:#BBBBBB;} .spoiler:hover a, .spoiler:active a, .spoiler-shown a {color:#2288CC;} .chat code, .chat .spoiler:hover code, .chat .spoiler:active code, .chat .spoiler-shown code {border:1px solid #C0C0C0;background:#EEEEEE;color:black;padding:0 2px;} .chat .spoiler code {border:1px solid #CCCCCC;background:#CCCCCC;color:#CCCCCC;} .battle-log .rated {padding:3px 4px;} .battle-log .rated strong {color:white;background:#89A;padding:1px 4px;border-radius:4px;} .spacer {margin-top:0.5em;} .message-announce {background:#6688AA;color:white;padding:1px 4px 2px;} .message-announce a, .broadcast-green a, .broadcast-blue a, .broadcast-red a {color:#DDEEFF;} .broadcast-green {background-color:#559955;color:white;padding:2px 4px;} .broadcast-blue {background-color:#6688AA;color:white;padding:2px 4px;} .infobox {border:1px solid #6688AA;padding:2px 4px;} .infobox-limited {max-height:200px;overflow:auto;overflow-x:hidden;} .broadcast-red {background-color:#AA5544;color:white;padding:2px 4px;} .message-learn-canlearn {font-weight:bold;color:#228822;text-decoration:underline;} .message-learn-cannotlearn {font-weight:bold;color:#CC2222;text-decoration:underline;} .message-effect-weak {font-weight:bold;color:#CC2222;} .message-effect-resist {font-weight:bold;color:#6688AA;} .message-effect-immune {font-weight:bold;color:#666666;} .message-learn-list {margin-top:0;margin-bottom:0;} .message-throttle-notice, .message-error {color:#992222;} .message-overflow, .chat small.message-overflow {font-size:0pt;} .message-overflow::before {font-size:9pt;content:'...';} .subtle {color:#3A4A66;}
</style>
<div class="wrapper replay-wrapper" style="max-width:1180px;margin:0 auto">
<input type="hidden" name="replayid" value="dragonheaven-gen8m4avgc-278" />
<div class="battle"></div><div class="battle-log"></div><div class="replay-controls"></div><div class="replay-controls-2"></div>
<h1 style="font-weight:normal;text-align:center"><strong>[Gen 8] M4A VGC</strong><br /><a href="http://pokemonshowdown.com/users/elcadaver" class="subtle" target="_blank">El Cadaver</a> vs. <a href="http://pokemonshowdown.com/users/woopersons42" class="subtle" target="_blank">Woopersons 42!</a></h1>
<script type="text/plain" class="battle-log-data">|j|☆El Cadaver
|j|☆Woopersons 42!
|t:|1619542629
|player|p1|El Cadaver|pokemonranger-gen3|
|player|p2|Woopersons 42!|bugsy|
|teamsize|p1|6
|teamsize|p2|6
|gametype|doubles
|gen|8
|tier|[Gen 8] M4A VGC
|clearpoke
|poke|p1|Glastrier, L50|
|poke|p1|Cinderace, L50, M|
|poke|p1|Aegislash, L50, F|
|poke|p1|Rillaboom, L50, M|
|poke|p1|Weavile, L50, F|
|poke|p1|Terrakion, L50|
|poke|p2|Empoleon, L50, F|
|poke|p2|Heliolisk, L50, F|
|poke|p2|Politoed, L50, M|
|poke|p2|Kingdra, L50, M|
|poke|p2|Urshifu-*, L50, M|
|poke|p2|Clefairy, L50, F|
|rule|Species Clause: Limit one of each Pokémon
|rule|Item Clause: Limit one of each item
|rule|Dynamax Clause: You cannot dynamax
|raw|<img src="https:\/\/www.smogon.com\/forums\/attachments\/banner_2-png.302358\/" height="65" width="381">
|-message|Welcome to Megas for All!
|-message|This is a National Dex-based format where we aim to give a new Mega Evolution to every Pokémon.
|-message|Just like any official format, you can still only Mega Evolve one Pokémon per team!
|-message|You can find our thread and metagame resources here:
|-message|https:\/\/www.smogon.com\/forums\/threads\/3671140\/
|teampreview|4
|j| Mossy Sandwich
|c|☆El Cadaver|hf
|c|☆Woopersons 42!|u2
|
|t:|1619542652
|start
|switch|p1a: Cinderace|Cinderace, L50, M|48\/48
|switch|p1b: Weavile|Weavile, L50, F|48\/48
|switch|p2a: Urshifu|Urshifu, L50, M|48\/48
|switch|p2b: Heliolisk|Heliolisk, L50, F|48\/48
|turn|1
|
|t:|1619542673
|move|p2a: Urshifu|Detect|p2a: Urshifu
|-singleturn|p2a: Urshifu|Protect
|move|p1b: Weavile|Fake Out|p2a: Urshifu
|-activate|p2a: Urshifu|move: Protect
|move|p1a: Cinderace|Pyro Ball|p2b: Heliolisk
|-damage|p2b: Heliolisk|0 fnt
|faint|p2b: Heliolisk
|
|upkeep
|j| Gravity Monkey
|
|t:|1619542688
|switch|p2b: happy|Politoed, L50, M, shiny|48\/48
|-weather|RainDance|[from] ability: Drizzle|[of] p2b: happy
|turn|2
|c| Gravity Monkey|gagnamos
|
|t:|1619542700
|detailschange|p1a: Cinderace|Cinderace-Mega, L50, M
|-mega|p1a: Cinderace|Cinderace|Cinderite
|-start|p1a: Cinderace|typechange|Fire|[silent]
|raw|<ul class="utilichart"><li class="result"><span class="col pokemonnamecol" style="white-space: nowrap">Cinderace-Mega<\/span> <span class="col typecol"><img src="https:\/\/play.pokemonshowdown.com\/sprites\/types\/Fire.png" alt="Fire" height="14" width="32"><\/span> <span style="float: left ; min-height: 26px"><span class="col abilitycol">Sharp Striker<\/span><span class="col abilitycol"><\/span><\/span><span style="float: left ; min-height: 26px"><span class="col statcol"><em>HP<\/em><br>80<\/span> <span class="col statcol"><em>Atk<\/em><br>126<\/span> <span class="col statcol"><em>Def<\/em><br>95<\/span> <span class="col statcol"><em>SpA<\/em><br>135<\/span> <span class="col statcol"><em>SpD<\/em><br>95<\/span> <span class="col statcol"><em>Spe<\/em><br>99<\/span> <\/span><\/li><li style="clear: both"><\/li><\/ul>
|move|p1b: Weavile|Fling|p2b: happy
|-damage|p2b: happy|39\/48
|-enditem|p1b: Weavile|King's Rock|[from] move: Fling
|move|p1a: Cinderace|Focus Blast|p2a: Urshifu|[miss]
|-miss|p1a: Cinderace|p2a: Urshifu
|move|p2a: Urshifu|Wicked Blow|p1a: Cinderace
|-crit|p1a: Cinderace
|-damage|p1a: Cinderace|5\/48
|cant|p2b: happy|flinch
|
|-weather|RainDance|[upkeep]
|upkeep
|turn|3
|
|t:|1619542719
|switch|p1b: Rillaboom|Rillaboom, L50, M|48\/48
|-fieldstart|move: Grassy Terrain|[from] ability: Grassy Surge|[of] p1b: Rillaboom
|move|p1a: Cinderace|Protect|p1a: Cinderace
|-singleturn|p1a: Cinderace|Protect
|move|p2a: Urshifu|Sucker Punch||[still]
|-fail|p2a: Urshifu
|move|p2b: happy|Muddy Water|p1a: Cinderace|[spread] 
|-activate|p1a: Cinderace|move: Protect
|-miss|p2b: happy|p1b: Rillaboom
|
|-weather|RainDance|[upkeep]
|-heal|p1a: Cinderace|8\/48|[from] Grassy Terrain
|-heal|p2b: happy|42\/48|[from] Grassy Terrain
|upkeep
|turn|4
|
|t:|1619542728
|move|p1b: Rillaboom|Fake Out|p2a: Urshifu
|-damage|p2a: Urshifu|41\/48
|cant|p2a: Urshifu|flinch
|move|p1a: Cinderace|Electro Ball|p2b: happy
|-supereffective|p2b: happy
|-damage|p2b: happy|17\/48
|-enditem|p2b: happy|Sitrus Berry|[eat]
|-heal|p2b: happy|29\/48|[from] item: Sitrus Berry
|move|p2b: happy|Icy Wind|p1b: Rillaboom|[spread] p1a,p1b
|-resisted|p1a: Cinderace
|-supereffective|p1b: Rillaboom
|-damage|p1a: Cinderace|5\/48
|-damage|p1b: Rillaboom|34\/48
|-unboost|p1a: Cinderace|spe|1
|-unboost|p1b: Rillaboom|spe|1
|
|-weather|RainDance|[upkeep]
|-heal|p2a: Urshifu|43\/48|[from] Grassy Terrain
|-heal|p1a: Cinderace|8\/48|[from] Grassy Terrain
|-heal|p1b: Rillaboom|37\/48|[from] Grassy Terrain
|-heal|p2b: happy|32\/48|[from] Grassy Terrain
|upkeep
|turn|5
|
|t:|1619542740
|switch|p1a: Aegislash|Aegislash, L50, F|48\/48
|move|p2a: Urshifu|Detect|p2a: Urshifu
|-singleturn|p2a: Urshifu|Protect
|move|p1b: Rillaboom|Grassy Glide|p2b: happy
|-supereffective|p2b: happy
|-damage|p2b: happy|0 fnt
|faint|p2b: happy
|
|-weather|RainDance|[upkeep]
|-heal|p2a: Urshifu|46\/48|[from] Grassy Terrain
|-heal|p1b: Rillaboom|39\/48|[from] Grassy Terrain
|upkeep
|j| Hematemesis
|
|t:|1619542747
|switch|p2b: Empoleon|Empoleon, L50, F|48\/48
|turn|6
|
|t:|1619542754
|detailschange|p2b: Empoleon|Empoleon-Mega, L50, F
|-mega|p2b: Empoleon|Empoleon|Empoleonite
|-start|p2b: Empoleon|typechange|Water\/Steel|[silent]
|raw|<ul class="utilichart"><li class="result"><span class="col pokemonnamecol" style="white-space: nowrap">Empoleon-Mega<\/span> <span class="col typecol"><img src="https:\/\/play.pokemonshowdown.com\/sprites\/types\/Water.png" alt="Water" height="14" width="32"><img src="https:\/\/play.pokemonshowdown.com\/sprites\/types\/Steel.png" alt="Steel" height="14" width="32"><\/span> <span style="float: left ; min-height: 26px"><span class="col abilitycol">Lightning Rod<\/span><span class="col abilitycol"><\/span><\/span><span style="float: left ; min-height: 26px"><span class="col statcol"><em>HP<\/em><br>84<\/span> <span class="col statcol"><em>Atk<\/em><br>86<\/span> <span class="col statcol"><em>Def<\/em><br>103<\/span> <span class="col statcol"><em>SpA<\/em><br>131<\/span> <span class="col statcol"><em>SpD<\/em><br>141<\/span> <span class="col statcol"><em>Spe<\/em><br>85<\/span> <\/span><\/li><li style="clear: both"><\/li><\/ul>
|move|p1b: Rillaboom|Protect|p1b: Rillaboom
|-singleturn|p1b: Rillaboom|Protect
|move|p2a: Urshifu|Sucker Punch|p1a: Aegislash
|-supereffective|p1a: Aegislash
|-damage|p1a: Aegislash|21\/48
|move|p2b: Empoleon|Origin Pulse|p1a: Aegislash|[spread] p1a
|-activate|p1b: Rillaboom|move: Protect
|-damage|p1a: Aegislash|0 fnt
|faint|p1a: Aegislash
|
|-weather|none
|-heal|p2a: Urshifu|48\/48|[from] Grassy Terrain
|-heal|p1b: Rillaboom|42\/48|[from] Grassy Terrain
|upkeep
|c| Hematemesis|GANHAMOS XED
|
|t:|1619542758
|switch|p1a: Weavile|Weavile, L50, F|48\/48
|turn|7
|
|t:|1619542772
|move|p2a: Urshifu|Detect|p2a: Urshifu
|-singleturn|p2a: Urshifu|Protect
|move|p1a: Weavile|Fake Out|p2a: Urshifu
|-activate|p2a: Urshifu|move: Protect
|move|p1b: Rillaboom|Grassy Glide|p2a: Urshifu
|-activate|p2a: Urshifu|move: Protect
|move|p2b: Empoleon|Origin Pulse|p1a: Weavile|[spread] p1a
|-miss|p2b: Empoleon|p1b: Rillaboom
|-damage|p1a: Weavile|20\/48
|
|-heal|p1a: Weavile|23\/48|[from] Grassy Terrain
|-heal|p1b: Rillaboom|45\/48|[from] Grassy Terrain
|-fieldend|move: Grassy Terrain
|upkeep
|turn|8
|
|t:|1619542787
|switch|p1b: Cinderace|Cinderace-Mega, L50, M|8\/48
|-start|p1b: Cinderace|typechange|Fire|[silent]
|move|p1a: Weavile|Triple Axel|p2a: Urshifu
|-damage|p2a: Urshifu|43\/48
|-damage|p2a: Urshifu|32\/48
|-damage|p2a: Urshifu|18\/48
|-hitcount|p2a: Urshifu|3
|move|p2a: Urshifu|Wicked Blow|p1b: Cinderace
|-crit|p1b: Cinderace
|-damage|p1b: Cinderace|0 fnt
|faint|p1b: Cinderace
|move|p2b: Empoleon|Origin Pulse|p1a: Weavile
|-crit|p1a: Weavile
|-damage|p1a: Weavile|0 fnt
|faint|p1a: Weavile
|
|upkeep
|c|☆El Cadaver|:(
|c|☆El Cadaver|gg
|
|t:|1619542794
|switch|p1b: Rillaboom|Rillaboom, L50, M|45\/48
|-fieldstart|move: Grassy Terrain|[from] ability: Grassy Surge|[of] p1b: Rillaboom
|turn|9
|c|☆Woopersons 42!|gg
|
|t:|1619542802
|move|p2a: Urshifu|Detect|p2a: Urshifu
|-singleturn|p2a: Urshifu|Protect
|move|p1b: Rillaboom|Fake Out|p2b: Empoleon
|-resisted|p2b: Empoleon
|-damage|p2b: Empoleon|44\/48
|cant|p2b: Empoleon|flinch
|
|-heal|p2a: Urshifu|21\/48|[from] Grassy Terrain
|-heal|p2b: Empoleon|47\/48|[from] Grassy Terrain
|-heal|p1b: Rillaboom|48\/48|[from] Grassy Terrain
|upkeep
|turn|10
|
|t:|1619542810
|move|p1b: Rillaboom|Grassy Glide|p2a: Urshifu
|-damage|p2a: Urshifu|0 fnt
|faint|p2a: Urshifu
|move|p2b: Empoleon|Ice Beam|p1b: Rillaboom
|-supereffective|p1b: Rillaboom
|-damage|p1b: Rillaboom|10\/48
|
|-heal|p1b: Rillaboom|13\/48|[from] Grassy Terrain
|-heal|p2b: Empoleon|48\/48|[from] Grassy Terrain
|upkeep
|turn|11
|
|t:|1619542816
|move|p1b: Rillaboom|Grassy Glide|p2b: Empoleon
|-damage|p2b: Empoleon|17\/48
|move|p2b: Empoleon|Ice Beam|p1b: Rillaboom
|-supereffective|p1b: Rillaboom
|-damage|p1b: Rillaboom|0 fnt
|faint|p1b: Rillaboom
|
|win|Woopersons 42!
|c|☆Woopersons 42!|gg
|l|☆El Cadaver
|l| Mossy Sandwich
|l| Gravity Monkey
|l| Hematemesis
|l|☆Woopersons 42!
|j|☆Woopersons 42!
|player|p2|Woopersons 42!|bugsy
|j|☆El Cadaver
|player|p1|El Cadaver|pokemonranger-gen3

|player|p1|El Cadaver|pokemonranger-gen3</script>
</div>
<div class="battle-log battle-log-inline"><div class="inner"><div class="battle-options"><div style="padding-top: 3px; padding-right: 3px; text-align: right"><button class="icon button" name="openBattleOptions" title="Options">Battle Options</button></div></div><div class="inner message-log"><div class="chat"><small>☆El Cadaver and ☆Woopersons 42! joined</small></div><div class=""><small>Format:</small> <br><strong>[Gen 8] M4A VGC</strong></div><div class=""><small><em>Species Clause:</em> Limit one of each Pokémon</small></div><div class=""><small><em>Item Clause:</em> Limit one of each item</small></div><div class=""><small><em>Dynamax Clause:</em> You cannot dynamax</small></div><div class="chat"><img src="https://www.smogon.com/forums/attachments/banner_2-png.302358/" width="381" height="65"></div><div class="spacer battle-history"><br></div><div class="battle-history"><small>Welcome to Megas for All!</small><br></div><div class="battle-history"><small>This is a National Dex-based format where we aim to give a new Mega Evolution to every Pokémon.</small><br></div><div class="battle-history"><small>Just like any official format, you can still only Mega Evolve one Pokémon per team!</small><br></div><div class="battle-history"><small>You can find our thread and metagame resources here:</small><br></div><div class="battle-history"><small>https://www.smogon.com/forums/threads/3671140/</small><br></div><div class="chat battle-history"><strong>El Cadaver's team:</strong> <em style="color:#445566;display:block;">Glastrier / Cinderace / Aegislash / Rillaboom / Weavile / Terrakion</em></div><div class="chat battle-history"><strong>Woopersons 42!'s team:</strong> <em style="color:#445566;display:block;">Empoleon / Heliolisk / Politoed / Kingdra / Urshifu-* / Clefairy</em></div><div class="chat"><small> Mossy Sandwich joined</small></div><div class="chat chatmessage-elcadaver mine"><strong style="color:#5f9216"><small>☆</small><span class="username" data-name="El Cadaver">El Cadaver</span>:</strong> <em>hf</em></div><div class="chat chatmessage-woopersons42"><strong style="color:#795fd7"><small>☆</small><span class="username" data-name="Woopersons 42!">Woopersons 42!</span>:</strong> <em>u2</em></div><div class="spacer battle-history"><br></div><div class="battle-history">Battle started between El Cadaver and Woopersons 42!!<br></div><div class="spacer battle-history"><br></div><div class="battle-history">Go! <strong>Cinderace</strong>!<br></div><div class="spacer battle-history"><br></div><div class="battle-history">Go! <strong>Weavile</strong>!<br></div><div class="spacer battle-history"><br></div><div class="battle-history">Woopersons 42! sent out <strong>Urshifu</strong>!<br></div><div class="spacer battle-history"><br></div><div class="battle-history">Woopersons 42! sent out <strong>Heliolisk</strong>!<br></div><div class="spacer battle-history"><br></div><h2 class="battle-history">Turn 1</h2><div class="spacer battle-history"><br></div><div class="battle-history">The opposing Urshifu used <strong>Detect</strong>!<br></div><div class="battle-history"><small>The opposing Urshifu protected itself!</small><br></div><div class="spacer battle-history"><br></div><div class="battle-history">Weavile used <strong>Fake Out</strong>!<br></div><div class="battle-history"><small>The opposing Urshifu protected itself!</small><br></div><div class="spacer battle-history"><br></div><div class="battle-history">Cinderace used <strong>Pyro Ball</strong>!<br></div><div class="battle-history"><small>(The opposing Heliolisk lost <abbr title="−48/48 pixels">100%</abbr> of its health!)</small><br></div><div class="spacer battle-history"><br></div><div class="battle-history">The opposing Heliolisk fainted!<br></div><div class="chat"><small> Gravity Monkey joined</small></div><div class="spacer battle-history"><br></div><div class="battle-history">Woopersons 42! sent out happy (<strong>Politoed</strong>)!<br></div><div class="battle-history">[The opposing happy's Drizzle]<br><small>It started to rain!</small><br></div><div class="spacer battle-history"><br></div><h2 class="battle-history">Turn 2</h2><div class="chat chatmessage-gravitymonkey"><strong style="color:#a3742e"><small> </small><span class="username" data-name="Gravity Monkey">Gravity Monkey</span>:</strong> <em>gagnamos</em></div><div class="spacer battle-history"><br></div><div class="battle-history"><small>Cinderace's Cinderite is reacting to the Key Stone!</small><br>Cinderace has Mega Evolved into Mega Cinderace!<br></div><div class="chat"><ul class="utilichart"><li class="result"><span class="col pokemonnamecol" style="white-space: nowrap">Cinderace-Mega</span> <span class="col typecol"><img src="https://play.pokemonshowdown.com/sprites/types/Fire.png" alt="Fire" width="32" height="14"></span> <span style="float: left ; min-height: 26px"><span class="col abilitycol">Sharp Striker</span><span class="col abilitycol"></span></span><span style="float: left ; min-height: 26px"><span class="col statcol"><em>HP</em><br>80</span> <span class="col statcol"><em>Atk</em><br>126</span> <span class="col statcol"><em>Def</em><br>95</span> <span class="col statcol"><em>SpA</em><br>135</span> <span class="col statcol"><em>SpD</em><br>95</span> <span class="col statcol"><em>Spe</em><br>99</span> </span></li><li style="clear: both"></li></ul></div><div class="spacer battle-history"><br></div><div class="battle-history">Weavile used <strong>Fling</strong>!<br></div><div class="battle-history"><small>(The opposing happy lost <abbr title="−9/48 pixels">16.7–18.8%</abbr> of its health!)</small><br></div><div class="battle-history"><small>Weavile flung its King's Rock!</small><br></div><div class="spacer battle-history"><br></div><div class="battle-history">Cinderace used <strong>Focus Blast</strong>!<br></div><div class="battle-history"><small>The opposing Urshifu avoided the attack!</small><br></div><div class="spacer battle-history"><br></div><div class="battle-history">The opposing Urshifu used <strong>Wicked Blow</strong>!<br></div><div class="battle-history"><small>A critical hit!</small><br></div><div class="battle-history"><small>(Cinderace lost <abbr title="−43/48 pixels">87.6–89.6%</abbr> of its health!)</small><br></div><div class="spacer battle-history"><br></div><div class="battle-history">The opposing happy flinched and couldn't move!<br></div><div class="spacer battle-history"><br></div><div class="battle-history"><small>(Rain continues to fall.)</small><br></div><div class="spacer battle-history"><br></div><h2 class="battle-history">Turn 3</h2><div class="spacer battle-history"><br></div><div class="battle-history">Weavile, come back!<br></div><div class="battle-history">Go! <strong>Rillaboom</strong>!<br></div><div class="battle-history">[Rillaboom's Grassy Surge]<br><small>Grass grew to cover the battlefield!</small><br></div><div class="spacer battle-history"><br></div><div class="battle-history">Cinderace used <strong>Protect</strong>!<br></div><div class="battle-history"><small>Cinderace protected itself!</small><br></div><div class="spacer battle-history"><br></div><div class="battle-history">The opposing Urshifu used <strong>Sucker Punch</strong>!<br></div><div class="battle-history"><small>But it failed!</small><br></div><div class="spacer battle-history"><br></div><div class="battle-history">The opposing happy used <strong>Muddy Water</strong>!<br></div><div class="battle-history"><small>Cinderace protected itself!</small><br></div><div class="battle-history"><small>Rillaboom avoided the attack!</small><br></div><div class="spacer battle-history"><br></div><div class="battle-history"><small>(Rain continues to fall.)</small><br></div><div class="battle-history"><small>Cinderace's HP was restored.</small><br></div><div class="battle-history"><small>The opposing happy's HP was restored.</small><br></div><div class="spacer battle-history"><br></div><h2 class="battle-history">Turn 4</h2><div class="spacer battle-history"><br></div><div class="battle-history">Rillaboom used <strong>Fake Out</strong>!<br></div><div class="battle-history"><small>(The opposing Urshifu lost <abbr title="−7/48 pixels">12.6–14.6%</abbr> of its health!)</small><br></div><div class="spacer battle-history"><br></div><div class="battle-history">The opposing Urshifu flinched and couldn't move!<br></div><div class="spacer battle-history"><br></div><div class="battle-history">Cinderace used <strong>Electro Ball</strong>!<br></div><div class="battle-history"><small>It's super effective!</small><br></div><div class="battle-history"><small>(The opposing happy lost <abbr title="−25/48 pixels">50.1–54.1%</abbr> of its health!)</small><br></div><div class="battle-history"><small>(The opposing happy ate its Sitrus Berry!)</small><br></div><div class="battle-history"><small>The opposing happy restored HP using its Sitrus Berry!</small><br></div><div class="spacer battle-history"><br></div><div class="battle-history">The opposing happy used <strong>Icy Wind</strong>!<br></div><div class="battle-history"><small>It's not very effective on Cinderace.</small><br></div><div class="battle-history"><small>It's super effective on Rillaboom!</small><br></div><div class="battle-history"><small>(Cinderace lost <abbr title="−3/48 pixels">4.2–8.3%</abbr> of its health!)</small><br></div><div class="battle-history"><small>(Rillaboom lost <abbr title="−14/48 pixels">27.2–29.2%</abbr> of its health!)</small><br></div><div class="battle-history"><small>Cinderace's Speed fell!</small><br></div><div class="battle-history"><small>Rillaboom's Speed fell!</small><br></div><div class="spacer battle-history"><br></div><div class="battle-history"><small>(Rain continues to fall.)</small><br></div><div class="battle-history"><small>The opposing Urshifu's HP was restored.</small><br></div><div class="battle-history"><small>Cinderace's HP was restored.</small><br></div><div class="battle-history"><small>Rillaboom's HP was restored.</small><br></div><div class="battle-history"><small>The opposing happy's HP was restored.</small><br></div><div class="spacer battle-history"><br></div><h2 class="battle-history">Turn 5</h2><div class="spacer battle-history"><br></div><div class="battle-history">Cinderace, come back!<br></div><div class="battle-history">Go! <strong>Aegislash</strong>!<br></div><div class="spacer battle-history"><br></div><div class="battle-history">The opposing Urshifu used <strong>Detect</strong>!<br></div><div class="battle-history"><small>The opposing Urshifu protected itself!</small><br></div><div class="spacer battle-history"><br></div><div class="battle-history">Rillaboom used <strong>Grassy Glide</strong>!<br></div><div class="battle-history"><small>It's super effective!</small><br></div><div class="battle-history"><small>(The opposing happy lost <abbr title="−32/48 pixels">66.7–68.7%</abbr> of its health!)</small><br></div><div class="spacer battle-history"><br></div><div class="battle-history">The opposing happy fainted!<br></div><div class="spacer battle-history"><br></div><div class="battle-history"><small>(Rain continues to fall.)</small><br></div><div class="battle-history"><small>The opposing Urshifu's HP was restored.</small><br></div><div class="battle-history"><small>Rillaboom's HP was restored.</small><br></div><div class="chat"><small> Hematemesis joined</small></div><div class="spacer battle-history"><br></div><div class="battle-history">Woopersons 42! sent out <strong>Empoleon</strong>!<br></div><div class="spacer battle-history"><br></div><h2 class="battle-history">Turn 6</h2><div class="spacer battle-history"><br></div><div class="battle-history"><small>The opposing Empoleon's Empoleonite is reacting to the Key Stone!</small><br>The opposing Empoleon has Mega Evolved into Mega Empoleon!<br></div><div class="chat"><ul class="utilichart"><li class="result"><span class="col pokemonnamecol" style="white-space: nowrap">Empoleon-Mega</span> <span class="col typecol"><img src="https://play.pokemonshowdown.com/sprites/types/Water.png" alt="Water" width="32" height="14"><img src="https://play.pokemonshowdown.com/sprites/types/Steel.png" alt="Steel" width="32" height="14"></span> <span style="float: left ; min-height: 26px"><span class="col abilitycol">Lightning Rod</span><span class="col abilitycol"></span></span><span style="float: left ; min-height: 26px"><span class="col statcol"><em>HP</em><br>84</span> <span class="col statcol"><em>Atk</em><br>86</span> <span class="col statcol"><em>Def</em><br>103</span> <span class="col statcol"><em>SpA</em><br>131</span> <span class="col statcol"><em>SpD</em><br>141</span> <span class="col statcol"><em>Spe</em><br>85</span> </span></li><li style="clear: both"></li></ul></div><div class="spacer battle-history"><br></div><div class="battle-history">Rillaboom used <strong>Protect</strong>!<br></div><div class="battle-history"><small>Rillaboom protected itself!</small><br></div><div class="spacer battle-history"><br></div><div class="battle-history">The opposing Urshifu used <strong>Sucker Punch</strong>!<br></div><div class="battle-history"><small>It's super effective!</small><br></div><div class="battle-history"><small>(Aegislash lost <abbr title="−27/48 pixels">54.2–56.3%</abbr> of its health!)</small><br></div><div class="spacer battle-history"><br></div><div class="battle-history">The opposing Empoleon used <strong>Origin Pulse</strong>!<br></div><div class="battle-history"><small>Rillaboom protected itself!</small><br></div><div class="battle-history"><small>(Aegislash lost <abbr title="−21/48 pixels">43.8–45.8%</abbr> of its health!)</small><br></div><div class="spacer battle-history"><br></div><div class="battle-history">Aegislash fainted!<br></div><div class="spacer battle-history"><br></div><div class="battle-history"><small>The rain stopped.</small><br></div><div class="battle-history"><small>The opposing Urshifu's HP was restored.</small><br></div><div class="battle-history"><small>Rillaboom's HP was restored.</small><br></div><div class="chat chatmessage-hematemesis"><strong style="color:#9412d5"><small> </small><span class="username" data-name="Hematemesis">Hematemesis</span>:</strong> <em>GANHAMOS XED</em></div><div class="spacer battle-history"><br></div><div class="battle-history">Go! <strong>Weavile</strong>!<br></div><div class="spacer battle-history"><br></div><h2 class="battle-history">Turn 7</h2><div class="spacer battle-history"><br></div><div class="battle-history">The opposing Urshifu used <strong>Detect</strong>!<br></div><div class="battle-history"><small>The opposing Urshifu protected itself!</small><br></div><div class="spacer battle-history"><br></div><div class="battle-history">Weavile used <strong>Fake Out</strong>!<br></div><div class="battle-history"><small>The opposing Urshifu protected itself!</small><br></div><div class="spacer battle-history"><br></div><div class="battle-history">Rillaboom used <strong>Grassy Glide</strong>!<br></div><div class="battle-history"><small>The opposing Urshifu protected itself!</small><br></div><div class="spacer battle-history"><br></div><div class="battle-history">The opposing Empoleon used <strong>Origin Pulse</strong>!<br></div><div class="battle-history"><small>Rillaboom avoided the attack!</small><br></div><div class="battle-history"><small>(Weavile lost <abbr title="−28/48 pixels">56.3–58.3%</abbr> of its health!)</small><br></div><div class="spacer battle-history"><br></div><div class="battle-history"><small>Weavile's HP was restored.</small><br></div><div class="battle-history"><small>Rillaboom's HP was restored.</small><br></div><div class="battle-history"><small>The grass disappeared from the battlefield.</small><br></div><div class="spacer battle-history"><br></div><h2 class="battle-history">Turn 8</h2><div class="spacer battle-history"><br></div><div class="battle-history">Rillaboom, come back!<br></div><div class="battle-history">Go! Cinderace (<strong>Cinderace-Mega</strong>)!<br></div><div class="spacer battle-history"><br></div><div class="battle-history">Weavile used <strong>Triple Axel</strong>!<br></div><div class="battle-history"><small>(The opposing Urshifu lost <abbr title="−5/48 pixels">8.4–10.4%</abbr> of its health!)</small><br></div><div class="battle-history"><small>(The opposing Urshifu lost <abbr title="−11/48 pixels">20.9–24.9%</abbr> of its health!)</small><br></div><div class="battle-history"><small>(The opposing Urshifu lost <abbr title="−14/48 pixels">27.2–31.2%</abbr> of its health!)</small><br></div><div class="battle-history"><small>The Pokémon was hit 3 times!</small><br></div><div class="spacer battle-history"><br></div><div class="battle-history">The opposing Urshifu used <strong>Wicked Blow</strong>!<br></div><div class="battle-history"><small>A critical hit!</small><br></div><div class="battle-history"><small>(Cinderace lost <abbr title="−8/48 pixels">16.7–18.7%</abbr> of its health!)</small><br></div><div class="spacer battle-history"><br></div><div class="battle-history">Cinderace fainted!<br></div><div class="battle-history">The opposing Empoleon used <strong>Origin Pulse</strong>!<br></div><div class="battle-history"><small>A critical hit!</small><br></div><div class="battle-history"><small>(Weavile lost <abbr title="−23/48 pixels">47.9–49.9%</abbr> of its health!)</small><br></div><div class="spacer battle-history"><br></div><div class="battle-history">Weavile fainted!<br></div><div class="chat chatmessage-elcadaver mine"><strong style="color:#5f9216"><small>☆</small><span class="username" data-name="El Cadaver">El Cadaver</span>:</strong> <em>:(</em></div><div class="chat chatmessage-elcadaver mine"><strong style="color:#5f9216"><small>☆</small><span class="username" data-name="El Cadaver">El Cadaver</span>:</strong> <em>gg</em></div><div class="spacer battle-history"><br></div><div class="battle-history">Go! <strong>Rillaboom</strong>!<br></div><div class="battle-history">[Rillaboom's Grassy Surge]<br><small>Grass grew to cover the battlefield!</small><br></div><div class="spacer battle-history"><br></div><h2 class="battle-history">Turn 9</h2><div class="chat chatmessage-woopersons42"><strong style="color:#795fd7"><small>☆</small><span class="username" data-name="Woopersons 42!">Woopersons 42!</span>:</strong> <em>gg</em></div><div class="spacer battle-history"><br></div><div class="battle-history">The opposing Urshifu used <strong>Detect</strong>!<br></div><div class="battle-history"><small>The opposing Urshifu protected itself!</small><br></div><div class="spacer battle-history"><br></div><div class="battle-history">Rillaboom used <strong>Fake Out</strong>!<br></div><div class="battle-history"><small>It's not very effective...</small><br></div><div class="battle-history"><small>(The opposing Empoleon lost <abbr title="−4/48 pixels">6.3–8.3%</abbr> of its health!)</small><br></div><div class="spacer battle-history"><br></div><div class="battle-history">The opposing Empoleon flinched and couldn't move!<br></div><div class="spacer battle-history"><br></div><div class="battle-history"><small>The opposing Urshifu's HP was restored.</small><br></div><div class="battle-history"><small>The opposing Empoleon's HP was restored.</small><br></div><div class="battle-history"><small>Rillaboom's HP was restored.</small><br></div><div class="spacer battle-history"><br></div><h2 class="battle-history">Turn 10</h2><div class="spacer battle-history"><br></div><div class="battle-history">Rillaboom used <strong>Grassy Glide</strong>!<br></div><div class="battle-history"><small>(The opposing Urshifu lost <abbr title="−21/48 pixels">43.8–45.8%</abbr> of its health!)</small><br></div><div class="spacer battle-history"><br></div><div class="battle-history">The opposing Urshifu fainted!<br></div><div class="battle-history">The opposing Empoleon used <strong>Ice Beam</strong>!<br></div><div class="battle-history"><small>It's super effective!</small><br></div><div class="battle-history"><small>(Rillaboom lost <abbr title="−38/48 pixels">77.2–79.2%</abbr> of its health!)</small><br></div><div class="spacer battle-history"><br></div><div class="battle-history"><small>Rillaboom's HP was restored.</small><br></div><div class="battle-history"><small>The opposing Empoleon's HP was restored.</small><br></div><div class="spacer battle-history"><br></div><h2 class="battle-history">Turn 11</h2><div class="spacer battle-history"><br></div><div class="battle-history">Rillaboom used <strong>Grassy Glide</strong>!<br></div><div class="battle-history"><small>(The opposing Empoleon lost <abbr title="−31/48 pixels">62.6–64.6%</abbr> of its health!)</small><br></div><div class="spacer battle-history"><br></div><div class="battle-history">The opposing Empoleon used <strong>Ice Beam</strong>!<br></div><div class="battle-history"><small>It's super effective!</small><br></div><div class="battle-history"><small>(Rillaboom lost <abbr title="−13/48 pixels">27.1–29.1%</abbr> of its health!)</small><br></div><div class="spacer battle-history"><br></div><div class="battle-history">Rillaboom fainted!<br></div><div class="spacer battle-history"><br></div><div class="battle-history"><strong>Woopersons 42!</strong> won the battle!<br></div><div class="chat chatmessage-woopersons42"><strong style="color:#795fd7"><small>☆</small><span class="username" data-name="Woopersons 42!">Woopersons 42!</span>:</strong> <em>gg</em></div><div class="chat"><small>☆El Cadaver,  Mossy Sandwich,  Gravity Monkey, and  Hematemesis left</small></div><div class="chat"><small>☆El Cadaver joined</small></div></div><div class="inner-preempt message-log"></div></div></div>
</div>
<script>
let daily = Math.floor(Date.now()/1000/60/60/24);document.write('<script src="https://play.pokemonshowdown.com/js/replay-embed.js?version'+daily+'"></'+'script>');
</script>
