<!DOCTYPE html>
<meta charset="utf-8" />
<!-- version 1 -->
<title>[Gen 8] Megas for All replay: Gravity Monkey vs. Parcos</title>
<style>
html,body {font-family:Verdana, sans-serif;font-size:10pt;margin:0;padding:0;}body{padding:12px 0;} .battle-log {font-family:Verdana, sans-serif;font-size:10pt;} .battle-log-inline {border:1px solid #AAAAAA;background:#EEF2F5;color:black;max-width:640px;margin:0 auto 80px;padding-bottom:5px;} .battle-log .inner {padding:4px 8px 0px 8px;} .battle-log .inner-preempt {padding:0 8px 4px 8px;} .battle-log .inner-after {margin-top:0.5em;} .battle-log h2 {margin:0.5em -8px;padding:4px 8px;border:1px solid #AAAAAA;background:#E0E7EA;border-left:0;border-right:0;font-family:Verdana, sans-serif;font-size:13pt;} .battle-log .chat {vertical-align:middle;padding:3px 0 3px 0;font-size:8pt;} .battle-log .chat strong {color:#40576A;} .battle-log .chat em {padding:1px 4px 1px 3px;color:#000000;font-style:normal;} .chat.mine {background:rgba(0,0,0,0.05);margin-left:-8px;margin-right:-8px;padding-left:8px;padding-right:8px;} .spoiler {color:#BBBBBB;background:#BBBBBB;padding:0px 3px;} .spoiler:hover, .spoiler:active, .spoiler-shown {color:#000000;background:#E2E2E2;padding:0px 3px;} .spoiler a {color:#BBBBBB;} .spoiler:hover a, .spoiler:active a, .spoiler-shown a {color:#2288CC;} .chat code, .chat .spoiler:hover code, .chat .spoiler:active code, .chat .spoiler-shown code {border:1px solid #C0C0C0;background:#EEEEEE;color:black;padding:0 2px;} .chat .spoiler code {border:1px solid #CCCCCC;background:#CCCCCC;color:#CCCCCC;} .battle-log .rated {padding:3px 4px;} .battle-log .rated strong {color:white;background:#89A;padding:1px 4px;border-radius:4px;} .spacer {margin-top:0.5em;} .message-announce {background:#6688AA;color:white;padding:1px 4px 2px;} .message-announce a, .broadcast-green a, .broadcast-blue a, .broadcast-red a {color:#DDEEFF;} .broadcast-green {background-color:#559955;color:white;padding:2px 4px;} .broadcast-blue {background-color:#6688AA;color:white;padding:2px 4px;} .infobox {border:1px solid #6688AA;padding:2px 4px;} .infobox-limited {max-height:200px;overflow:auto;overflow-x:hidden;} .broadcast-red {background-color:#AA5544;color:white;padding:2px 4px;} .message-learn-canlearn {font-weight:bold;color:#228822;text-decoration:underline;} .message-learn-cannotlearn {font-weight:bold;color:#CC2222;text-decoration:underline;} .message-effect-weak {font-weight:bold;color:#CC2222;} .message-effect-resist {font-weight:bold;color:#6688AA;} .message-effect-immune {font-weight:bold;color:#666666;} .message-learn-list {margin-top:0;margin-bottom:0;} .message-throttle-notice, .message-error {color:#992222;} .message-overflow, .chat small.message-overflow {font-size:0pt;} .message-overflow::before {font-size:9pt;content:'...';} .subtle {color:#3A4A66;}
</style>
<div class="wrapper replay-wrapper" style="max-width:1180px;margin:0 auto">
<input type="hidden" name="replayid" value="dragonheaven-gen8megasforall-285" />
<div class="battle"></div><div class="battle-log"></div><div class="replay-controls"></div><div class="replay-controls-2"></div>
<h1 style="font-weight:normal;text-align:center"><strong>[Gen 8] Megas for All</strong><br /><a href="http://pokemonshowdown.com/users/gravitymonkey" class="subtle" target="_blank">Gravity Monkey</a> vs. <a href="http://pokemonshowdown.com/users/parcos" class="subtle" target="_blank">Parcos</a></h1>
<script type="text/plain" class="battle-log-data">|j|☆Gravity Monkey

|j|☆Parcos
|t:|1619882839
|player|p1|Gravity Monkey|furisodegirl-black|
|player|p2|Parcos|102|
|teamsize|p1|6
|teamsize|p2|6
|gametype|singles
|gen|8
|tier|[Gen 8] Megas for All
|clearpoke
|poke|p1|Ninetales-Alola, F|
|poke|p1|Kommo-o, M|
|poke|p1|Lurantis, F|
|poke|p1|Lycanroc, M|
|poke|p1|Zeraora|
|poke|p1|Blacephalon|
|poke|p2|Tapu Koko|
|poke|p2|Lycanroc-Midnight, M|
|poke|p2|Mudsdale, F|
|poke|p2|Celesteela|
|poke|p2|Incineroar, M|
|poke|p2|Tapu Bulu|
|rule|HP Percentage Mod: HP is shown in percentages
|rule|Endless Battle Clause: Forcing endless battles is banned
|rule|OHKO Clause: OHKO moves are banned
|rule|Evasion Moves Clause: Evasion moves are banned
|rule|Species Clause: Limit one of each Pokémon
|rule|Dynamax Clause: You cannot dynamax
|rule|Sleep Clause Mod: Limit one foe put to sleep
|rule|Freeze Clause Mod: Limit one foe frozen
|raw|<img src="https:\/\/www.smogon.com\/forums\/attachments\/banner_2-png.302358\/" height="65" width="381">
|-message|Welcome to Megas for All!
|-message|This is a National Dex-based format where we aim to give a new Mega Evolution to every Pokémon.
|-message|Just like any official format, you can still only Mega Evolve one Pokémon per team!
|-message|You can find our thread and metagame resources here:
|-message|https:\/\/www.smogon.com\/forums\/threads\/3671140\/
|teampreview
|c|☆Parcos|gl hf
|c|☆Gravity Monkey|u2
|j| ShuRimpIsntScoutin
|c|☆Parcos|ty
|
|t:|1619882881
|start
|switch|p1a: Lycanroc|Lycanroc, M|291\/291
|switch|p2a: Lycanroc|Lycanroc-Midnight, M|100\/100
|turn|1
|
|t:|1619882892
|move|p1a: Lycanroc|Taunt|p2a: Lycanroc
|-start|p2a: Lycanroc|move: Taunt
|move|p2a: Lycanroc|Head Smash|p1a: Lycanroc
|-enditem|p1a: Lycanroc|Focus Sash
|-damage|p1a: Lycanroc|1\/291
|-damage|p2a: Lycanroc|54\/100|[from] Recoil
|
|upkeep
|turn|2
|c| ShuRimpIsntScoutin|double alola
|c| ShuRimpIsntScoutin|interesting
|j| Hematemesis
|
|t:|1619882903
|move|p1a: Lycanroc|Stealth Rock|p2a: Lycanroc
|-sidestart|p2: Parcos|move: Stealth Rock
|move|p2a: Lycanroc|Head Smash|p1a: Lycanroc
|-damage|p1a: Lycanroc|0 fnt
|-damage|p2a: Lycanroc|54\/100|[from] Recoil
|faint|p1a: Lycanroc
|
|upkeep
|l| Hematemesis
|j| Hematemesis
No Pokémon, item, move, ability or nature named 'lycanrock' was found. Showing the data of 'Lycanroc-Dusk' instead.
|raw|<div class="message"><ul class="utilichart"><li class="result"><span class="col numcol">RU<\/span> <span class="col iconcol"><psicon pokemon="lycanrocdusk"\/><\/span> <span class="col pokemonnamecol" style="white-space:nowrap"><a href="https:\/\/dex.pokemonshowdown.com\/pokemon\/lycanrocdusk" target="_blank">Lycanroc-Dusk<\/a><\/span> <span class="col typecol"><img src="https:\/\/play.pokemonshowdown.com\/sprites\/types\/Rock.png" alt="Rock" height="14" width="32"><\/span> <span style="float:left;min-height:26px"><span class="col abilitycol">Tough Claws<\/span><span class="col abilitycol"><\/span><\/span><span style="float:left;min-height:26px"><span class="col statcol"><em>HP<\/em><br \/>75<\/span> <span class="col statcol"><em>Atk<\/em><br \/>117<\/span> <span class="col statcol"><em>Def<\/em><br \/>65<\/span> <span class="col statcol"><em>SpA<\/em><br \/>55<\/span> <span class="col statcol"><em>SpD<\/em><br \/>65<\/span> <span class="col statcol"><em>Spe<\/em><br \/>110<\/span> <span class="col bstcol"><em>BST<br \/>487<\/em><\/span> <\/span><\/li><li style="clear:both"><\/li><\/ul><\/div>
|raw|<font size="1"><font color="#686868">Dex#:<\/font> 745&nbsp;|&ThickSpace;<font color="#686868">Gen:<\/font> 7&nbsp;|&ThickSpace;<font color="#686868">Height:<\/font> 0.8 m&nbsp;|&ThickSpace;<font color="#686868">Weight:<\/font> 25 kg <em>(60 BP)<\/em>&nbsp;|&ThickSpace;<font color="#686868">Dex Colour:<\/font> Brown&nbsp;|&ThickSpace;<font color="#686868">Egg Group(s):<\/font> Field&nbsp;|&ThickSpace;<font color="#686868">Does Not Evolve<\/font><\/font>

No Pokémon, item, move, ability or nature named 'lycanrock-midnight' was found. Showing the data of 'Lycanroc-Midnight' instead.
|raw|<div class="message"><ul class="utilichart"><li class="result"><span class="col numcol">(PU)<\/span> <span class="col iconcol"><psicon pokemon="lycanrocmidnight"\/><\/span> <span class="col pokemonnamecol" style="white-space:nowrap"><a href="https:\/\/dex.pokemonshowdown.com\/pokemon\/lycanrocmidnight" target="_blank">Lycanroc-Midnight<\/a><\/span> <span class="col typecol"><img src="https:\/\/play.pokemonshowdown.com\/sprites\/types\/Rock.png" alt="Rock" height="14" width="32"><\/span> <span style="float:left;min-height:26px"><span class="col twoabilitycol">Keen Eye<br \/>Vital Spirit<\/span><span class="col abilitycol"><em>No Guard<\/em><\/span><\/span><span style="float:left;min-height:26px"><span class="col statcol"><em>HP<\/em><br \/>85<\/span> <span class="col statcol"><em>Atk<\/em><br \/>115<\/span> <span class="col statcol"><em>Def<\/em><br \/>75<\/span> <span class="col statcol"><em>SpA<\/em><br \/>55<\/span> <span class="col statcol"><em>SpD<\/em><br \/>75<\/span> <span class="col statcol"><em>Spe<\/em><br \/>82<\/span> <span class="col bstcol"><em>BST<br \/>487<\/em><\/span> <\/span><\/li><li style="clear:both"><\/li><\/ul><\/div>
|raw|<font size="1"><font color="#686868">Dex#:<\/font> 745&nbsp;|&ThickSpace;<font color="#686868">Gen:<\/font> 7&nbsp;|&ThickSpace;<font color="#686868">Height:<\/font> 1.1 m&nbsp;|&ThickSpace;<font color="#686868">Weight:<\/font> 25 kg <em>(60 BP)<\/em>&nbsp;|&ThickSpace;<font color="#686868">Dex Colour:<\/font> Red&nbsp;|&ThickSpace;<font color="#686868">Egg Group(s):<\/font> Field&nbsp;|&ThickSpace;<font color="#686868">Does Not Evolve<\/font><\/font>

|c| Hematemesis|Let’s get it Gravity
|c|☆Parcos|no
|c|☆Parcos|lets not gravity
|c|☆Parcos|dont listen to Hematemesis
|c| ShuRimpIsntScoutin|what are you guys talking about?
|
|t:|1619882980
|switch|p1a: Blacephalon|Blacephalon|247\/247
|turn|3
|c| ShuRimpIsntScoutin|oh yeah that thing
|
|t:|1619883000
|switch|p2a: Incineroar|Incineroar, M|100\/100
|-damage|p2a: Incineroar|76\/100|[from] Stealth Rock
|-ability|p2a: Incineroar|Intimidate|boost
|-unboost|p1a: Blacephalon|atk|1
|move|p1a: Blacephalon|Shadow Ball|p2a: Incineroar
|-resisted|p2a: Incineroar
|-crit|p2a: Incineroar
|-damage|p2a: Incineroar|44\/100
|
|upkeep
|turn|4
|c|☆Gravity Monkey|oof sorry
|c| ShuRimpIsntScoutin|oh no
|
|t:|1619883015
|switch|p1a: Ninetales|Ninetales-Alola, F|350\/350
|-weather|Hail|[from] ability: Snow Warning|[of] p1a: Ninetales
|move|p2a: Incineroar|Blaze Kick|p1a: Ninetales
|-supereffective|p1a: Ninetales
|-crit|p1a: Ninetales
|-damage|p1a: Ninetales|0 fnt
|faint|p1a: Ninetales
|
|-weather|Hail|[upkeep]
|-damage|p2a: Incineroar|38\/100|[from] Hail
|upkeep
|c|☆Parcos|all good my man
|c|☆Parcos|oof sorry
|
|t:|1619883024
|switch|p1a: Kommo-o|Kommo-o, M|292\/292
|turn|5
|c|☆Gravity Monkey|lol its eye for eye ig hahah
|c|☆Parcos|haha
|c| Hematemesis|It’s time baby
|c|☆Parcos|i guess
|
|t:|1619883041
|switch|p2a: Tapu Koko|Tapu Koko|100\/100
|-damage|p2a: Tapu Koko|88\/100|[from] Stealth Rock
|-fieldstart|move: Electric Terrain|[from] ability: Electric Surge|[of] p2a: Tapu Koko
|move|p1a: Kommo-o|Substitute|p1a: Kommo-o
|-start|p1a: Kommo-o|Substitute
|-damage|p1a: Kommo-o|219\/292
|
|-weather|Hail|[upkeep]
|-damage|p2a: Tapu Koko|82\/100|[from] Hail
|-damage|p1a: Kommo-o|201\/292|[from] Hail
|upkeep
|turn|6
|c| ShuRimpIsntScoutin|oh no
|j| Too fast for love
|c| ShuRimpIsntScoutin|but anyway, his hail is killing himself
|
|t:|1619883074
|move|p2a: Tapu Koko|Reflect|p2a: Tapu Koko
|-sidestart|p2: Parcos|Reflect
|move|p1a: Kommo-o|Belly Drum|p1a: Kommo-o
|-damage|p1a: Kommo-o|55\/292
|-setboost|p1a: Kommo-o|atk|6|[from] move: Belly Drum
|-enditem|p1a: Kommo-o|Salac Berry|[eat]
|-boost|p1a: Kommo-o|spe|1|[from] item: Salac Berry
|
|-weather|Hail|[upkeep]
|-damage|p1a: Kommo-o|37\/292|[from] Hail
|-damage|p2a: Tapu Koko|76\/100|[from] Hail
|upkeep
|turn|7
|
|t:|1619883088
|move|p1a: Kommo-o|Drain Punch|p2a: Tapu Koko
|-resisted|p2a: Tapu Koko
|-damage|p2a: Tapu Koko|38\/100
|-heal|p1a: Kommo-o|102\/292|[from] drain|[of] p2a: Tapu Koko
|move|p2a: Tapu Koko|Defog|p1a: Kommo-o
|-sideend|p2: Parcos|Stealth Rock|[from] move: Defog|[of] p2a: Tapu Koko
|-fieldend|move: Electric Terrain
|
|-weather|Hail|[upkeep]
|-damage|p1a: Kommo-o|84\/292|[from] Hail
|-damage|p2a: Tapu Koko|32\/100|[from] Hail
|upkeep
|turn|8
|n| El Cadaver|toofastforlove
|
|t:|1619883103
|move|p1a: Kommo-o|Drain Punch|p2a: Tapu Koko
|-resisted|p2a: Tapu Koko
|-damage|p2a: Tapu Koko|0 fnt
|-heal|p1a: Kommo-o|138\/292|[from] drain|[of] p2a: Tapu Koko
|faint|p2a: Tapu Koko
|
|-weather|none
|upkeep
|
|t:|1619883112
|switch|p2a: Tapu Bulu|Tapu Bulu|100\/100
|-fieldstart|move: Grassy Terrain|[from] ability: Grassy Surge|[of] p2a: Tapu Bulu
|turn|9
|
|t:|1619883117
|move|p1a: Kommo-o|Drain Punch|p2a: Tapu Bulu
|-resisted|p2a: Tapu Bulu
|-damage|p2a: Tapu Bulu|70\/100
|-heal|p1a: Kommo-o|191\/292|[from] drain|[of] p2a: Tapu Bulu
|move|p2a: Tapu Bulu|High Horsepower|p1a: Kommo-o
|-end|p1a: Kommo-o|Substitute
|
|-heal|p1a: Kommo-o|209\/292|[from] Grassy Terrain
|-heal|p2a: Tapu Bulu|76\/100|[from] Grassy Terrain
|upkeep
|turn|10
|
|t:|1619883123
|move|p1a: Kommo-o|Drain Punch|p2a: Tapu Bulu
|-resisted|p2a: Tapu Bulu
|-damage|p2a: Tapu Bulu|46\/100
|-heal|p1a: Kommo-o|261\/292|[from] drain|[of] p2a: Tapu Bulu
|move|p2a: Tapu Bulu|High Horsepower|p1a: Kommo-o
|-damage|p1a: Kommo-o|189\/292
|
|-heal|p1a: Kommo-o|207\/292|[from] Grassy Terrain
|-heal|p2a: Tapu Bulu|52\/100|[from] Grassy Terrain
|upkeep
|turn|11
|c| ShuRimpIsntScoutin|break his sub and kill him
|
|t:|1619883133
|move|p1a: Kommo-o|Drain Punch|p2a: Tapu Bulu
|-resisted|p2a: Tapu Bulu
|-damage|p2a: Tapu Bulu|22\/100
|-heal|p1a: Kommo-o|259\/292|[from] drain|[of] p2a: Tapu Bulu
|move|p2a: Tapu Bulu|Leech Seed|p1a: Kommo-o
|-start|p1a: Kommo-o|move: Leech Seed
|
|-heal|p1a: Kommo-o|277\/292|[from] Grassy Terrain
|-heal|p2a: Tapu Bulu|28\/100|[from] Grassy Terrain
|-damage|p1a: Kommo-o|241\/292|[from] Leech Seed|[of] p2a: Tapu Bulu
|-heal|p2a: Tapu Bulu|38\/100|[silent]
|upkeep
|turn|12
|c| ShuRimpIsntScoutin|wait no play rough?
|c|☆Gravity Monkey|it doesnt have play rough
|c| ShuRimpIsntScoutin|oh
|c|☆Parcos|it doesnt even get play rough
|c| ShuRimpIsntScoutin|i've never use that thing before
|
|t:|1619883172
|switch|p2a: Mudsdale|Mudsdale, F|100\/100
|move|p1a: Kommo-o|Drain Punch|p2a: Mudsdale
|-damage|p2a: Mudsdale|44\/100
|-heal|p1a: Kommo-o|292\/292|[from] drain|[of] p2a: Mudsdale
|-ability|p2a: Mudsdale|Stamina|boost
|-boost|p2a: Mudsdale|def|1
|
|-heal|p2a: Mudsdale|50\/100|[from] Grassy Terrain
|-damage|p1a: Kommo-o|256\/292|[from] Leech Seed|[of] p2a: Mudsdale
|-heal|p2a: Mudsdale|59\/100|[silent]
|upkeep
|turn|13
|
|t:|1619883189
|detailschange|p2a: Mudsdale|Mudsdale-Mega, F
|-mega|p2a: Mudsdale|Mudsdale|Mudsdalite
|-start|p2a: Mudsdale|typechange|Ground\/Fighting|[silent]
|raw|<ul class="utilichart"><li class="result"><span class="col pokemonnamecol" style="white-space: nowrap">Mudsdale-Mega<\/span> <span class="col typecol"><img src="https:\/\/play.pokemonshowdown.com\/sprites\/types\/Ground.png" alt="Ground" height="14" width="32"><img src="https:\/\/play.pokemonshowdown.com\/sprites\/types\/Fighting.png" alt="Fighting" height="14" width="32"><\/span> <span style="float: left ; min-height: 26px"><span class="col abilitycol">Inner Fortitude<\/span><span class="col abilitycol"><\/span><\/span><span style="float: left ; min-height: 26px"><span class="col statcol"><em>HP<\/em><br>100<\/span> <span class="col statcol"><em>Atk<\/em><br>150<\/span> <span class="col statcol"><em>Def<\/em><br>110<\/span> <span class="col statcol"><em>SpA<\/em><br>80<\/span> <span class="col statcol"><em>SpD<\/em><br>110<\/span> <span class="col statcol"><em>Spe<\/em><br>50<\/span> <\/span><\/li><li style="clear: both"><\/li><\/ul>
|move|p1a: Kommo-o|Drain Punch|p2a: Mudsdale
|-damage|p2a: Mudsdale|24\/100
|-heal|p1a: Kommo-o|292\/292|[from] drain|[of] p2a: Mudsdale
|move|p2a: Mudsdale|Body Press|p1a: Kommo-o
|-damage|p1a: Kommo-o|165\/292
|
|-heal|p1a: Kommo-o|183\/292|[from] Grassy Terrain
|-heal|p2a: Mudsdale|30\/100|[from] Grassy Terrain
|-damage|p1a: Kommo-o|147\/292|[from] Leech Seed|[of] p2a: Mudsdale
|-heal|p2a: Mudsdale|39\/100|[silent]
|-sideend|p2: Parcos|Reflect
|upkeep
|turn|14
|c|☆Parcos|gg
|
|t:|1619883204
|move|p1a: Kommo-o|Drain Punch|p2a: Mudsdale
|-damage|p2a: Mudsdale|2\/100
|-heal|p1a: Kommo-o|222\/292|[from] drain|[of] p2a: Mudsdale
|move|p2a: Mudsdale|Body Press|p1a: Kommo-o
|-damage|p1a: Kommo-o|98\/292
|
|-heal|p1a: Kommo-o|116\/292|[from] Grassy Terrain
|-heal|p2a: Mudsdale|8\/100|[from] Grassy Terrain
|-damage|p1a: Kommo-o|80\/292|[from] Leech Seed|[of] p2a: Mudsdale
|-heal|p2a: Mudsdale|17\/100|[silent]
|upkeep
|turn|15
|
|t:|1619883222
|move|p1a: Kommo-o|Drain Punch|p2a: Mudsdale
|-damage|p2a: Mudsdale|0 fnt
|-heal|p1a: Kommo-o|114\/292|[from] drain|[of] p2a: Mudsdale
|faint|p2a: Mudsdale
|
|-heal|p1a: Kommo-o|132\/292|[from] Grassy Terrain
|upkeep
|
|t:|1619883233
|switch|p2a: Celesteela|Celesteela|100\/100
|turn|16
|
|t:|1619883236
|move|p1a: Kommo-o|Drain Punch|p2a: Celesteela
|-damage|p2a: Celesteela|0 fnt
|-heal|p1a: Kommo-o|292\/292|[from] drain|[of] p2a: Celesteela
|faint|p2a: Celesteela
|
|-fieldend|move: Grassy Terrain
|upkeep
|c|☆Gravity Monkey|gg
|
|t:|1619883242
|switch|p2a: Tapu Bulu|Tapu Bulu|38\/100
|-fieldstart|move: Grassy Terrain|[from] ability: Grassy Surge|[of] p2a: Tapu Bulu
|turn|17
|c| ShuRimpIsntScoutin|what a comeback i believe
|
|t:|1619883246
|move|p1a: Kommo-o|Drain Punch|p2a: Tapu Bulu
|-resisted|p2a: Tapu Bulu
|-damage|p2a: Tapu Bulu|0 fnt
|faint|p2a: Tapu Bulu
|
|upkeep
|
|t:|1619883248
|switch|p2a: Lycanroc|Lycanroc-Midnight, M|54\/100
|turn|18
|
|t:|1619883253
|move|p1a: Kommo-o|Drain Punch|p2a: Lycanroc
|-supereffective|p2a: Lycanroc
|-damage|p2a: Lycanroc|0 fnt
|faint|p2a: Lycanroc
|
|upkeep
|
|t:|1619883255
|switch|p2a: Incineroar|Incineroar, M|38\/100
|-ability|p2a: Incineroar|Intimidate|boost
|-unboost|p1a: Kommo-o|atk|1
|turn|19
|
|t:|1619883260
|move|p1a: Kommo-o|Drain Punch|p2a: Incineroar
|-supereffective|p2a: Incineroar
|-damage|p2a: Incineroar|0 fnt
|faint|p2a: Incineroar
|
|win|Gravity Monkey
|c|☆Parcos|wp</script>
</div>
<div class="battle-log battle-log-inline"><div class="inner"><div class="battle-options"><div style="padding-top: 3px; padding-right: 3px; text-align: right"><button class="icon button" name="openBattleOptions" title="Options">Battle Options</button></div></div><div class="inner message-log"><div class="chat"><small>☆Gravity Monkey and ☆Parcos joined</small></div><div class=""><small>Format:</small> <br><strong>[Gen 8] Megas for All</strong></div><div class=""><small><em>HP Percentage Mod:</em> HP is shown in percentages</small></div><div class=""><small><em>Endless Battle Clause:</em> Forcing endless battles is banned</small></div><div class=""><small><em>OHKO Clause:</em> OHKO moves are banned</small></div><div class=""><small><em>Evasion Moves Clause:</em> Evasion moves are banned</small></div><div class=""><small><em>Species Clause:</em> Limit one of each Pokémon</small></div><div class=""><small><em>Dynamax Clause:</em> You cannot dynamax</small></div><div class=""><small><em>Sleep Clause Mod:</em> Limit one foe put to sleep</small></div><div class=""><small><em>Freeze Clause Mod:</em> Limit one foe frozen</small></div><div class="chat"><img src="https://www.smogon.com/forums/attachments/banner_2-png.302358/" width="381" height="65"></div><div class="spacer battle-history"><br></div><div class="battle-history"><small>Welcome to Megas for All!</small><br></div><div class="battle-history"><small>This is a National Dex-based format where we aim to give a new Mega Evolution to every Pokémon.</small><br></div><div class="battle-history"><small>Just like any official format, you can still only Mega Evolve one Pokémon per team!</small><br></div><div class="battle-history"><small>You can find our thread and metagame resources here:</small><br></div><div class="battle-history"><small>https://www.smogon.com/forums/threads/3671140/</small><br></div><div class="chat battle-history"><strong>Gravity Monkey's team:</strong> <em style="color:#445566;display:block;">Ninetales-Alola / Kommo-o / Lurantis / Lycanroc / Zeraora / Blacephalon</em></div><div class="chat battle-history"><strong>Parcos's team:</strong> <em style="color:#445566;display:block;">Tapu Koko / Lycanroc-Midnight / Mudsdale / Celesteela / Incineroar / Tapu Bulu</em></div><div class="chat chatmessage-parcos"><strong style="color:#9c0fc2"><small>☆</small><span class="username" data-name="Parcos">Parcos</span>:</strong> <em>gl hf</em></div><div class="chat chatmessage-gravitymonkey mine"><strong style="color:#a3742e"><small>☆</small><span class="username" data-name="Gravity Monkey">Gravity Monkey</span>:</strong> <em>u2</em></div><div class="chat"><small> ShuRimpIsntScoutin joined</small></div><div class="chat chatmessage-parcos"><strong style="color:#9c0fc2"><small>☆</small><span class="username" data-name="Parcos">Parcos</span>:</strong> <em>ty</em></div><div class="spacer battle-history"><br></div><div class="battle-history">Battle started between Gravity Monkey and Parcos!<br></div><div class="spacer battle-history"><br></div><div class="battle-history">Go! <strong>Lycanroc</strong>!<br></div><div class="spacer battle-history"><br></div><div class="battle-history">Parcos sent out Lycanroc (<strong>Lycanroc-Midnight</strong>)!<br></div><div class="spacer battle-history"><br></div><h2 class="battle-history">Turn 1</h2><div class="spacer battle-history"><br></div><div class="battle-history">Lycanroc used <strong>Taunt</strong>!<br></div><div class="battle-history"><small>The opposing Lycanroc fell for the taunt!</small><br></div><div class="spacer battle-history"><br></div><div class="battle-history">The opposing Lycanroc used <strong>Head Smash</strong>!<br></div><div class="battle-history"><small>Lycanroc hung on using its Focus Sash!</small><br></div><div class="battle-history"><small>(Lycanroc lost <abbr title="−290/291">99.7%</abbr> of its health!)</small><br></div><div class="battle-history"><small>The opposing Lycanroc was damaged by the recoil!</small><br></div><div class="spacer battle-history"><br></div><h2 class="battle-history">Turn 2</h2><div class="chat chatmessage-shurimpisntscoutin"><strong style="color:#b64357"><small> </small><span class="username" data-name="ShuRimpIsntScoutin">ShuRimpIsntScoutin</span>:</strong> <em>double alola</em></div><div class="chat chatmessage-shurimpisntscoutin"><strong style="color:#b64357"><small> </small><span class="username" data-name="ShuRimpIsntScoutin">ShuRimpIsntScoutin</span>:</strong> <em>interesting</em></div><div class="chat"><small> Hematemesis joined</small></div><div class="spacer battle-history"><br></div><div class="battle-history">Lycanroc used <strong>Stealth Rock</strong>!<br></div><div class="battle-history"><small>Pointed stones float in the air around the opposing team!</small><br></div><div class="spacer battle-history"><br></div><div class="battle-history">The opposing Lycanroc used <strong>Head Smash</strong>!<br></div><div class="battle-history"><small>(Lycanroc lost <abbr title="−1/291">0.3%</abbr> of its health!)</small><br></div><div class="battle-history"><small>The opposing Lycanroc was damaged by the recoil!</small><br></div><div class="spacer battle-history"><br></div><div class="battle-history">Lycanroc fainted!<br></div><div class="chat"><small></small></div><div class="chat">No Pokémon, item, move, ability or nature named 'lycanrock' was found. Showing the data of 'Lycanroc-Dusk' instead.</div><div class="chat"><div class="message"><ul class="utilichart"><li class="result"><span class="col numcol">RU</span> <span class="col iconcol"><span class="picon" style="background: transparent url(&quot;https://play.pokemonshowdown.com/sprites/pokemonicons-sheet.png?v4&quot;) no-repeat scroll -160px -2640px"></span></span> <span class="col pokemonnamecol" style="white-space: nowrap"><a href="https://dex.pokemonshowdown.com/pokemon/lycanrocdusk" target="_blank" rel="noopener">Lycanroc-Dusk</a></span> <span class="col typecol"><img src="https://play.pokemonshowdown.com/sprites/types/Rock.png" alt="Rock" width="32" height="14"></span> <span style="float: left ; min-height: 26px"><span class="col abilitycol">Tough Claws</span><span class="col abilitycol"></span></span><span style="float: left ; min-height: 26px"><span class="col statcol"><em>HP</em><br>75</span> <span class="col statcol"><em>Atk</em><br>117</span> <span class="col statcol"><em>Def</em><br>65</span> <span class="col statcol"><em>SpA</em><br>55</span> <span class="col statcol"><em>SpD</em><br>65</span> <span class="col statcol"><em>Spe</em><br>110</span> <span class="col bstcol"><em>BST<br>487</em></span> </span></li><li style="clear: both"></li></ul></div></div><div class="chat"><font size="1"><font color="#686868">Dex#:</font> 745&nbsp;|  <font color="#686868">Gen:</font> 7&nbsp;|  <font color="#686868">Height:</font> 0.8 m&nbsp;|  <font color="#686868">Weight:</font> 25 kg <em>(60 BP)</em>&nbsp;|  <font color="#686868">Dex Colour:</font> Brown&nbsp;|  <font color="#686868">Egg Group(s):</font> Field&nbsp;|  <font color="#686868">Does Not Evolve</font></font></div><div class="chat">No Pokémon, item, move, ability or nature named 'lycanrock-midnight' was found. Showing the data of 'Lycanroc-Midnight' instead.</div><div class="chat"><div class="message"><ul class="utilichart"><li class="result"><span class="col numcol">(PU)</span> <span class="col iconcol"><span class="picon" style="background: transparent url(&quot;https://play.pokemonshowdown.com/sprites/pokemonicons-sheet.png?v4&quot;) no-repeat scroll -440px -2580px"></span></span> <span class="col pokemonnamecol" style="white-space: nowrap"><a href="https://dex.pokemonshowdown.com/pokemon/lycanrocmidnight" target="_blank" rel="noopener">Lycanroc-Midnight</a></span> <span class="col typecol"><img src="https://play.pokemonshowdown.com/sprites/types/Rock.png" alt="Rock" width="32" height="14"></span> <span style="float: left ; min-height: 26px"><span class="col twoabilitycol">Keen Eye<br>Vital Spirit</span><span class="col abilitycol"><em>No Guard</em></span></span><span style="float: left ; min-height: 26px"><span class="col statcol"><em>HP</em><br>85</span> <span class="col statcol"><em>Atk</em><br>115</span> <span class="col statcol"><em>Def</em><br>75</span> <span class="col statcol"><em>SpA</em><br>55</span> <span class="col statcol"><em>SpD</em><br>75</span> <span class="col statcol"><em>Spe</em><br>82</span> <span class="col bstcol"><em>BST<br>487</em></span> </span></li><li style="clear: both"></li></ul></div></div><div class="chat"><font size="1"><font color="#686868">Dex#:</font> 745&nbsp;|  <font color="#686868">Gen:</font> 7&nbsp;|  <font color="#686868">Height:</font> 1.1 m&nbsp;|  <font color="#686868">Weight:</font> 25 kg <em>(60 BP)</em>&nbsp;|  <font color="#686868">Dex Colour:</font> Red&nbsp;|  <font color="#686868">Egg Group(s):</font> Field&nbsp;|  <font color="#686868">Does Not Evolve</font></font></div><div class="chat chatmessage-hematemesis"><strong style="color:#9412d5"><small> </small><span class="username" data-name="Hematemesis">Hematemesis</span>:</strong> <em>Let’s get it Gravity</em></div><div class="chat chatmessage-parcos"><strong style="color:#9c0fc2"><small>☆</small><span class="username" data-name="Parcos">Parcos</span>:</strong> <em>no</em></div><div class="chat chatmessage-parcos"><strong style="color:#9c0fc2"><small>☆</small><span class="username" data-name="Parcos">Parcos</span>:</strong> <em>lets not gravity</em></div><div class="chat chatmessage-parcos"><strong style="color:#9c0fc2"><small>☆</small><span class="username" data-name="Parcos">Parcos</span>:</strong> <em>dont listen to Hematemesis</em></div><div class="chat chatmessage-shurimpisntscoutin"><strong style="color:#b64357"><small> </small><span class="username" data-name="ShuRimpIsntScoutin">ShuRimpIsntScoutin</span>:</strong> <em>what are you guys talking about?</em></div><div class="spacer battle-history"><br></div><div class="battle-history">Go! <strong>Blacephalon</strong>!<br></div><div class="spacer battle-history"><br></div><h2 class="battle-history">Turn 3</h2><div class="chat chatmessage-shurimpisntscoutin"><strong style="color:#b64357"><small> </small><span class="username" data-name="ShuRimpIsntScoutin">ShuRimpIsntScoutin</span>:</strong> <em>oh yeah that thing</em></div><div class="spacer battle-history"><br></div><div class="battle-history">Parcos withdrew Lycanroc!<br></div><div class="battle-history">Parcos sent out <strong>Incineroar</strong>!<br></div><div class="battle-history"><small>Pointed stones dug into the opposing Incineroar!</small><br></div><div class="battle-history">[The opposing Incineroar's Intimidate]<br></div><div class="battle-history"><small>Blacephalon's Attack fell!</small><br></div><div class="spacer battle-history"><br></div><div class="battle-history">Blacephalon used <strong>Shadow Ball</strong>!<br></div><div class="battle-history"><small>It's not very effective...</small><br></div><div class="battle-history"><small>A critical hit!</small><br></div><div class="battle-history"><small>(The opposing Incineroar lost 32% of its health!)</small><br></div><div class="spacer battle-history"><br></div><h2 class="battle-history">Turn 4</h2><div class="chat chatmessage-gravitymonkey mine"><strong style="color:#a3742e"><small>☆</small><span class="username" data-name="Gravity Monkey">Gravity Monkey</span>:</strong> <em>oof sorry</em></div><div class="chat chatmessage-shurimpisntscoutin"><strong style="color:#b64357"><small> </small><span class="username" data-name="ShuRimpIsntScoutin">ShuRimpIsntScoutin</span>:</strong> <em>oh no</em></div><div class="spacer battle-history"><br></div><div class="battle-history">Blacephalon, come back!<br></div><div class="battle-history">Go! Ninetales (<strong>Ninetales-Alola</strong>)!<br></div><div class="battle-history">[Ninetales's Snow Warning]<br><small>It started to hail!</small><br></div><div class="spacer battle-history"><br></div><div class="battle-history">The opposing Incineroar used <strong>Blaze Kick</strong>!<br></div><div class="battle-history"><small>It's super effective!</small><br></div><div class="battle-history"><small>A critical hit!</small><br></div><div class="battle-history"><small>(Ninetales lost <abbr title="−350/350">100%</abbr> of its health!)</small><br></div><div class="spacer battle-history"><br></div><div class="battle-history">Ninetales fainted!<br></div><div class="spacer battle-history"><br></div><div class="battle-history"><small>(The hail is crashing down.)</small><br></div><div class="battle-history"><small>The opposing Incineroar is buffeted by the hail!</small><br></div><div class="chat chatmessage-parcos"><strong style="color:#9c0fc2"><small>☆</small><span class="username" data-name="Parcos">Parcos</span>:</strong> <em>all good my man</em></div><div class="chat chatmessage-parcos"><strong style="color:#9c0fc2"><small>☆</small><span class="username" data-name="Parcos">Parcos</span>:</strong> <em>oof sorry</em></div><div class="spacer battle-history"><br></div><div class="battle-history">Go! <strong>Kommo-o</strong>!<br></div><div class="spacer battle-history"><br></div><h2 class="battle-history">Turn 5</h2><div class="chat chatmessage-gravitymonkey mine"><strong style="color:#a3742e"><small>☆</small><span class="username" data-name="Gravity Monkey">Gravity Monkey</span>:</strong> <em>lol its eye for eye ig hahah</em></div><div class="chat chatmessage-parcos"><strong style="color:#9c0fc2"><small>☆</small><span class="username" data-name="Parcos">Parcos</span>:</strong> <em>haha</em></div><div class="chat chatmessage-hematemesis"><strong style="color:#9412d5"><small> </small><span class="username" data-name="Hematemesis">Hematemesis</span>:</strong> <em>It’s time baby</em></div><div class="chat chatmessage-parcos"><strong style="color:#9c0fc2"><small>☆</small><span class="username" data-name="Parcos">Parcos</span>:</strong> <em>i guess</em></div><div class="spacer battle-history"><br></div><div class="battle-history">Parcos withdrew Incineroar!<br></div><div class="battle-history">Parcos sent out <strong>Tapu Koko</strong>!<br></div><div class="battle-history"><small>Pointed stones dug into the opposing Tapu Koko!</small><br></div><div class="battle-history">[The opposing Tapu Koko's Electric Surge]<br><small>An electric current ran across the battlefield!</small><br></div><div class="spacer battle-history"><br></div><div class="battle-history">Kommo-o used <strong>Substitute</strong>!<br></div><div class="battle-history"><small>Kommo-o put in a substitute!</small><br></div><div class="battle-history"><small>(Kommo-o lost <abbr title="−73/292">25%</abbr> of its health!)</small><br></div><div class="spacer battle-history"><br></div><div class="battle-history"><small>(The hail is crashing down.)</small><br></div><div class="battle-history"><small>The opposing Tapu Koko is buffeted by the hail!</small><br></div><div class="battle-history"><small>Kommo-o is buffeted by the hail!</small><br></div><div class="spacer battle-history"><br></div><h2 class="battle-history">Turn 6</h2><div class="chat chatmessage-shurimpisntscoutin"><strong style="color:#b64357"><small> </small><span class="username" data-name="ShuRimpIsntScoutin">ShuRimpIsntScoutin</span>:</strong> <em>oh no</em></div><div class="chat"><small> Too fast for love joined</small></div><div class="chat chatmessage-shurimpisntscoutin"><strong style="color:#b64357"><small> </small><span class="username" data-name="ShuRimpIsntScoutin">ShuRimpIsntScoutin</span>:</strong> <em>but anyway, his hail is killing himself</em></div><div class="spacer battle-history"><br></div><div class="battle-history">The opposing Tapu Koko used <strong>Reflect</strong>!<br></div><div class="battle-history"><small>Reflect made the opposing team stronger against physical moves!</small><br></div><div class="spacer battle-history"><br></div><div class="battle-history">Kommo-o used <strong>Belly Drum</strong>!<br></div><div class="battle-history"><small>(Kommo-o lost <abbr title="−146/292">50%</abbr> of its health!)</small><br></div><div class="battle-history"><small>Kommo-o cut its own HP and maximized its Attack!</small><br></div><div class="battle-history"><small>(Kommo-o ate its Salac Berry!)</small><br></div><div class="battle-history"><small>The Salac Berry raised Kommo-o's Speed!</small><br></div><div class="spacer battle-history"><br></div><div class="battle-history"><small>(The hail is crashing down.)</small><br></div><div class="battle-history"><small>Kommo-o is buffeted by the hail!</small><br></div><div class="battle-history"><small>The opposing Tapu Koko is buffeted by the hail!</small><br></div><div class="spacer battle-history"><br></div><h2 class="battle-history">Turn 7</h2><div class="spacer battle-history"><br></div><div class="battle-history">Kommo-o used <strong>Drain Punch</strong>!<br></div><div class="battle-history"><small>It's not very effective...</small><br></div><div class="battle-history"><small>(The opposing Tapu Koko lost 38% of its health!)</small><br></div><div class="battle-history"><small>The opposing Tapu Koko had its energy drained!</small><br></div><div class="spacer battle-history"><br></div><div class="battle-history">The opposing Tapu Koko used <strong>Defog</strong>!<br></div><div class="battle-history"><small>The pointed stones disappeared from around the opposing team!</small><br></div><div class="battle-history"><small>The electricity disappeared from the battlefield.</small><br></div><div class="spacer battle-history"><br></div><div class="battle-history"><small>(The hail is crashing down.)</small><br></div><div class="battle-history"><small>Kommo-o is buffeted by the hail!</small><br></div><div class="battle-history"><small>The opposing Tapu Koko is buffeted by the hail!</small><br></div><div class="spacer battle-history"><br></div><h2 class="battle-history">Turn 8</h2><div class="chat"><small> El Cadaver renamed from toofastforlove.</small></div><div class="spacer battle-history"><br></div><div class="battle-history">Kommo-o used <strong>Drain Punch</strong>!<br></div><div class="battle-history"><small>It's not very effective...</small><br></div><div class="battle-history"><small>(The opposing Tapu Koko lost 32% of its health!)</small><br></div><div class="battle-history"><small>The opposing Tapu Koko had its energy drained!</small><br></div><div class="spacer battle-history"><br></div><div class="battle-history">The opposing Tapu Koko fainted!<br></div><div class="spacer battle-history"><br></div><div class="battle-history"><small>The hail stopped.</small><br></div><div class="spacer battle-history"><br></div><div class="battle-history">Parcos sent out <strong>Tapu Bulu</strong>!<br></div><div class="battle-history">[The opposing Tapu Bulu's Grassy Surge]<br><small>Grass grew to cover the battlefield!</small><br></div><div class="spacer battle-history"><br></div><h2 class="battle-history">Turn 9</h2><div class="spacer battle-history"><br></div><div class="battle-history">Kommo-o used <strong>Drain Punch</strong>!<br></div><div class="battle-history"><small>It's not very effective...</small><br></div><div class="battle-history"><small>(The opposing Tapu Bulu lost 30% of its health!)</small><br></div><div class="battle-history"><small>The opposing Tapu Bulu had its energy drained!</small><br></div><div class="spacer battle-history"><br></div><div class="battle-history">The opposing Tapu Bulu used <strong>High Horsepower</strong>!<br></div><div class="battle-history"><small>Kommo-o's substitute faded!</small><br></div><div class="spacer battle-history"><br></div><div class="battle-history"><small>Kommo-o's HP was restored.</small><br></div><div class="battle-history"><small>The opposing Tapu Bulu's HP was restored.</small><br></div><div class="spacer battle-history"><br></div><h2 class="battle-history">Turn 10</h2><div class="spacer battle-history"><br></div><div class="battle-history">Kommo-o used <strong>Drain Punch</strong>!<br></div><div class="battle-history"><small>It's not very effective...</small><br></div><div class="battle-history"><small>(The opposing Tapu Bulu lost 30% of its health!)</small><br></div><div class="battle-history"><small>The opposing Tapu Bulu had its energy drained!</small><br></div><div class="spacer battle-history"><br></div><div class="battle-history">The opposing Tapu Bulu used <strong>High Horsepower</strong>!<br></div><div class="battle-history"><small>(Kommo-o lost <abbr title="−72/292">24.7%</abbr> of its health!)</small><br></div><div class="spacer battle-history"><br></div><div class="battle-history"><small>Kommo-o's HP was restored.</small><br></div><div class="battle-history"><small>The opposing Tapu Bulu's HP was restored.</small><br></div><div class="spacer battle-history"><br></div><h2 class="battle-history">Turn 11</h2><div class="chat chatmessage-shurimpisntscoutin"><strong style="color:#b64357"><small> </small><span class="username" data-name="ShuRimpIsntScoutin">ShuRimpIsntScoutin</span>:</strong> <em>break his sub and kill him</em></div><div class="spacer battle-history"><br></div><div class="battle-history">Kommo-o used <strong>Drain Punch</strong>!<br></div><div class="battle-history"><small>It's not very effective...</small><br></div><div class="battle-history"><small>(The opposing Tapu Bulu lost 30% of its health!)</small><br></div><div class="battle-history"><small>The opposing Tapu Bulu had its energy drained!</small><br></div><div class="spacer battle-history"><br></div><div class="battle-history">The opposing Tapu Bulu used <strong>Leech Seed</strong>!<br></div><div class="battle-history"><small>Kommo-o was seeded!</small><br></div><div class="spacer battle-history"><br></div><div class="battle-history"><small>Kommo-o's HP was restored.</small><br></div><div class="battle-history"><small>The opposing Tapu Bulu's HP was restored.</small><br></div><div class="battle-history"><small>Kommo-o's health is sapped by Leech Seed!</small><br></div><div class="spacer battle-history"><br></div><h2 class="battle-history">Turn 12</h2><div class="chat chatmessage-shurimpisntscoutin"><strong style="color:#b64357"><small> </small><span class="username" data-name="ShuRimpIsntScoutin">ShuRimpIsntScoutin</span>:</strong> <em>wait no play rough?</em></div><div class="chat chatmessage-gravitymonkey mine"><strong style="color:#a3742e"><small>☆</small><span class="username" data-name="Gravity Monkey">Gravity Monkey</span>:</strong> <em>it doesnt have play rough</em></div><div class="chat chatmessage-shurimpisntscoutin"><strong style="color:#b64357"><small> </small><span class="username" data-name="ShuRimpIsntScoutin">ShuRimpIsntScoutin</span>:</strong> <em>oh</em></div><div class="chat chatmessage-parcos"><strong style="color:#9c0fc2"><small>☆</small><span class="username" data-name="Parcos">Parcos</span>:</strong> <em>it doesnt even get play rough</em></div><div class="chat chatmessage-shurimpisntscoutin"><strong style="color:#b64357"><small> </small><span class="username" data-name="ShuRimpIsntScoutin">ShuRimpIsntScoutin</span>:</strong> <em>i've never use that thing before</em></div><div class="spacer battle-history"><br></div><div class="battle-history">Parcos withdrew Tapu Bulu!<br></div><div class="battle-history">Parcos sent out <strong>Mudsdale</strong>!<br></div><div class="spacer battle-history"><br></div><div class="battle-history">Kommo-o used <strong>Drain Punch</strong>!<br></div><div class="battle-history"><small>(The opposing Mudsdale lost 56% of its health!)</small><br></div><div class="battle-history"><small>The opposing Mudsdale had its energy drained!</small><br></div><div class="battle-history">[The opposing Mudsdale's Stamina]<br></div><div class="battle-history"><small>The opposing Mudsdale's Defense rose!</small><br></div><div class="spacer battle-history"><br></div><div class="battle-history"><small>The opposing Mudsdale's HP was restored.</small><br></div><div class="battle-history"><small>Kommo-o's health is sapped by Leech Seed!</small><br></div><div class="spacer battle-history"><br></div><h2 class="battle-history">Turn 13</h2><div class="spacer battle-history"><br></div><div class="battle-history"><small>The opposing Mudsdale's Mudsdalite is reacting to the Key Stone!</small><br>The opposing Mudsdale has Mega Evolved into Mega Mudsdale!<br></div><div class="chat"><ul class="utilichart"><li class="result"><span class="col pokemonnamecol" style="white-space: nowrap">Mudsdale-Mega</span> <span class="col typecol"><img src="https://play.pokemonshowdown.com/sprites/types/Ground.png" alt="Ground" width="32" height="14"><img src="https://play.pokemonshowdown.com/sprites/types/Fighting.png" alt="Fighting" width="32" height="14"></span> <span style="float: left ; min-height: 26px"><span class="col abilitycol">Inner Fortitude</span><span class="col abilitycol"></span></span><span style="float: left ; min-height: 26px"><span class="col statcol"><em>HP</em><br>100</span> <span class="col statcol"><em>Atk</em><br>150</span> <span class="col statcol"><em>Def</em><br>110</span> <span class="col statcol"><em>SpA</em><br>80</span> <span class="col statcol"><em>SpD</em><br>110</span> <span class="col statcol"><em>Spe</em><br>50</span> </span></li><li style="clear: both"></li></ul></div><div class="spacer battle-history"><br></div><div class="battle-history">Kommo-o used <strong>Drain Punch</strong>!<br></div><div class="battle-history"><small>(The opposing Mudsdale lost 35% of its health!)</small><br></div><div class="battle-history"><small>The opposing Mudsdale had its energy drained!</small><br></div><div class="spacer battle-history"><br></div><div class="battle-history">The opposing Mudsdale used <strong>Body Press</strong>!<br></div><div class="battle-history"><small>(Kommo-o lost <abbr title="−127/292">43.5%</abbr> of its health!)</small><br></div><div class="spacer battle-history"><br></div><div class="battle-history"><small>Kommo-o's HP was restored.</small><br></div><div class="battle-history"><small>The opposing Mudsdale's HP was restored.</small><br></div><div class="battle-history"><small>Kommo-o's health is sapped by Leech Seed!</small><br></div><div class="battle-history"><small>The opposing team's Reflect wore off!</small><br></div><div class="spacer battle-history"><br></div><h2 class="battle-history">Turn 14</h2><div class="chat chatmessage-parcos"><strong style="color:#9c0fc2"><small>☆</small><span class="username" data-name="Parcos">Parcos</span>:</strong> <em>gg</em></div><div class="spacer battle-history"><br></div><div class="battle-history">Kommo-o used <strong>Drain Punch</strong>!<br></div><div class="battle-history"><small>(The opposing Mudsdale lost 37% of its health!)</small><br></div><div class="battle-history"><small>The opposing Mudsdale had its energy drained!</small><br></div><div class="spacer battle-history"><br></div><div class="battle-history">The opposing Mudsdale used <strong>Body Press</strong>!<br></div><div class="battle-history"><small>(Kommo-o lost <abbr title="−124/292">42.5%</abbr> of its health!)</small><br></div><div class="spacer battle-history"><br></div><div class="battle-history"><small>Kommo-o's HP was restored.</small><br></div><div class="battle-history"><small>The opposing Mudsdale's HP was restored.</small><br></div><div class="battle-history"><small>Kommo-o's health is sapped by Leech Seed!</small><br></div><div class="spacer battle-history"><br></div><h2 class="battle-history">Turn 15</h2><div class="spacer battle-history"><br></div><div class="battle-history">Kommo-o used <strong>Drain Punch</strong>!<br></div><div class="battle-history"><small>(The opposing Mudsdale lost 17% of its health!)</small><br></div><div class="battle-history"><small>The opposing Mudsdale had its energy drained!</small><br></div><div class="spacer battle-history"><br></div><div class="battle-history">The opposing Mudsdale fainted!<br></div><div class="spacer battle-history"><br></div><div class="battle-history"><small>Kommo-o's HP was restored.</small><br></div><div class="spacer battle-history"><br></div><div class="battle-history">Parcos sent out <strong>Celesteela</strong>!<br></div><div class="spacer battle-history"><br></div><h2 class="battle-history">Turn 16</h2><div class="spacer battle-history"><br></div><div class="battle-history">Kommo-o used <strong>Drain Punch</strong>!<br></div><div class="battle-history"><small>(The opposing Celesteela lost 100% of its health!)</small><br></div><div class="battle-history"><small>The opposing Celesteela had its energy drained!</small><br></div><div class="spacer battle-history"><br></div><div class="battle-history">The opposing Celesteela fainted!<br></div><div class="spacer battle-history"><br></div><div class="battle-history"><small>The grass disappeared from the battlefield.</small><br></div><div class="chat chatmessage-gravitymonkey mine"><strong style="color:#a3742e"><small>☆</small><span class="username" data-name="Gravity Monkey">Gravity Monkey</span>:</strong> <em>gg</em></div><div class="spacer battle-history"><br></div><div class="battle-history">Parcos sent out <strong>Tapu Bulu</strong>!<br></div><div class="battle-history">[The opposing Tapu Bulu's Grassy Surge]<br><small>Grass grew to cover the battlefield!</small><br></div><div class="spacer battle-history"><br></div><h2 class="battle-history">Turn 17</h2><div class="chat chatmessage-shurimpisntscoutin"><strong style="color:#b64357"><small> </small><span class="username" data-name="ShuRimpIsntScoutin">ShuRimpIsntScoutin</span>:</strong> <em>what a comeback i believe</em></div><div class="spacer battle-history"><br></div><div class="battle-history">Kommo-o used <strong>Drain Punch</strong>!<br></div><div class="battle-history"><small>It's not very effective...</small><br></div><div class="battle-history"><small>(The opposing Tapu Bulu lost 38% of its health!)</small><br></div><div class="spacer battle-history"><br></div><div class="battle-history">The opposing Tapu Bulu fainted!<br></div><div class="spacer battle-history"><br></div><div class="battle-history">Parcos sent out Lycanroc (<strong>Lycanroc-Midnight</strong>)!<br></div><div class="spacer battle-history"><br></div><h2 class="battle-history">Turn 18</h2><div class="spacer battle-history"><br></div><div class="battle-history">Kommo-o used <strong>Drain Punch</strong>!<br></div><div class="battle-history"><small>It's super effective!</small><br></div><div class="battle-history"><small>(The opposing Lycanroc lost 54% of its health!)</small><br></div><div class="spacer battle-history"><br></div><div class="battle-history">The opposing Lycanroc fainted!<br></div><div class="spacer battle-history"><br></div><div class="battle-history">Parcos sent out <strong>Incineroar</strong>!<br></div><div class="battle-history">[The opposing Incineroar's Intimidate]<br></div><div class="battle-history"><small>Kommo-o's Attack fell!</small><br></div><div class="spacer battle-history"><br></div><h2 class="battle-history">Turn 19</h2><div class="spacer battle-history"><br></div><div class="battle-history">Kommo-o used <strong>Drain Punch</strong>!<br></div><div class="battle-history"><small>It's super effective!</small><br></div><div class="battle-history"><small>(The opposing Incineroar lost 38% of its health!)</small><br></div><div class="spacer battle-history"><br></div><div class="battle-history">The opposing Incineroar fainted!<br></div><div class="spacer battle-history"><br></div><div class="battle-history"><strong>Gravity Monkey</strong> won the battle!<br></div><div class="chat chatmessage-parcos"><strong style="color:#9c0fc2"><small>☆</small><span class="username" data-name="Parcos">Parcos</span>:</strong> <em>wp</em></div></div><div class="inner-preempt message-log"></div></div></div>
</div>
<script>
let daily = Math.floor(Date.now()/1000/60/60/24);document.write('<script src="https://dragonheaven.herokuapp.com/js/replay-embed.js?version'+daily+'"></'+'script>');
</script>
