<!DOCTYPE html>
<meta charset="utf-8" />
<!-- version 1 -->
<title>[Gen 8] Megas for All replay: H2OPulse vs. inkbug1</title>
<style>
html,body {font-family:Verdana, sans-serif;font-size:10pt;margin:0;padding:0;}body{padding:12px 0;} .battle-log {font-family:Verdana, sans-serif;font-size:10pt;} .battle-log-inline {border:1px solid #AAAAAA;background:#EEF2F5;color:black;max-width:640px;margin:0 auto 80px;padding-bottom:5px;} .battle-log .inner {padding:4px 8px 0px 8px;} .battle-log .inner-preempt {padding:0 8px 4px 8px;} .battle-log .inner-after {margin-top:0.5em;} .battle-log h2 {margin:0.5em -8px;padding:4px 8px;border:1px solid #AAAAAA;background:#E0E7EA;border-left:0;border-right:0;font-family:Verdana, sans-serif;font-size:13pt;} .battle-log .chat {vertical-align:middle;padding:3px 0 3px 0;font-size:8pt;} .battle-log .chat strong {color:#40576A;} .battle-log .chat em {padding:1px 4px 1px 3px;color:#000000;font-style:normal;} .chat.mine {background:rgba(0,0,0,0.05);margin-left:-8px;margin-right:-8px;padding-left:8px;padding-right:8px;} .spoiler {color:#BBBBBB;background:#BBBBBB;padding:0px 3px;} .spoiler:hover, .spoiler:active, .spoiler-shown {color:#000000;background:#E2E2E2;padding:0px 3px;} .spoiler a {color:#BBBBBB;} .spoiler:hover a, .spoiler:active a, .spoiler-shown a {color:#2288CC;} .chat code, .chat .spoiler:hover code, .chat .spoiler:active code, .chat .spoiler-shown code {border:1px solid #C0C0C0;background:#EEEEEE;color:black;padding:0 2px;} .chat .spoiler code {border:1px solid #CCCCCC;background:#CCCCCC;color:#CCCCCC;} .battle-log .rated {padding:3px 4px;} .battle-log .rated strong {color:white;background:#89A;padding:1px 4px;border-radius:4px;} .spacer {margin-top:0.5em;} .message-announce {background:#6688AA;color:white;padding:1px 4px 2px;} .message-announce a, .broadcast-green a, .broadcast-blue a, .broadcast-red a {color:#DDEEFF;} .broadcast-green {background-color:#559955;color:white;padding:2px 4px;} .broadcast-blue {background-color:#6688AA;color:white;padding:2px 4px;} .infobox {border:1px solid #6688AA;padding:2px 4px;} .infobox-limited {max-height:200px;overflow:auto;overflow-x:hidden;} .broadcast-red {background-color:#AA5544;color:white;padding:2px 4px;} .message-learn-canlearn {font-weight:bold;color:#228822;text-decoration:underline;} .message-learn-cannotlearn {font-weight:bold;color:#CC2222;text-decoration:underline;} .message-effect-weak {font-weight:bold;color:#CC2222;} .message-effect-resist {font-weight:bold;color:#6688AA;} .message-effect-immune {font-weight:bold;color:#666666;} .message-learn-list {margin-top:0;margin-bottom:0;} .message-throttle-notice, .message-error {color:#992222;} .message-overflow, .chat small.message-overflow {font-size:0pt;} .message-overflow::before {font-size:9pt;content:'...';} .subtle {color:#3A4A66;}
</style>
<div class="wrapper replay-wrapper" style="max-width:1180px;margin:0 auto">
<input type="hidden" name="replayid" value="dragonheaven-gen8megasforall-335" />
<div class="battle"></div><div class="battle-log"></div><div class="replay-controls"></div><div class="replay-controls-2"></div>
<h1 style="font-weight:normal;text-align:center"><strong>[Gen 8] Megas for All</strong><br /><a href="http://pokemonshowdown.com/users/h2opulse" class="subtle" target="_blank">H2OPulse</a> vs. <a href="http://pokemonshowdown.com/users/inkbug1" class="subtle" target="_blank">inkbug1</a></h1>
<script type="text/plain" class="battle-log-data">|j|☆H2OPulse
|j|☆inkbug1

|t:|1608440802
|player|p1|H2OPulse|aetherfoundation|
|player|p2|inkbug1|burgh|
|teamsize|p1|6
|teamsize|p2|6
|gametype|singles
|gen|8
|tier|[Gen 8] Megas for All
|clearpoke
|poke|p1|Slowking, M|
|poke|p1|Cobalion|
|poke|p1|Muk-Alola, F|
|poke|p1|Hoopa-Unbound|
|poke|p1|Salamence, F|
|poke|p1|Rotom-Heat|
|poke|p2|Delibird, M|
|poke|p2|Reuniclus, F|
|poke|p2|Tapu Bulu|
|poke|p2|Hawlucha, F|
|poke|p2|Gardevoir, M|
|poke|p2|Claydol|
|rule|HP Percentage Mod: HP is shown in percentages
|rule|Endless Battle Clause: Forcing endless battles is banned
|rule|OHKO Clause: OHKO moves are banned
|rule|Evasion Moves Clause: Evasion moves are banned
|rule|Species Clause: Limit one of each Pokémon
|rule|Dynamax Clause: You cannot dynamax
|rule|Sleep Clause Mod: Limit one foe put to sleep
|rule|Freeze Clause Mod: Limit one foe frozen
|teampreview
|j| BotwNerd745
|c|☆inkbug1|ooh i dont know how this one will fare hhahah
|
|t:|1608440824
|start
|switch|p1a: Hydrangea|Muk-Alola, F|100\/100
|switch|p2a: Key Lime Pie|Reuniclus, F|423\/423
|turn|1
|
|t:|1608440840
|move|p1a: Hydrangea|Knock Off|p2a: Key Lime Pie
|-supereffective|p2a: Key Lime Pie
|-damage|p2a: Key Lime Pie|115\/423
|-enditem|p2a: Key Lime Pie|Eject Pack|[from] move: Knock Off|[of] p1a: Hydrangea
|move|p2a: Key Lime Pie|Knock Off|p1a: Hydrangea
|-resisted|p1a: Hydrangea
|-damage|p1a: Hydrangea|90\/100
|-enditem|p1a: Hydrangea|Figy Berry|[from] move: Knock Off|[of] p2a: Key Lime Pie
|
|upkeep
|turn|2
|c|☆inkbug1|dont think i have any ground coverage on this team at all uh
|
|t:|1608440873
|-activate|p2a: Key Lime Pie|move: Pursuit
|move|p1a: Hydrangea|Pursuit|p2a: Key Lime Pie|[from]Pursuit
|-supereffective|p2a: Key Lime Pie
|-damage|p2a: Key Lime Pie|0 fnt
|-hint|A Pokemon can't switch between when it runs out of HP and when it faints
|faint|p2a: Key Lime Pie
|
|upkeep
|c|☆H2OPulse|> (A Pokemon can't switch between when it runs out of HP and when it faints)
|c|☆H2OPulse|This is incredibly helpful Showdown
|
|t:|1608440901
|switch|p2a: Lantern|Claydol|324\/324
|turn|3
|
|t:|1608440908
|move|p2a: Lantern|Reflect|p2a: Lantern
|-sidestart|p2: inkbug1|Reflect
|move|p1a: Hydrangea|Knock Off|p2a: Lantern
|-supereffective|p2a: Lantern
|-damage|p2a: Lantern|188\/324
|-enditem|p2a: Lantern|Light Clay|[from] move: Knock Off|[of] p1a: Hydrangea
|
|upkeep
|turn|4
|
|t:|1608440919
|move|p2a: Lantern|Stealth Rock|p1a: Hydrangea
|-sidestart|p1: H2OPulse|move: Stealth Rock
|move|p1a: Hydrangea|Toxic|p2a: Lantern
|-status|p2a: Lantern|tox
|
|-damage|p2a: Lantern|168\/324 tox|[from] psn
|upkeep
|turn|5
|c| BotwNerd745|that is such a funny message yeah
|
|t:|1608440941
|switch|p2a: Strawberry|Delibird, M|293\/293
|move|p1a: Hydrangea|Knock Off|p2a: Strawberry
|-damage|p2a: Strawberry|200\/293
|
|upkeep
|turn|6
|
|t:|1608440960
|switch|p1a: Delph|Cobalion|100\/100
|-damage|p1a: Delph|97\/100|[from] Stealth Rock
|detailschange|p2a: Strawberry|Delibird-Mega, M
|-mega|p2a: Strawberry|Delibird|Delibirdite
|-ability|p2a: Strawberry|Spirit of Giving
|-item|p2: Lantern|Light Clay|[from] Ability: Spirit of Giving
|raw|<ul class="utilichart"><li class="result"><span class="col pokemonnamecol" style="white-space: nowrap">Delibird-Mega<\/span> <span class="col typecol"><img src="https:\/\/play.pokemonshowdown.com\/sprites\/types\/Ice.png" alt="Ice" height="14" width="32"><img src="https:\/\/play.pokemonshowdown.com\/sprites\/types\/Flying.png" alt="Flying" height="14" width="32"><\/span> <span style="float: left ; min-height: 26px"><span class="col abilitycol">Spirit of Giving<\/span><span class="col abilitycol"><\/span><\/span><span style="float: left ; min-height: 26px"><span class="col statcol"><em>HP<\/em><br>45<\/span> <span class="col statcol"><em>Atk<\/em><br>25<\/span> <span class="col statcol"><em>Def<\/em><br>120<\/span> <span class="col statcol"><em>SpA<\/em><br>85<\/span> <span class="col statcol"><em>SpD<\/em><br>120<\/span> <span class="col statcol"><em>Spe<\/em><br>35<\/span> <\/span><\/li><li style="clear: both"><\/li><\/ul>
|move|p2a: Strawberry|U-turn|p1a: Delph
|-resisted|p1a: Delph
|-crit|p1a: Delph
|-damage|p1a: Delph|96\/100
|-damage|p2a: Strawberry|152\/293|[from] item: Rocky Helmet|[of] p1a: Delph
|c|☆inkbug1|ow
|
|t:|1608440978
|switch|p2a: Hart|Tapu Bulu|343\/343
|-fieldstart|move: Grassy Terrain|[from] ability: Grassy Surge|[of] p2a: Hart
|
|-heal|p1a: Delph|100\/100|[from] Grassy Terrain
|upkeep
|turn|7
|c|☆H2OPulse|Man this Ability is so satisfying to me I'm very proud of it
|
|t:|1608441002
|move|p1a: Delph|Volt Switch|p2a: Hart
|-resisted|p2a: Hart
|-damage|p2a: Hart|319\/343
|c|☆inkbug1|yeah good job :D 
|
|t:|1608441017
|switch|p1a: Strelitzia|Salamence, F|100\/100|[from]move: Volt Switch
|-damage|p1a: Strelitzia|76\/100|[from] Stealth Rock
|-ability|p1a: Strelitzia|Intimidate|boost
|-unboost|p2a: Hart|atk|1
|-enditem|p2a: Hart|Eject Pack
|c|☆H2OPulse|C:
|c|☆inkbug1|well i was planning on leaving anyways
|c|☆H2OPulse|Hehehe fai r
|c|☆inkbug1|man if gamma was running trace right now 
|c|☆inkbug1|wheeze
|c|☆H2OPulse|hA
|
|t:|1608441074
|switch|p2a: Gamma|Gardevoir, M|278\/278
|
|upkeep
|turn|8
|
|t:|1608441102
|switch|p1a: Hydrangea|Muk-Alola, F|90\/100
|-damage|p1a: Hydrangea|78\/100|[from] Stealth Rock
|move|p2a: Gamma|Moonblast|p1a: Hydrangea
|-damage|p1a: Hydrangea|38\/100
|
|-heal|p1a: Hydrangea|44\/100|[from] Grassy Terrain
|upkeep
|turn|9
|
|t:|1608441124
|move|p2a: Gamma|Moonblast|p1a: Hydrangea
|-damage|p1a: Hydrangea|8\/100
|move|p1a: Hydrangea|Gunk Shot|p2a: Gamma
|-supereffective|p2a: Gamma
|-damage|p2a: Gamma|0 fnt
|faint|p2a: Gamma
|
|-heal|p1a: Hydrangea|14\/100|[from] Grassy Terrain
|upkeep
|c|☆inkbug1|thats fair
|
|t:|1608441140
|switch|p2a: Holly|Hawlucha, F|297\/297
|-enditem|p2a: Holly|Grassy Seed
|-boost|p2a: Holly|def|1|[from] item: Grassy Seed
|turn|10
|
|t:|1608441148
|move|p2a: Holly|Acrobatics|p1a: Hydrangea
|-damage|p1a: Hydrangea|0 fnt
|faint|p1a: Hydrangea
|
|-fieldend|move: Grassy Terrain
|-sideend|p2: inkbug1|Reflect
|upkeep
|
|t:|1608441151
|switch|p1a: Moss Rose|Slowking, M|100\/100
|-damage|p1a: Moss Rose|88\/100|[from] Stealth Rock
|turn|11
|
|t:|1608441162
|switch|p2a: Strawberry|Delibird-Mega, M|152\/293
|-ability|p2a: Strawberry|Spirit of Giving
|-item|p2: Holly|Grassy Seed|[from] Ability: Spirit of Giving
|-item|p2: Hart|Eject Pack|[from] Ability: Spirit of Giving
|detailschange|p1a: Moss Rose|Slowking-Mega, M
|-mega|p1a: Moss Rose|Slowking|Slowkinite
|-activate|p1a: Moss Rose|ability: Counter-Clockwise Spiral|p1a: Moss Rose
|-fieldstart|move: Trick Room|[of] p1a: Moss Rose
|raw|<ul class="utilichart"><li class="result"><span class="col pokemonnamecol" style="white-space: nowrap">Slowking-Mega<\/span> <span class="col typecol"><img src="https:\/\/play.pokemonshowdown.com\/sprites\/types\/Water.png" alt="Water" height="14" width="32"><img src="https:\/\/play.pokemonshowdown.com\/sprites\/types\/Psychic.png" alt="Psychic" height="14" width="32"><\/span> <span style="float: left ; min-height: 26px"><span class="col abilitycol">Counter-Clockwise Spiral<\/span><span class="col abilitycol"><\/span><\/span><span style="float: left ; min-height: 26px"><span class="col statcol"><em>HP<\/em><br>95<\/span> <span class="col statcol"><em>Atk<\/em><br>75<\/span> <span class="col statcol"><em>Def<\/em><br>80<\/span> <span class="col statcol"><em>SpA<\/em><br>145<\/span> <span class="col statcol"><em>SpD<\/em><br>110<\/span> <span class="col statcol"><em>Spe<\/em><br>85<\/span> <\/span><\/li><li style="clear: both"><\/li><\/ul>
|move|p1a: Moss Rose|Scald|p2a: Strawberry
|-damage|p2a: Strawberry|68\/293
|
|upkeep
|turn|12
|
|t:|1608441183
|move|p2a: Strawberry|Roost|p2a: Strawberry
|-heal|p2a: Strawberry|215\/293
|-singleturn|p2a: Strawberry|move: Roost
|move|p1a: Moss Rose|Psyshock|p2a: Strawberry
|-damage|p2a: Strawberry|112\/293
|
|upkeep
|turn|13
|
|t:|1608441192
|move|p2a: Strawberry|Roost|p2a: Strawberry
|-heal|p2a: Strawberry|259\/293
|-singleturn|p2a: Strawberry|move: Roost
|move|p1a: Moss Rose|Nasty Plot|p1a: Moss Rose
|-boost|p1a: Moss Rose|spa|2
|
|upkeep
|turn|14
|
|t:|1608441212
|move|p2a: Strawberry|Freeze-Dry|p1a: Moss Rose
|-supereffective|p1a: Moss Rose
|-damage|p1a: Moss Rose|52\/100
|-status|p1a: Moss Rose|frz
|cant|p1a: Moss Rose|frz
|
|upkeep
|turn|15
|c|☆inkbug1|WHY
|c|☆inkbug1|TWO FOR TWO
|c|☆H2OPulse|PPFFF
|c|☆H2OPulse|Oh sweet I can
|
|t:|1608441235
|move|p2a: Strawberry|Freeze-Dry|p1a: Moss Rose
|-supereffective|p1a: Moss Rose
|-damage|p1a: Moss Rose|18\/100 frz
|-curestatus|p1a: Moss Rose|frz|[from] move: Scald
|move|p1a: Moss Rose|Scald|p2a: Strawberry
|-damage|p2a: Strawberry|97\/293
|-status|p2a: Strawberry|brn
|
|-damage|p2a: Strawberry|79\/293 brn|[from] brn
|upkeep
|turn|16
|c|☆H2OPulse|thank goodness
|c|☆inkbug1|right yeah scald does tht but still 
|c|☆inkbug1|thats so funny
|
|t:|1608441255
|-fieldend|move: Trick Room
|switch|p1a: Wheat|Rotom-Heat|100\/100
|move|p2a: Strawberry|Freeze-Dry|p1a: Wheat
|-resisted|p1a: Wheat
|-damage|p1a: Wheat|90\/100
|
|-damage|p2a: Strawberry|61\/293 brn|[from] brn
|upkeep
|turn|17
|l|☆H2OPulse
|player|p1|
|c|☆inkbug1|hm 
|c|☆inkbug1|not good options here
|j|☆H2OPulse
|player|p1|H2OPulse|aetherfoundation
|c|☆inkbug1|pretty bad options here, actually
|c|☆H2OPulse|Hahaha fai r
|
|t:|1608441289
|switch|p2a: Hart|Tapu Bulu|319\/343
|-fieldstart|move: Grassy Terrain|[from] ability: Grassy Surge|[of] p2a: Hart
|move|p1a: Wheat|Defog|p2a: Hart
|-unboost|p2a: Hart|evasion|1
|-enditem|p2a: Hart|Eject Pack
|-sideend|p1: H2OPulse|Stealth Rock|[from] move: Defog|[of] p1a: Wheat
|c|☆H2OPulse|I am in so much danger but I am living right now also
|c|☆H2OPulse|PFF
|
|t:|1608441298
|switch|p2a: Holly|Hawlucha, F|297\/297
|-enditem|p2a: Holly|Grassy Seed
|-boost|p2a: Holly|def|1|[from] item: Grassy Seed
|
|upkeep
|turn|18
|c|☆inkbug1|ill take it
|c|☆H2OPulse|Oh huh I wonder what caused Defog not to clear the terrain there
|c|☆inkbug1|... i was wondering that too
|j| Hematemesis
|c|☆inkbug1|i wonder if thats in the same priority as forcing thnigs to switch
|c|☆inkbug1|oh hi
|c| Hematemesis|aloha
|c|☆H2OPulse|Hi!! C:
|c| Hematemesis|I can play the winner if they desire
|
|t:|1608441358
|move|p2a: Holly|Drain Punch|p1a: Wheat
|-damage|p1a: Wheat|54\/100
|move|p1a: Wheat|Volt Switch|p2a: Holly
|-supereffective|p2a: Holly
|-crit|p2a: Holly
|-damage|p2a: Holly|0 fnt
|faint|p2a: Holly
|c|☆inkbug1|oh okay
|c|☆inkbug1|thats fine
|c|☆H2OPulse|OOF sorry;;
|c|☆inkbug1|that was my only chance against rotom actually ajkhdgasd
|
|t:|1608441395
|switch|p1a: Delph|Cobalion|100\/100|[from]move: Volt Switch
|
|upkeep
|
|t:|1608441403
|switch|p2a: Lantern|Claydol|168\/324 tox
|turn|19
|
|t:|1608441419
|move|p1a: Delph|Iron Head|p2a: Lantern
|-damage|p2a: Lantern|86\/324 tox
|cant|p2a: Lantern|flinch
|
|-damage|p2a: Lantern|66\/324 tox|[from] psn
|upkeep
|turn|20
|c|☆H2OPulse|Aaaaaa sorry
|c|☆inkbug1|yeah i deserve that after that randbat w weavile
|
|t:|1608441436
|move|p1a: Delph|Iron Head|p2a: Lantern
|-damage|p2a: Lantern|0 fnt
|faint|p2a: Lantern
|
|upkeep
|c|☆H2OPulse|PF
|
|t:|1608441441
|switch|p2a: Hart|Tapu Bulu|319\/343
|turn|21
|c| Hematemesis|I actually have a team I'd like to try if y'all don't mind
|c|☆inkbug1|ooooh
|c|☆H2OPulse|out of curiosity did you get the replay on that one because that was actually hilarious
|c|☆inkbug1|oh the weavile one i have no idea
|c|☆inkbug1|i saved a bunch but not al
|c|☆H2OPulse|And oh nice!! I would be interested in either playing or watching!
|c|☆inkbug1|all*
|
|t:|1608441467
|move|p1a: Delph|Iron Head|p2a: Hart
|-supereffective|p2a: Hart
|-damage|p2a: Hart|137\/343
|move|p2a: Hart|Close Combat|p1a: Delph
|-supereffective|p1a: Delph
|-damage|p1a: Delph|24\/100
|-unboost|p2a: Hart|def|1
|-unboost|p2a: Hart|spd|1
|-damage|p2a: Hart|80\/343|[from] item: Rocky Helmet|[of] p1a: Delph
|
|-heal|p1a: Delph|30\/100|[from] Grassy Terrain
|-heal|p2a: Hart|101\/343|[from] Grassy Terrain
|-fieldend|move: Grassy Terrain
|upkeep
|turn|22
|
|t:|1608441488
|move|p1a: Delph|Iron Head|p2a: Hart
|-supereffective|p2a: Hart
|-damage|p2a: Hart|0 fnt
|faint|p2a: Hart
|
|upkeep
|
|t:|1608441495
|switch|p2a: Strawberry|Delibird-Mega, M|61\/293 brn
|turn|23
|c|☆inkbug1|gg anyways :'D 
|
|t:|1608441503
|move|p1a: Delph|Iron Head|p2a: Strawberry
|-supereffective|p2a: Strawberry
|-damage|p2a: Strawberry|0 fnt
|faint|p2a: Strawberry
|
|win|H2OPulse
|c|☆H2OPulse|Good game : D</script>
</div>
<div class="battle-log battle-log-inline"><div class="inner"><div class="battle-options"><div style="padding-top: 3px; padding-right: 3px; text-align: right"><button class="icon button" name="openBattleOptions" title="Options">Battle Options</button></div></div><div class="inner message-log"><div class="chat"><small>☆H2OPulse and ☆inkbug1 joined</small></div><div class=""><small>Format:</small> <br><strong>[Gen 8] Megas for All</strong></div><div class=""><small><em>HP Percentage Mod:</em> HP is shown in percentages</small></div><div class=""><small><em>Endless Battle Clause:</em> Forcing endless battles is banned</small></div><div class=""><small><em>OHKO Clause:</em> OHKO moves are banned</small></div><div class=""><small><em>Evasion Moves Clause:</em> Evasion moves are banned</small></div><div class=""><small><em>Species Clause:</em> Limit one of each Pokémon</small></div><div class=""><small><em>Dynamax Clause:</em> You cannot dynamax</small></div><div class=""><small><em>Sleep Clause Mod:</em> Limit one foe put to sleep</small></div><div class=""><small><em>Freeze Clause Mod:</em> Limit one foe frozen</small></div><div class="chat battle-history"><strong>H2OPulse's team:</strong> <em style="color:#445566;display:block;">Slowking / Cobalion / Muk-Alola / Hoopa-Unbound / Salamence / Rotom-Heat</em></div><div class="chat battle-history"><strong>inkbug1's team:</strong> <em style="color:#445566;display:block;">Delibird / Reuniclus / Tapu Bulu / Hawlucha / Gardevoir / Claydol</em></div><div class="chat"><small> BotwNerd745 joined</small></div><div class="chat chatmessage-inkbug1 mine"><strong style="color:#e46e0f"><small>☆</small><span class="username" data-name="inkbug1">inkbug1</span>:</strong> <em>ooh i dont know how this one will fare hhahah</em></div><div class="spacer battle-history"><br></div><div class="battle-history">Battle started between H2OPulse and inkbug1!<br></div><div class="spacer battle-history"><br></div><div class="battle-history">H2OPulse sent out Hydrangea (<strong>Muk-Alola</strong>)!<br></div><div class="spacer battle-history"><br></div><div class="battle-history">Go! Key Lime Pie (<strong>Reuniclus</strong>)!<br></div><div class="spacer battle-history"><br></div><h2 class="battle-history">Turn 1</h2><div class="spacer battle-history"><br></div><div class="battle-history">The opposing Hydrangea used <strong>Knock Off</strong>!<br></div><div class="battle-history"><small>It's super effective!</small><br></div><div class="battle-history"><small>(Key Lime Pie lost <abbr title="−308/423">72.8%</abbr> of its health!)</small><br></div><div class="battle-history"><small>The opposing Hydrangea knocked off Key Lime Pie's Eject Pack!</small><br></div><div class="spacer battle-history"><br></div><div class="battle-history">Key Lime Pie used <strong>Knock Off</strong>!<br></div><div class="battle-history"><small>It's not very effective...</small><br></div><div class="battle-history"><small>(The opposing Hydrangea lost 10% of its health!)</small><br></div><div class="battle-history"><small>Key Lime Pie knocked off the opposing Hydrangea's Figy Berry!</small><br></div><div class="spacer battle-history"><br></div><h2 class="battle-history">Turn 2</h2><div class="chat chatmessage-inkbug1 mine"><strong style="color:#e46e0f"><small>☆</small><span class="username" data-name="inkbug1">inkbug1</span>:</strong> <em>dont think i have any ground coverage on this team at all uh</em></div><div class="spacer battle-history"><br></div><div class="battle-history"><small>(Key Lime Pie is being withdrawn...)</small><br></div><div class="spacer battle-history"><br></div><div class="battle-history">The opposing Hydrangea used <strong>Pursuit</strong>!<br></div><div class="battle-history"><small>It's super effective!</small><br></div><div class="battle-history"><small>(Key Lime Pie lost <abbr title="−115/423">27.2%</abbr> of its health!)</small><br></div><div class="battle-history"><small>(A Pokemon can't switch between when it runs out of HP and when it faints)</small><br></div><div class="spacer battle-history"><br></div><div class="battle-history">Key Lime Pie fainted!<br></div><div class="chat chatmessage-h2opulse"><strong style="color:#6e8c2b"><small>☆</small><span class="username" data-name="H2OPulse">H2OPulse</span>:</strong> <em><span class="greentext">&gt; (A Pokemon can't switch between when it runs out of HP and when it faints)</span></em></div><div class="chat chatmessage-h2opulse"><strong style="color:#6e8c2b"><small>☆</small><span class="username" data-name="H2OPulse">H2OPulse</span>:</strong> <em>This is incredibly helpful Showdown</em></div><div class="spacer battle-history"><br></div><div class="battle-history">Go! Lantern (<strong>Claydol</strong>)!<br></div><div class="spacer battle-history"><br></div><h2 class="battle-history">Turn 3</h2><div class="spacer battle-history"><br></div><div class="battle-history">Lantern used <strong>Reflect</strong>!<br></div><div class="battle-history"><small>Reflect made your team stronger against physical moves!</small><br></div><div class="spacer battle-history"><br></div><div class="battle-history">The opposing Hydrangea used <strong>Knock Off</strong>!<br></div><div class="battle-history"><small>It's super effective!</small><br></div><div class="battle-history"><small>(Lantern lost <abbr title="−136/324">42.0%</abbr> of its health!)</small><br></div><div class="battle-history"><small>The opposing Hydrangea knocked off Lantern's Light Clay!</small><br></div><div class="spacer battle-history"><br></div><h2 class="battle-history">Turn 4</h2><div class="spacer battle-history"><br></div><div class="battle-history">Lantern used <strong>Stealth Rock</strong>!<br></div><div class="battle-history"><small>Pointed stones float in the air around the opposing team!</small><br></div><div class="spacer battle-history"><br></div><div class="battle-history">The opposing Hydrangea used <strong>Toxic</strong>!<br></div><div class="battle-history"><small>Lantern was badly poisoned!</small><br></div><div class="spacer battle-history"><br></div><div class="battle-history"><small>Lantern was hurt by poison!</small><br></div><div class="spacer battle-history"><br></div><h2 class="battle-history">Turn 5</h2><div class="chat chatmessage-botwnerd745"><strong style="color:#9835de"><small> </small><span class="username" data-name="BotwNerd745">BotwNerd745</span>:</strong> <em>that is such a funny message yeah</em></div><div class="spacer battle-history"><br></div><div class="battle-history">Lantern, come back!<br></div><div class="battle-history">Go! Strawberry (<strong>Delibird</strong>)!<br></div><div class="spacer battle-history"><br></div><div class="battle-history">The opposing Hydrangea used <strong>Knock Off</strong>!<br></div><div class="battle-history"><small>(Strawberry lost <abbr title="−93/293">31.7%</abbr> of its health!)</small><br></div><div class="spacer battle-history"><br></div><h2 class="battle-history">Turn 6</h2><div class="spacer battle-history"><br></div><div class="battle-history">H2OPulse withdrew Hydrangea!<br></div><div class="battle-history">H2OPulse sent out Delph (<strong>Cobalion</strong>)!<br></div><div class="battle-history"><small>Pointed stones dug into the opposing Delph!</small><br></div><div class="spacer battle-history"><br></div><div class="battle-history"><small>Strawberry's Delibirdite is reacting to the Key Stone!</small><br>Strawberry has Mega Evolved into Mega Delibird!<br></div><div class="battle-history">[Strawberry's Spirit of Giving]<br></div><div class="battle-history"><small>Lantern obtained one Light Clay.</small><br></div><div class="chat"><ul class="utilichart"><li class="result"><span class="col pokemonnamecol" style="white-space: nowrap">Delibird-Mega</span> <span class="col typecol"><img src="https://play.pokemonshowdown.com/sprites/types/Ice.png" alt="Ice" height="14" width="32"><img src="https://play.pokemonshowdown.com/sprites/types/Flying.png" alt="Flying" height="14" width="32"></span> <span style="float: left ; min-height: 26px"><span class="col abilitycol">Spirit of Giving</span><span class="col abilitycol"></span></span><span style="float: left ; min-height: 26px"><span class="col statcol"><em>HP</em><br>45</span> <span class="col statcol"><em>Atk</em><br>25</span> <span class="col statcol"><em>Def</em><br>120</span> <span class="col statcol"><em>SpA</em><br>85</span> <span class="col statcol"><em>SpD</em><br>120</span> <span class="col statcol"><em>Spe</em><br>35</span> </span></li><li style="clear: both"></li></ul></div><div class="spacer battle-history"><br></div><div class="battle-history">Strawberry used <strong>U-turn</strong>!<br></div><div class="battle-history"><small>It's not very effective...</small><br></div><div class="battle-history"><small>A critical hit!</small><br></div><div class="battle-history"><small>(The opposing Delph lost 1% of its health!)</small><br></div><div class="battle-history"><small>Strawberry was hurt by the Rocky Helmet!</small><br></div><div class="chat chatmessage-inkbug1 mine"><strong style="color:#e46e0f"><small>☆</small><span class="username" data-name="inkbug1">inkbug1</span>:</strong> <em>ow</em></div><div class="spacer battle-history"><br></div><div class="battle-history">Strawberry went back to inkbug1!<br></div><div class="battle-history">Go! Hart (<strong>Tapu Bulu</strong>)!<br></div><div class="battle-history">[Hart's Grassy Surge]<br><small>Grass grew to cover the battlefield!</small><br></div><div class="spacer battle-history"><br></div><div class="battle-history"><small>The opposing Delph's HP was restored.</small><br></div><div class="spacer battle-history"><br></div><h2 class="battle-history">Turn 7</h2><div class="chat chatmessage-h2opulse"><strong style="color:#6e8c2b"><small>☆</small><span class="username" data-name="H2OPulse">H2OPulse</span>:</strong> <em>Man this Ability is so satisfying to me I'm very proud of it</em></div><div class="spacer battle-history"><br></div><div class="battle-history">The opposing Delph used <strong>Volt Switch</strong>!<br></div><div class="battle-history"><small>It's not very effective...</small><br></div><div class="battle-history"><small>(Hart lost <abbr title="−24/343">7.0%</abbr> of its health!)</small><br></div><div class="chat chatmessage-inkbug1 mine"><strong style="color:#e46e0f"><small>☆</small><span class="username" data-name="inkbug1">inkbug1</span>:</strong> <em>yeah good job :D </em></div><div class="spacer battle-history"><br></div><div class="battle-history">The opposing Delph went back to H2OPulse!<br></div><div class="battle-history">H2OPulse sent out Strelitzia (<strong>Salamence</strong>)!<br></div><div class="battle-history"><small>Pointed stones dug into the opposing Strelitzia!</small><br></div><div class="battle-history">[The opposing Strelitzia's Intimidate]<br></div><div class="battle-history"><small>Hart's Attack fell!</small><br></div><div class="battle-history"><small>(Hart used its Eject Pack!)</small><br></div><div class="chat chatmessage-h2opulse"><strong style="color:#6e8c2b"><small>☆</small><span class="username" data-name="H2OPulse">H2OPulse</span>:</strong> <em>C:</em></div><div class="chat chatmessage-inkbug1 mine"><strong style="color:#e46e0f"><small>☆</small><span class="username" data-name="inkbug1">inkbug1</span>:</strong> <em>well i was planning on leaving anyways</em></div><div class="chat chatmessage-h2opulse"><strong style="color:#6e8c2b"><small>☆</small><span class="username" data-name="H2OPulse">H2OPulse</span>:</strong> <em>Hehehe fai r</em></div><div class="chat chatmessage-inkbug1 mine"><strong style="color:#e46e0f"><small>☆</small><span class="username" data-name="inkbug1">inkbug1</span>:</strong> <em>man if gamma was running trace right now </em></div><div class="chat chatmessage-inkbug1 mine"><strong style="color:#e46e0f"><small>☆</small><span class="username" data-name="inkbug1">inkbug1</span>:</strong> <em>wheeze</em></div><div class="chat chatmessage-h2opulse"><strong style="color:#6e8c2b"><small>☆</small><span class="username" data-name="H2OPulse">H2OPulse</span>:</strong> <em>hA</em></div><div class="spacer battle-history"><br></div><div class="battle-history">Hart, come back!<br></div><div class="battle-history">Go! Gamma (<strong>Gardevoir</strong>)!<br></div><div class="spacer battle-history"><br></div><h2 class="battle-history">Turn 8</h2><div class="spacer battle-history"><br></div><div class="battle-history">H2OPulse withdrew Strelitzia!<br></div><div class="battle-history">H2OPulse sent out Hydrangea (<strong>Muk-Alola</strong>)!<br></div><div class="battle-history"><small>Pointed stones dug into the opposing Hydrangea!</small><br></div><div class="spacer battle-history"><br></div><div class="battle-history">Gamma used <strong>Moonblast</strong>!<br></div><div class="battle-history"><small>(The opposing Hydrangea lost 40% of its health!)</small><br></div><div class="spacer battle-history"><br></div><div class="battle-history"><small>The opposing Hydrangea's HP was restored.</small><br></div><div class="spacer battle-history"><br></div><h2 class="battle-history">Turn 9</h2><div class="spacer battle-history"><br></div><div class="battle-history">Gamma used <strong>Moonblast</strong>!<br></div><div class="battle-history"><small>(The opposing Hydrangea lost 36% of its health!)</small><br></div><div class="spacer battle-history"><br></div><div class="battle-history">The opposing Hydrangea used <strong>Gunk Shot</strong>!<br></div><div class="battle-history"><small>It's super effective!</small><br></div><div class="battle-history"><small>(Gamma lost <abbr title="−278/278">100%</abbr> of its health!)</small><br></div><div class="spacer battle-history"><br></div><div class="battle-history">Gamma fainted!<br></div><div class="spacer battle-history"><br></div><div class="battle-history"><small>The opposing Hydrangea's HP was restored.</small><br></div><div class="chat chatmessage-inkbug1 mine"><strong style="color:#e46e0f"><small>☆</small><span class="username" data-name="inkbug1">inkbug1</span>:</strong> <em>thats fair</em></div><div class="spacer battle-history"><br></div><div class="battle-history">Go! Holly (<strong>Hawlucha</strong>)!<br></div><div class="battle-history"><small>(Holly used its Grassy Seed!)</small><br></div><div class="battle-history"><small>The Grassy Seed raised Holly's Defense!</small><br></div><div class="spacer battle-history"><br></div><h2 class="battle-history">Turn 10</h2><div class="spacer battle-history"><br></div><div class="battle-history">Holly used <strong>Acrobatics</strong>!<br></div><div class="battle-history"><small>(The opposing Hydrangea lost 14% of its health!)</small><br></div><div class="spacer battle-history"><br></div><div class="battle-history">The opposing Hydrangea fainted!<br></div><div class="spacer battle-history"><br></div><div class="battle-history"><small>The grass disappeared from the battlefield.</small><br></div><div class="battle-history"><small>Your team's Reflect wore off!</small><br></div><div class="spacer battle-history"><br></div><div class="battle-history">H2OPulse sent out Moss Rose (<strong>Slowking</strong>)!<br></div><div class="battle-history"><small>Pointed stones dug into the opposing Moss Rose!</small><br></div><div class="spacer battle-history"><br></div><h2 class="battle-history">Turn 11</h2><div class="spacer battle-history"><br></div><div class="battle-history">Holly, come back!<br></div><div class="battle-history">Go! Strawberry (<strong>Delibird-Mega</strong>)!<br></div><div class="battle-history">[Strawberry's Spirit of Giving]<br></div><div class="battle-history"><small>Holly obtained one Grassy Seed.</small><br></div><div class="battle-history"><small>Hart obtained one Eject Pack.</small><br></div><div class="spacer battle-history"><br></div><div class="battle-history"><small>The opposing Moss Rose's Slowkinite is reacting to the Key Stone!</small><br>The opposing Moss Rose has Mega Evolved into Mega Slowking!<br></div><div class="battle-history">[The opposing Moss Rose's Counter-Clockwise Spiral]<br></div><div class="battle-history"><small>The opposing Moss Rose twisted the dimensions!</small><br></div><div class="chat"><ul class="utilichart"><li class="result"><span class="col pokemonnamecol" style="white-space: nowrap">Slowking-Mega</span> <span class="col typecol"><img src="https://play.pokemonshowdown.com/sprites/types/Water.png" alt="Water" height="14" width="32"><img src="https://play.pokemonshowdown.com/sprites/types/Psychic.png" alt="Psychic" height="14" width="32"></span> <span style="float: left ; min-height: 26px"><span class="col abilitycol">Counter-Clockwise Spiral</span><span class="col abilitycol"></span></span><span style="float: left ; min-height: 26px"><span class="col statcol"><em>HP</em><br>95</span> <span class="col statcol"><em>Atk</em><br>75</span> <span class="col statcol"><em>Def</em><br>80</span> <span class="col statcol"><em>SpA</em><br>145</span> <span class="col statcol"><em>SpD</em><br>110</span> <span class="col statcol"><em>Spe</em><br>85</span> </span></li><li style="clear: both"></li></ul></div><div class="spacer battle-history"><br></div><div class="battle-history">The opposing Moss Rose used <strong>Scald</strong>!<br></div><div class="battle-history"><small>(Strawberry lost <abbr title="−84/293">28.7%</abbr> of its health!)</small><br></div><div class="spacer battle-history"><br></div><h2 class="battle-history">Turn 12</h2><div class="spacer battle-history"><br></div><div class="battle-history">Strawberry used <strong>Roost</strong>!<br></div><div class="battle-history"><small>Strawberry had its HP restored.</small><br></div><div class="spacer battle-history"><br></div><div class="battle-history">The opposing Moss Rose used <strong>Psyshock</strong>!<br></div><div class="battle-history"><small>(Strawberry lost <abbr title="−103/293">35.2%</abbr> of its health!)</small><br></div><div class="spacer battle-history"><br></div><h2 class="battle-history">Turn 13</h2><div class="spacer battle-history"><br></div><div class="battle-history">Strawberry used <strong>Roost</strong>!<br></div><div class="battle-history"><small>Strawberry had its HP restored.</small><br></div><div class="spacer battle-history"><br></div><div class="battle-history">The opposing Moss Rose used <strong>Nasty Plot</strong>!<br></div><div class="battle-history"><small>The opposing Moss Rose's Sp. Atk rose sharply!</small><br></div><div class="spacer battle-history"><br></div><h2 class="battle-history">Turn 14</h2><div class="spacer battle-history"><br></div><div class="battle-history">Strawberry used <strong>Freeze-Dry</strong>!<br></div><div class="battle-history"><small>It's super effective!</small><br></div><div class="battle-history"><small>(The opposing Moss Rose lost 36% of its health!)</small><br></div><div class="battle-history"><small>The opposing Moss Rose was frozen solid!</small><br></div><div class="spacer battle-history"><br></div><div class="battle-history">The opposing Moss Rose is frozen solid!<br></div><div class="spacer battle-history"><br></div><h2 class="battle-history">Turn 15</h2><div class="chat chatmessage-inkbug1 mine"><strong style="color:#e46e0f"><small>☆</small><span class="username" data-name="inkbug1">inkbug1</span>:</strong> <em>WHY</em></div><div class="chat chatmessage-inkbug1 mine"><strong style="color:#e46e0f"><small>☆</small><span class="username" data-name="inkbug1">inkbug1</span>:</strong> <em>TWO FOR TWO</em></div><div class="chat chatmessage-h2opulse"><strong style="color:#6e8c2b"><small>☆</small><span class="username" data-name="H2OPulse">H2OPulse</span>:</strong> <em>PPFFF</em></div><div class="chat chatmessage-h2opulse"><strong style="color:#6e8c2b"><small>☆</small><span class="username" data-name="H2OPulse">H2OPulse</span>:</strong> <em>Oh sweet I can</em></div><div class="spacer battle-history"><br></div><div class="battle-history">Strawberry used <strong>Freeze-Dry</strong>!<br></div><div class="battle-history"><small>It's super effective!</small><br></div><div class="battle-history"><small>(The opposing Moss Rose lost 34% of its health!)</small><br></div><div class="battle-history"><small>The opposing Moss Rose's Scald melted the ice!</small><br></div><div class="spacer battle-history"><br></div><div class="battle-history">The opposing Moss Rose used <strong>Scald</strong>!<br></div><div class="battle-history"><small>(Strawberry lost <abbr title="−162/293">55.3%</abbr> of its health!)</small><br></div><div class="battle-history"><small>Strawberry was burned!</small><br></div><div class="spacer battle-history"><br></div><div class="battle-history"><small>Strawberry was hurt by its burn!</small><br></div><div class="spacer battle-history"><br></div><h2 class="battle-history">Turn 16</h2><div class="chat chatmessage-h2opulse"><strong style="color:#6e8c2b"><small>☆</small><span class="username" data-name="H2OPulse">H2OPulse</span>:</strong> <em>thank goodness</em></div><div class="chat chatmessage-inkbug1 mine"><strong style="color:#e46e0f"><small>☆</small><span class="username" data-name="inkbug1">inkbug1</span>:</strong> <em>right yeah scald does tht but still </em></div><div class="chat chatmessage-inkbug1 mine"><strong style="color:#e46e0f"><small>☆</small><span class="username" data-name="inkbug1">inkbug1</span>:</strong> <em>thats so funny</em></div><div class="spacer battle-history"><br></div><div class="battle-history"><small>The twisted dimensions returned to normal!</small><br></div><div class="spacer battle-history"><br></div><div class="battle-history">H2OPulse withdrew Moss Rose!<br></div><div class="battle-history">H2OPulse sent out Wheat (<strong>Rotom-Heat</strong>)!<br></div><div class="spacer battle-history"><br></div><div class="battle-history">Strawberry used <strong>Freeze-Dry</strong>!<br></div><div class="battle-history"><small>It's not very effective...</small><br></div><div class="battle-history"><small>(The opposing Wheat lost 10% of its health!)</small><br></div><div class="spacer battle-history"><br></div><div class="battle-history"><small>Strawberry was hurt by its burn!</small><br></div><div class="spacer battle-history"><br></div><h2 class="battle-history">Turn 17</h2><div class="chat"><small>☆H2OPulse left</small></div><div class="chat chatmessage-inkbug1 mine"><strong style="color:#e46e0f"><small>☆</small><span class="username" data-name="inkbug1">inkbug1</span>:</strong> <em>hm </em></div><div class="chat chatmessage-inkbug1 mine"><strong style="color:#e46e0f"><small>☆</small><span class="username" data-name="inkbug1">inkbug1</span>:</strong> <em>not good options here</em></div><div class="chat"><small>☆H2OPulse joined</small></div><div class="chat chatmessage-inkbug1 mine"><strong style="color:#e46e0f"><small>☆</small><span class="username" data-name="inkbug1">inkbug1</span>:</strong> <em>pretty bad options here, actually</em></div><div class="chat chatmessage-h2opulse"><strong style="color:#6e8c2b"><small>☆</small><span class="username" data-name="H2OPulse">H2OPulse</span>:</strong> <em>Hahaha fai r</em></div><div class="spacer battle-history"><br></div><div class="battle-history">Strawberry, come back!<br></div><div class="battle-history">Go! Hart (<strong>Tapu Bulu</strong>)!<br></div><div class="battle-history">[Hart's Grassy Surge]<br><small>Grass grew to cover the battlefield!</small><br></div><div class="spacer battle-history"><br></div><div class="battle-history">The opposing Wheat used <strong>Defog</strong>!<br></div><div class="battle-history"><small>Hart's evasiveness fell!</small><br></div><div class="battle-history"><small>(Hart used its Eject Pack!)</small><br></div><div class="battle-history"><small>The pointed stones disappeared from around the opposing team!</small><br></div><div class="chat chatmessage-h2opulse"><strong style="color:#6e8c2b"><small>☆</small><span class="username" data-name="H2OPulse">H2OPulse</span>:</strong> <em>I am in so much danger but I am living right now also</em></div><div class="chat chatmessage-h2opulse"><strong style="color:#6e8c2b"><small>☆</small><span class="username" data-name="H2OPulse">H2OPulse</span>:</strong> <em>PFF</em></div><div class="spacer battle-history"><br></div><div class="battle-history">Hart, come back!<br></div><div class="battle-history">Go! Holly (<strong>Hawlucha</strong>)!<br></div><div class="battle-history"><small>(Holly used its Grassy Seed!)</small><br></div><div class="battle-history"><small>The Grassy Seed raised Holly's Defense!</small><br></div><div class="spacer battle-history"><br></div><h2 class="battle-history">Turn 18</h2><div class="chat chatmessage-inkbug1 mine"><strong style="color:#e46e0f"><small>☆</small><span class="username" data-name="inkbug1">inkbug1</span>:</strong> <em>ill take it</em></div><div class="chat chatmessage-h2opulse"><strong style="color:#6e8c2b"><small>☆</small><span class="username" data-name="H2OPulse">H2OPulse</span>:</strong> <em>Oh huh I wonder what caused Defog not to clear the terrain there</em></div><div class="chat chatmessage-inkbug1 mine"><strong style="color:#e46e0f"><small>☆</small><span class="username" data-name="inkbug1">inkbug1</span>:</strong> <em>... i was wondering that too</em></div><div class="chat"><small> Hematemesis joined</small></div><div class="chat chatmessage-inkbug1 mine"><strong style="color:#e46e0f"><small>☆</small><span class="username" data-name="inkbug1">inkbug1</span>:</strong> <em>i wonder if thats in the same priority as forcing thnigs to switch</em></div><div class="chat chatmessage-inkbug1 mine"><strong style="color:#e46e0f"><small>☆</small><span class="username" data-name="inkbug1">inkbug1</span>:</strong> <em>oh hi</em></div><div class="chat chatmessage-hematemesis"><strong style="color:#9412d5"><small> </small><span class="username" data-name="Hematemesis">Hematemesis</span>:</strong> <em>aloha</em></div><div class="chat chatmessage-h2opulse"><strong style="color:#6e8c2b"><small>☆</small><span class="username" data-name="H2OPulse">H2OPulse</span>:</strong> <em>Hi!! C:</em></div><div class="chat chatmessage-hematemesis"><strong style="color:#9412d5"><small> </small><span class="username" data-name="Hematemesis">Hematemesis</span>:</strong> <em>I can play the winner if they desire</em></div><div class="spacer battle-history"><br></div><div class="battle-history">Holly used <strong>Drain Punch</strong>!<br></div><div class="battle-history"><small>(The opposing Wheat lost 36% of its health!)</small><br></div><div class="spacer battle-history"><br></div><div class="battle-history">The opposing Wheat used <strong>Volt Switch</strong>!<br></div><div class="battle-history"><small>It's super effective!</small><br></div><div class="battle-history"><small>A critical hit!</small><br></div><div class="battle-history"><small>(Holly lost <abbr title="−297/297">100%</abbr> of its health!)</small><br></div><div class="spacer battle-history"><br></div><div class="battle-history">Holly fainted!<br></div><div class="chat chatmessage-inkbug1 mine"><strong style="color:#e46e0f"><small>☆</small><span class="username" data-name="inkbug1">inkbug1</span>:</strong> <em>oh okay</em></div><div class="chat chatmessage-inkbug1 mine"><strong style="color:#e46e0f"><small>☆</small><span class="username" data-name="inkbug1">inkbug1</span>:</strong> <em>thats fine</em></div><div class="chat chatmessage-h2opulse"><strong style="color:#6e8c2b"><small>☆</small><span class="username" data-name="H2OPulse">H2OPulse</span>:</strong> <em>OOF sorry;;</em></div><div class="chat chatmessage-inkbug1 mine"><strong style="color:#e46e0f"><small>☆</small><span class="username" data-name="inkbug1">inkbug1</span>:</strong> <em>that was my only chance against rotom actually ajkhdgasd</em></div><div class="spacer battle-history"><br></div><div class="battle-history">The opposing Wheat went back to H2OPulse!<br></div><div class="battle-history">H2OPulse sent out Delph (<strong>Cobalion</strong>)!<br></div><div class="spacer battle-history"><br></div><div class="battle-history">Go! Lantern (<strong>Claydol</strong>)!<br></div><div class="spacer battle-history"><br></div><h2 class="battle-history">Turn 19</h2><div class="spacer battle-history"><br></div><div class="battle-history">The opposing Delph used <strong>Iron Head</strong>!<br></div><div class="battle-history"><small>(Lantern lost <abbr title="−82/324">25.3%</abbr> of its health!)</small><br></div><div class="spacer battle-history"><br></div><div class="battle-history">Lantern flinched and couldn't move!<br></div><div class="spacer battle-history"><br></div><div class="battle-history"><small>Lantern was hurt by poison!</small><br></div><div class="spacer battle-history"><br></div><h2 class="battle-history">Turn 20</h2><div class="chat chatmessage-h2opulse"><strong style="color:#6e8c2b"><small>☆</small><span class="username" data-name="H2OPulse">H2OPulse</span>:</strong> <em>Aaaaaa sorry</em></div><div class="chat chatmessage-inkbug1 mine"><strong style="color:#e46e0f"><small>☆</small><span class="username" data-name="inkbug1">inkbug1</span>:</strong> <em>yeah i deserve that after that randbat w weavile</em></div><div class="spacer battle-history"><br></div><div class="battle-history">The opposing Delph used <strong>Iron Head</strong>!<br></div><div class="battle-history"><small>(Lantern lost <abbr title="−66/324">20.4%</abbr> of its health!)</small><br></div><div class="spacer battle-history"><br></div><div class="battle-history">Lantern fainted!<br></div><div class="chat chatmessage-h2opulse"><strong style="color:#6e8c2b"><small>☆</small><span class="username" data-name="H2OPulse">H2OPulse</span>:</strong> <em>PF</em></div><div class="spacer battle-history"><br></div><div class="battle-history">Go! Hart (<strong>Tapu Bulu</strong>)!<br></div><div class="spacer battle-history"><br></div><h2 class="battle-history">Turn 21</h2><div class="chat chatmessage-hematemesis"><strong style="color:#9412d5"><small> </small><span class="username" data-name="Hematemesis">Hematemesis</span>:</strong> <em>I actually have a team I'd like to try if y'all don't mind</em></div><div class="chat chatmessage-inkbug1 mine"><strong style="color:#e46e0f"><small>☆</small><span class="username" data-name="inkbug1">inkbug1</span>:</strong> <em>ooooh</em></div><div class="chat chatmessage-h2opulse"><strong style="color:#6e8c2b"><small>☆</small><span class="username" data-name="H2OPulse">H2OPulse</span>:</strong> <em>out of curiosity did you get the replay on that one because that was actually hilarious</em></div><div class="chat chatmessage-inkbug1 mine"><strong style="color:#e46e0f"><small>☆</small><span class="username" data-name="inkbug1">inkbug1</span>:</strong> <em>oh the weavile one i have no idea</em></div><div class="chat chatmessage-inkbug1 mine"><strong style="color:#e46e0f"><small>☆</small><span class="username" data-name="inkbug1">inkbug1</span>:</strong> <em>i saved a bunch but not al</em></div><div class="chat chatmessage-h2opulse"><strong style="color:#6e8c2b"><small>☆</small><span class="username" data-name="H2OPulse">H2OPulse</span>:</strong> <em>And oh nice!! I would be interested in either playing or watching!</em></div><div class="chat chatmessage-inkbug1 mine"><strong style="color:#e46e0f"><small>☆</small><span class="username" data-name="inkbug1">inkbug1</span>:</strong> <em>all*</em></div><div class="spacer battle-history"><br></div><div class="battle-history">The opposing Delph used <strong>Iron Head</strong>!<br></div><div class="battle-history"><small>It's super effective!</small><br></div><div class="battle-history"><small>(Hart lost <abbr title="−182/343">53.1%</abbr> of its health!)</small><br></div><div class="spacer battle-history"><br></div><div class="battle-history">Hart used <strong>Close Combat</strong>!<br></div><div class="battle-history"><small>It's super effective!</small><br></div><div class="battle-history"><small>(The opposing Delph lost 76% of its health!)</small><br></div><div class="battle-history"><small>Hart's Defense fell!</small><br></div><div class="battle-history"><small>Hart's Sp. Def fell!</small><br></div><div class="battle-history"><small>Hart was hurt by the Rocky Helmet!</small><br></div><div class="spacer battle-history"><br></div><div class="battle-history"><small>The opposing Delph's HP was restored.</small><br></div><div class="battle-history"><small>Hart's HP was restored.</small><br></div><div class="battle-history"><small>The grass disappeared from the battlefield.</small><br></div><div class="spacer battle-history"><br></div><h2 class="battle-history">Turn 22</h2><div class="spacer battle-history"><br></div><div class="battle-history">The opposing Delph used <strong>Iron Head</strong>!<br></div><div class="battle-history"><small>It's super effective!</small><br></div><div class="battle-history"><small>(Hart lost <abbr title="−101/343">29.4%</abbr> of its health!)</small><br></div><div class="spacer battle-history"><br></div><div class="battle-history">Hart fainted!<br></div><div class="spacer battle-history"><br></div><div class="battle-history">Go! Strawberry (<strong>Delibird-Mega</strong>)!<br></div><div class="spacer battle-history"><br></div><h2 class="battle-history">Turn 23</h2><div class="chat chatmessage-inkbug1 mine"><strong style="color:#e46e0f"><small>☆</small><span class="username" data-name="inkbug1">inkbug1</span>:</strong> <em>gg anyways :'D </em></div><div class="spacer battle-history"><br></div><div class="battle-history">The opposing Delph used <strong>Iron Head</strong>!<br></div><div class="battle-history"><small>It's super effective!</small><br></div><div class="battle-history"><small>(Strawberry lost <abbr title="−61/293">20.8%</abbr> of its health!)</small><br></div><div class="spacer battle-history"><br></div><div class="battle-history">Strawberry fainted!<br></div><div class="spacer battle-history"><br></div><div class="battle-history"><strong>H2OPulse</strong> won the battle!<br></div><div class="chat chatmessage-h2opulse"><strong style="color:#6e8c2b"><small>☆</small><span class="username" data-name="H2OPulse">H2OPulse</span>:</strong> <em>Good game : D</em></div></div><div class="inner-preempt message-log"></div></div></div>
</div>
<script>
let daily = Math.floor(Date.now()/1000/60/60/24);document.write('<script src="https://play.pokemonshowdown.com/js/replay-embed.js?version'+daily+'"></'+'script>');
</script>
