<!DOCTYPE html>
<meta charset="utf-8" />
<!-- version 1 -->
<title>[Gen 8] Megas for All replay: H2OPulse vs. Coppersmith</title>
<style>
html,body {font-family:Verdana, sans-serif;font-size:10pt;margin:0;padding:0;}body{padding:12px 0;} .battle-log {font-family:Verdana, sans-serif;font-size:10pt;} .battle-log-inline {border:1px solid #AAAAAA;background:#EEF2F5;color:black;max-width:640px;margin:0 auto 80px;padding-bottom:5px;} .battle-log .inner {padding:4px 8px 0px 8px;} .battle-log .inner-preempt {padding:0 8px 4px 8px;} .battle-log .inner-after {margin-top:0.5em;} .battle-log h2 {margin:0.5em -8px;padding:4px 8px;border:1px solid #AAAAAA;background:#E0E7EA;border-left:0;border-right:0;font-family:Verdana, sans-serif;font-size:13pt;} .battle-log .chat {vertical-align:middle;padding:3px 0 3px 0;font-size:8pt;} .battle-log .chat strong {color:#40576A;} .battle-log .chat em {padding:1px 4px 1px 3px;color:#000000;font-style:normal;} .chat.mine {background:rgba(0,0,0,0.05);margin-left:-8px;margin-right:-8px;padding-left:8px;padding-right:8px;} .spoiler {color:#BBBBBB;background:#BBBBBB;padding:0px 3px;} .spoiler:hover, .spoiler:active, .spoiler-shown {color:#000000;background:#E2E2E2;padding:0px 3px;} .spoiler a {color:#BBBBBB;} .spoiler:hover a, .spoiler:active a, .spoiler-shown a {color:#2288CC;} .chat code, .chat .spoiler:hover code, .chat .spoiler:active code, .chat .spoiler-shown code {border:1px solid #C0C0C0;background:#EEEEEE;color:black;padding:0 2px;} .chat .spoiler code {border:1px solid #CCCCCC;background:#CCCCCC;color:#CCCCCC;} .battle-log .rated {padding:3px 4px;} .battle-log .rated strong {color:white;background:#89A;padding:1px 4px;border-radius:4px;} .spacer {margin-top:0.5em;} .message-announce {background:#6688AA;color:white;padding:1px 4px 2px;} .message-announce a, .broadcast-green a, .broadcast-blue a, .broadcast-red a {color:#DDEEFF;} .broadcast-green {background-color:#559955;color:white;padding:2px 4px;} .broadcast-blue {background-color:#6688AA;color:white;padding:2px 4px;} .infobox {border:1px solid #6688AA;padding:2px 4px;} .infobox-limited {max-height:200px;overflow:auto;overflow-x:hidden;} .broadcast-red {background-color:#AA5544;color:white;padding:2px 4px;} .message-learn-canlearn {font-weight:bold;color:#228822;text-decoration:underline;} .message-learn-cannotlearn {font-weight:bold;color:#CC2222;text-decoration:underline;} .message-effect-weak {font-weight:bold;color:#CC2222;} .message-effect-resist {font-weight:bold;color:#6688AA;} .message-effect-immune {font-weight:bold;color:#666666;} .message-learn-list {margin-top:0;margin-bottom:0;} .message-throttle-notice, .message-error {color:#992222;} .message-overflow, .chat small.message-overflow {font-size:0pt;} .message-overflow::before {font-size:9pt;content:'...';} .subtle {color:#3A4A66;}
</style>
<div class="wrapper replay-wrapper" style="max-width:1180px;margin:0 auto">
<input type="hidden" name="replayid" value="dragonheaven-gen8megasforall-258" />
<div class="battle"></div><div class="battle-log"></div><div class="replay-controls"></div><div class="replay-controls-2"></div>
<h1 style="font-weight:normal;text-align:center"><strong>[Gen 8] Megas for All</strong><br /><a href="http://pokemonshowdown.com/users/h2opulse" class="subtle" target="_blank">H2OPulse</a> vs. <a href="http://pokemonshowdown.com/users/coppersmith" class="subtle" target="_blank">Coppersmith</a></h1>
<script type="text/plain" class="battle-log-data">|j|☆H2OPulse
|j|☆Coppersmith
|t:|1617260543
|player|p1|H2OPulse|aetherfoundation|
|player|p2|Coppersmith|169|
|teamsize|p1|6
|teamsize|p2|6
|gametype|singles
|gen|8
|tier|[Gen 8] Megas for All
|clearpoke
|poke|p1|Porygon-Z|
|poke|p1|Araquanid, M|
|poke|p1|Ferrothorn, F|
|poke|p1|Cobalion|
|poke|p1|Zapdos|
|poke|p1|Incineroar, M|
|poke|p2|Mismagius, F|
|poke|p2|Blacephalon|
|poke|p2|Excadrill, M|
|poke|p2|Taillow, L1, F|
|poke|p2|Blissey, F|
|poke|p2|Mudkip, F|
|rule|HP Percentage Mod: HP is shown in percentages
|rule|Endless Battle Clause: Forcing endless battles is banned
|rule|OHKO Clause: OHKO moves are banned
|rule|Evasion Moves Clause: Evasion moves are banned
|rule|Species Clause: Limit one of each Pokémon
|rule|Dynamax Clause: You cannot dynamax
|rule|Sleep Clause Mod: Limit one foe put to sleep
|rule|Freeze Clause Mod: Limit one foe frozen
|raw|<img src="https:\/\/www.smogon.com\/forums\/attachments\/banner_2-png.302358\/" height="65" width="381">
|-message|Welcome to Megas for All!
|-message|This is a National Dex-based format where we aim to give a new Mega Evolution to every Pokémon.
|-message|Just like any official format, you can still only Mega Evolve one Pokémon per team!
|-message|You can find our thread and metagame resources here:
|-message|https:\/\/www.smogon.com\/forums\/threads\/3671140\/
|teampreview
|j| H2OPu1se

|j| FierceHawk192
|j| Hemahemainkakausma
|c|☆H2OPulse|:coldsweat:
|j| shingenx
|c| shingenx|DUDUDUDUDUUDUDUDUDUDUUDUDUDUDU
|c| H2OPu1se|i
|c| Hemahemainkakausma|oh crap, hes going with FEAR
|
|t:|1617260561
|start
|switch|p1a: Spilly|Araquanid, M|100\/100
|switch|p2a: Justice|Mismagius, F|100\/100
|turn|1
|inactive|Battle timer is ON: inactive players will automatically lose when time's up. (requested by Coppersmith)
|c| shingenx|DUN DU DUN DU DUNDUNDUNDUNDUN
|inactiveoff|Battle timer is now OFF.
|c| shingenx|BUDUDUDUDUDUDUDUN
|c|☆H2OPulse|ahem
|
|t:|1617260579
|detailschange|p2a: Justice|Mismagius-Mega, F
|-mega|p2a: Justice|Mismagius|Mismaginite
|-start|p2a: Justice|typechange|Ghost\/Poison|[silent]
|raw|<ul class="utilichart"><li class="result"><span class="col pokemonnamecol" style="white-space: nowrap">Mismagius-Mega<\/span> <span class="col typecol"><img src="https:\/\/play.pokemonshowdown.com\/sprites\/types\/Ghost.png" alt="Ghost" height="14" width="32"><img src="https:\/\/play.pokemonshowdown.com\/sprites\/types\/Poison.png" alt="Poison" height="14" width="32"><\/span> <span style="float: left ; min-height: 26px"><span class="col abilitycol">Alchemist<\/span><span class="col abilitycol"><\/span><\/span><span style="float: left ; min-height: 26px"><span class="col statcol"><em>HP<\/em><br>60<\/span> <span class="col statcol"><em>Atk<\/em><br>95<\/span> <span class="col statcol"><em>Def<\/em><br>95<\/span> <span class="col statcol"><em>SpA<\/em><br>140<\/span> <span class="col statcol"><em>SpD<\/em><br>110<\/span> <span class="col statcol"><em>Spe<\/em><br>95<\/span> <\/span><\/li><li style="clear: both"><\/li><\/ul>
|move|p2a: Justice|Toxic|p1a: Spilly
|-status|p1a: Spilly|tox
|-ability|p2a: Justice|Alchemist
|-unboost|p1a: Spilly|spe|1
|-unboost|p1a: Spilly|atk|1
|move|p1a: Spilly|Sticky Web|p2a: Justice
|-sidestart|p2: Coppersmith|move: Sticky Web
|
|-damage|p1a: Spilly|94\/100 tox|[from] psn
|upkeep
|turn|2
|c|☆H2OPulse|ordinarily I would say good luck and have fun
|c|☆H2OPulse|but obviously I want you to remain banned so don't
|c|☆H2OPulse|curses
|c|☆H2OPulse|how dare you
|c|☆H2OPulse|uhhhh
|c|☆H2OPulse|accidentally voice call me or something
|
|t:|1617260602
|move|p2a: Justice|Sludge Bomb|p1a: Spilly
|-damage|p1a: Spilly|52\/100 tox
|-ability|p2a: Justice|Alchemist
|-start|p1a: Spilly|confusion
|-activate|p1a: Spilly|confusion
|-damage|p1a: Spilly|42\/100 tox|[from] confusion
|
|-damage|p1a: Spilly|30\/100 tox|[from] psn
|upkeep
|turn|3
|c|☆H2OPulse|anyway bye
|c|☆H2OPulse|oh or not bye
|c|☆H2OPulse|that would've been so funny darn
|
|t:|1617260616
|switch|p1a: Delph|Cobalion|100\/100
|move|p2a: Justice|Sludge Bomb|p1a: Delph
|-immune|p1a: Delph
|
|upkeep
|turn|4
|j| Alexghi2007
|l| Alexghi2007
|c| shingenx|(permission to blast epic music again?)
|c| Hemahemainkakausma|Dun dun dun dun dun dun dun dun
|c|☆H2OPulse|(granted ::w::)
|
|t:|1617260674
|switch|p2a: Valor|Blacephalon|100\/100
|-activate|p2a: Valor|move: Sticky Web
|-unboost|p2a: Valor|spe|1
|move|p1a: Delph|Stealth Rock|p2a: Valor
|-sidestart|p2: Coppersmith|move: Stealth Rock
|
|upkeep
|turn|5
|
|t:|1617260683
|move|p1a: Delph|Volt Switch|p2a: Valor
|-damage|p2a: Valor|66\/100
|
|t:|1617260688
|switch|p1a: Lamial|Incineroar, M|100\/100|[from]move: Volt Switch
|-ability|p1a: Lamial|Intimidate|boost
|-unboost|p2a: Valor|atk|1
|move|p2a: Valor|Fire Punch|p1a: Lamial
|-resisted|p1a: Lamial
|-damage|p1a: Lamial|82\/100
|
|upkeep
|turn|6
|j| pupugugu
|c| shingenx|BUHDUDUDUDUHHHHH
|c| shingenx|DUDUDUDUDUDUDUDUDUDUD
|c| shingenx|BUHDUDUDUDUHHHHH
|
|t:|1617260716
|move|p2a: Valor|Fire Punch|p1a: Lamial
|-resisted|p1a: Lamial
|-damage|p1a: Lamial|63\/100
|move|p1a: Lamial|Swords Dance|p1a: Lamial
|-boost|p1a: Lamial|atk|2
|
|upkeep
|turn|7
|c| shingenx|BRRRRRRRRRRRR
|c|☆Coppersmith|u h o h
|c| shingenx|bum ba dum ba duba dababababababab
|c|☆Coppersmith|Band Blace don’t fail me now
|
|t:|1617260738
|move|p2a: Valor|Fire Punch|p1a: Lamial
|-resisted|p1a: Lamial
|-damage|p1a: Lamial|46\/100
|move|p1a: Lamial|Knock Off|p2a: Valor
|-supereffective|p2a: Valor
|-damage|p2a: Valor|0 fnt
|-enditem|p2a: Valor|Choice Band|[from] move: Knock Off|[of] p1a: Lamial
|faint|p2a: Valor
|
|upkeep
|c| shingenx|bum ba dum ba daduh buhhhh
|j| Magmajudis
|c| shingenx|buh duh duh duh dun dun bum buduhh
|
|t:|1617260761
|switch|p2a: Perseverance|Blissey, F|100\/100
|-activate|p2a: Perseverance|move: Sticky Web
|-unboost|p2a: Perseverance|spe|1
|-damage|p2a: Perseverance|88\/100|[from] Stealth Rock
|turn|8
|c| shingenx|buh duh duh duh dun dun DUUUUUUUN
|
|t:|1617260771
|move|p1a: Lamial|Knock Off|p2a: Perseverance
|-damage|p2a: Perseverance|0 fnt
|-enditem|p2a: Perseverance|Assault Vest|[from] move: Knock Off|[of] p1a: Lamial
|faint|p2a: Perseverance
|
|upkeep
|c|☆H2OPulse|h
|c| shingenx|dah dehda da do badada
|
|t:|1617260794
|switch|p2a: Heroism|Mudkip, F|100\/100
|-activate|p2a: Heroism|move: Sticky Web
|-unboost|p2a: Heroism|spe|1
|-damage|p2a: Heroism|88\/100|[from] Stealth Rock
|turn|9
|c| shingenx|dah dehda da da DUUUUN
|c| shingenx|DUN DUN DUN DUN
|c| shingenx|DUN DUN DUN
|c| shingenx|DUUUUUUUUN 
|c| shingenx|DUUUUUUN (but in a deeper pitch)
|c| shingenx|dun
|c| shingenx|dun dun dun dun dun
|
|t:|1617260819
|move|p1a: Lamial|Knock Off|p2a: Heroism
|-damage|p2a: Heroism|0 fnt
|-enditem|p2a: Heroism|Mental Herb|[from] move: Knock Off|[of] p1a: Lamial
|faint|p2a: Heroism
|
|upkeep
|c| shingenx|dun dun dun dun 
|c| shingenx|dun dun
|c| shingenx|dun dun dun dun dundun 
|c| shingenx|dun dun dun
|c|☆H2OPulse|this isn't supposed to be working I'm so sorry
|c| shingenx|__orchestra intensifies__
|
|t:|1617260846
|switch|p2a: Courage|Excadrill, M|100\/100
|-damage|p2a: Courage|97\/100|[from] Stealth Rock
|-activate|p2a: Courage|move: Sticky Web
|-unboost|p2a: Courage|spe|1
|-ability|p2a: Courage|Mold Breaker
|turn|10
|
|t:|1617260854
|move|p2a: Courage|Earth Power|p1a: Lamial
|-supereffective|p1a: Lamial
|-damage|p1a: Lamial|0 fnt
|faint|p1a: Lamial
|
|upkeep
|
|t:|1617260859
|switch|p1a: Bulbasaur?|Porygon-Z|100\/100
|-ability|p1a: Bulbasaur?|Download|boost
|-boost|p1a: Bulbasaur?|atk|1
|turn|11
|c| pupugugu|special scarf drill what
|c|☆Coppersmith|SPECSCADRILL LETS GOOOOOO
|c| pupugugu|oh nvm not even scarf
|c| pupugugu|specscadrill wild
|
|t:|1617260891
|detailschange|p1a: Bulbasaur?|Porygon-Z-Mega
|-mega|p1a: Bulbasaur?|Porygon-Z|Porygonite-Z
|-start|p1a: Bulbasaur?|typechange|Fire|[silent]
|raw|<ul class="utilichart"><li class="result"><span class="col pokemonnamecol" style="white-space: nowrap">Porygon-Z-Mega<\/span> <span class="col typecol"><img src="https:\/\/play.pokemonshowdown.com\/sprites\/types\/Fire.png" alt="Fire" height="14" width="32"><\/span> <span style="float: left ; min-height: 26px"><span class="col abilitycol">Conversion-Z<\/span><span class="col abilitycol"><\/span><\/span><span style="float: left ; min-height: 26px"><span class="col statcol"><em>HP<\/em><br>85<\/span> <span class="col statcol"><em>Atk<\/em><br>185<\/span> <span class="col statcol"><em>Def<\/em><br>100<\/span> <span class="col statcol"><em>SpA<\/em><br>80<\/span> <span class="col statcol"><em>SpD<\/em><br>100<\/span> <span class="col statcol"><em>Spe<\/em><br>100<\/span> <\/span><\/li><li style="clear: both"><\/li><\/ul>
|move|p1a: Bulbasaur?|Revelation Dance|p2a: Courage
|-supereffective|p2a: Courage
|-damage|p2a: Courage|0 fnt
|faint|p2a: Courage
|
|upkeep
|c| Magmajudis|Let's call Yoko Shinomura, epic violon battle music would be fiting here
|c|☆Coppersmith|Uh oh
|c| Magmajudis|*What?*
|
|t:|1617260907
|switch|p2a: Justice|Mismagius-Mega, F|100\/100
|-start|p2a: Justice|typechange|Ghost\/Poison|[silent]
|-damage|p2a: Justice|88\/100|[from] Stealth Rock
|-activate|p2a: Justice|move: Sticky Web
|-unboost|p2a: Justice|spe|1
|turn|12
|
|t:|1617260918
|move|p1a: Bulbasaur?|Nasty Plot|p1a: Bulbasaur?
|-boost|p1a: Bulbasaur?|spa|2
|move|p2a: Justice|Toxic|p1a: Bulbasaur?
|-status|p1a: Bulbasaur?|tox
|-ability|p2a: Justice|Alchemist
|-start|p1a: Bulbasaur?|Encore
|
|-damage|p1a: Bulbasaur?|94\/100 tox|[from] psn
|upkeep
|turn|13
|c|☆H2OPulse|Ah
|c| Magmajudis|What is that?
|c|☆H2OPulse|Bulbasaur?
|
|t:|1617260944
|switch|p1a: Delph|Cobalion|100\/100
|move|p2a: Justice|Sludge Bomb|p1a: Delph
|-immune|p1a: Delph
|
|upkeep
|turn|14
|c| Magmajudis|Mega-Porygon-Z
|
|t:|1617260947
|switch|p1a: Bulbasaur?|Porygon-Z-Mega|94\/100 tox
|-start|p1a: Bulbasaur?|typechange|Steel|[silent]
|move|p2a: Justice|Shadow Ball|p1a: Bulbasaur?
|-damage|p1a: Bulbasaur?|47\/100 tox
|-unboost|p1a: Bulbasaur?|spd|1
|
|-damage|p1a: Bulbasaur?|41\/100 tox|[from] psn
|upkeep
|turn|15
|
|t:|1617260952
|move|p1a: Bulbasaur?|Revelation Dance|p2a: Justice
|-damage|p2a: Justice|41\/100
|move|p2a: Justice|Shadow Ball|p1a: Bulbasaur?
|-damage|p1a: Bulbasaur?|0 fnt
|faint|p1a: Bulbasaur?
|
|upkeep
|c|☆H2OPulse|Rude
|c| Magmajudis|Is that yhe one that changes the type of every Porygon-Z on the server
|c|☆Coppersmith|Th at wa s confusing
|
|t:|1617260969
|switch|p1a: Delph|Cobalion|100\/100
|turn|16
|c|☆H2OPulse|Of course it's Steel-type aren't you watching the other battle
|c|☆H2OPulse|H2OPu1se changed it
|c|☆H2OPulse|smh
|c| Magmajudis|THAT'S HILARIOUS
|j| ViZarPKMN
|c| Magmajudis|Well i don't think Bit will get to be unbanned
|
|t:|1617261104
|move|p1a: Delph|Flash Cannon|p2a: Justice
|-damage|p2a: Justice|0 fnt
|faint|p2a: Justice
|
|upkeep
|
|t:|1617261106
|switch|p2a: Chivalry|Taillow, L1, F|100\/100
|-damage|p2a: Chivalry|82\/100|[from] Stealth Rock
|turn|17
|
|t:|1617261116
|move|p2a: Chivalry|Protect|p2a: Chivalry
|-singleturn|p2a: Chivalry|Protect
|move|p1a: Delph|Volt Switch|p2a: Chivalry
|-activate|p2a: Chivalry|move: Protect
|
|upkeep
|turn|18
|c|☆Coppersmith|S p a r e  m e
|c| Magmajudis|The most epic battle since that one guy who said "I want to battle yall's leader"
|c| shingenx|rip bitbitio 
|c| shingenx|2020-2021
|c| H2OPu1se|is your pz dead already
|c| H2OPu1se|ok damn
|
|t:|1617261169
|switch|p1a: Spilly|Araquanid, M|30\/100 tox
|move|p2a: Chivalry|Protect||[still]
|-fail|p2a: Chivalry
|
|-damage|p1a: Spilly|24\/100 tox|[from] psn
|upkeep
|turn|19
|
|t:|1617261176
|move|p1a: Spilly|Parting Shot|p2a: Chivalry
|-unboost|p2a: Chivalry|atk|1
|-unboost|p2a: Chivalry|spa|1
|
|t:|1617261180
|switch|p1a: Delph|Cobalion|100\/100|[from]move: Parting Shot
|move|p2a: Chivalry|Substitute|p2a: Chivalry
|-start|p2a: Chivalry|Substitute
|-damage|p2a: Chivalry|64\/100
|
|upkeep
|turn|20
|c|☆Coppersmith|wait a minute 
|c|☆H2OPulse|Substitute??
|c|☆H2OPulse|what kind of set
|
|t:|1617261195
|move|p1a: Delph|Volt Switch|p2a: Chivalry
|-supereffective|p2a: Chivalry
|-end|p2a: Chivalry|Substitute
|
|t:|1617261200
|switch|p1a: Xerophyte|Ferrothorn, F|100\/100|[from]move: Volt Switch
|move|p2a: Chivalry|Endeavor|p1a: Xerophyte
|-damage|p1a: Xerophyte|2\/100
|-damage|p2a: Chivalry|55\/100|[from] ability: Iron Barbs|[of] p1a: Xerophyte
|
|-heal|p1a: Xerophyte|9\/100|[from] item: Leftovers
|upkeep
|turn|21
|c| Magmajudis|To be sure to use Endeavor smh
|
|t:|1617261212
|move|p1a: Xerophyte|Gyro Ball|p2a: Chivalry
|-damage|p2a: Chivalry|0 fnt
|faint|p2a: Chivalry
|
|win|H2OPulse
|c|☆H2OPulse|anyway!! Good game : D
|c|☆Coppersmith|nOoOoO
|c|☆Coppersmith|gg
|l| FierceHawk192
|c|☆Coppersmith|Wp
|c|☆H2OPulse|This was a fun match so I will unban you now
|c|☆H2OPulse|Well played :'D
|l| shingenx
|c|☆Coppersmith|ah that’s a relief 😅 
|j| shingenx
|l| shingenx
|l|☆Coppersmith
|l| ViZarPKMN
|l| pupugugu
|l| Magmajudis</script>
</div>
<div class="battle-log battle-log-inline"><div class="inner"><div class="battle-options"><div style="padding-top: 3px; padding-right: 3px; text-align: right"><button class="icon button" name="openBattleOptions" title="Options">Battle Options</button></div></div><div class="inner message-log"><div class="chat"><small>☆H2OPulse and ☆Coppersmith joined</small></div><div class=""><small>Format:</small> <br><strong>[Gen 8] Megas for All</strong></div><div class=""><small><em>HP Percentage Mod:</em> HP is shown in percentages</small></div><div class=""><small><em>Endless Battle Clause:</em> Forcing endless battles is banned</small></div><div class=""><small><em>OHKO Clause:</em> OHKO moves are banned</small></div><div class=""><small><em>Evasion Moves Clause:</em> Evasion moves are banned</small></div><div class=""><small><em>Species Clause:</em> Limit one of each Pokémon</small></div><div class=""><small><em>Dynamax Clause:</em> You cannot dynamax</small></div><div class=""><small><em>Sleep Clause Mod:</em> Limit one foe put to sleep</small></div><div class=""><small><em>Freeze Clause Mod:</em> Limit one foe frozen</small></div><div class="chat"><img src="https://www.smogon.com/forums/attachments/banner_2-png.302358/" height="65" width="381"></div><div class="spacer battle-history"><br></div><div class="battle-history"><small>Welcome to Megas for All!</small><br></div><div class="battle-history"><small>This is a National Dex-based format where we aim to give a new Mega Evolution to every Pokémon.</small><br></div><div class="battle-history"><small>Just like any official format, you can still only Mega Evolve one Pokémon per team!</small><br></div><div class="battle-history"><small>You can find our thread and metagame resources here:</small><br></div><div class="battle-history"><small>https://www.smogon.com/forums/threads/3671140/</small><br></div><div class="chat battle-history"><strong>H2OPulse's team:</strong> <em style="color:#445566;display:block;">Porygon-Z / Araquanid / Ferrothorn / Cobalion / Zapdos / Incineroar</em></div><div class="chat battle-history"><strong>Coppersmith's team:</strong> <em style="color:#445566;display:block;">Mismagius / Blacephalon / Excadrill / Taillow / Blissey / Mudkip</em></div><div class="chat"><small> H2OPu1se,  FierceHawk192, and  Hemahemainkakausma joined</small></div><div class="chat chatmessage-h2opulse"><strong style="color:#6e8c2b"><small>☆</small><span class="username" data-name="H2OPulse">H2OPulse</span>:</strong> <em>:coldsweat:</em></div><div class="chat"><small> shingenx joined</small></div><div class="chat chatmessage-shingenx"><strong style="color:#786ed7"><small> </small><span class="username" data-name="shingenx">shingenx</span>:</strong> <em>DUDUDUDUDUUDUDUDUDUDUUDUDUDUDU</em></div><div class="chat chatmessage-h2opu1se mine"><strong style="color:#929913"><small> </small><span class="username" data-name="H2OPu1se">H2OPu1se</span>:</strong> <em>i</em></div><div class="chat chatmessage-hemahemainkakausma"><strong style="color:#b1438f"><small> </small><span class="username" data-name="Hemahemainkakausma">Hemahemainkakausma</span>:</strong> <em>oh crap, hes going with FEAR</em></div><div class="spacer battle-history"><br></div><div class="battle-history">Battle started between H2OPulse and Coppersmith!<br></div><div class="spacer battle-history"><br></div><div class="battle-history">Go! Spilly (<strong>Araquanid</strong>)!<br></div><div class="spacer battle-history"><br></div><div class="battle-history">Coppersmith sent out Justice (<strong>Mismagius</strong>)!<br></div><div class="spacer battle-history"><br></div><h2 class="battle-history">Turn 1</h2><div class="chat message-error">Battle timer is ON: inactive players will automatically lose when time's up. (requested by Coppersmith)</div><div class="chat chatmessage-shingenx"><strong style="color:#786ed7"><small> </small><span class="username" data-name="shingenx">shingenx</span>:</strong> <em>DUN DU DUN DU DUNDUNDUNDUNDUN</em></div><div class="chat message-error">Battle timer is now OFF.</div><div class="chat chatmessage-shingenx"><strong style="color:#786ed7"><small> </small><span class="username" data-name="shingenx">shingenx</span>:</strong> <em>BUDUDUDUDUDUDUDUN</em></div><div class="chat chatmessage-h2opulse"><strong style="color:#6e8c2b"><small>☆</small><span class="username" data-name="H2OPulse">H2OPulse</span>:</strong> <em>ahem</em></div><div class="spacer battle-history"><br></div><div class="battle-history"><small>The opposing Justice's Mismaginite is reacting to the Key Stone!</small><br>The opposing Justice has Mega Evolved into Mega Mismagius!<br></div><div class="chat"><ul class="utilichart"><li class="result"><span class="col pokemonnamecol" style="white-space: nowrap">Mismagius-Mega</span> <span class="col typecol"><img src="https://play.pokemonshowdown.com/sprites/types/Ghost.png" alt="Ghost" height="14" width="32"><img src="https://play.pokemonshowdown.com/sprites/types/Poison.png" alt="Poison" height="14" width="32"></span> <span style="float: left ; min-height: 26px"><span class="col abilitycol">Alchemist</span><span class="col abilitycol"></span></span><span style="float: left ; min-height: 26px"><span class="col statcol"><em>HP</em><br>60</span> <span class="col statcol"><em>Atk</em><br>95</span> <span class="col statcol"><em>Def</em><br>95</span> <span class="col statcol"><em>SpA</em><br>140</span> <span class="col statcol"><em>SpD</em><br>110</span> <span class="col statcol"><em>Spe</em><br>95</span> </span></li><li style="clear: both"></li></ul></div><div class="spacer battle-history"><br></div><div class="battle-history">The opposing Justice used <strong>Toxic</strong>!<br></div><div class="battle-history"><small>Spilly was badly poisoned!</small><br></div><div class="battle-history">[The opposing Justice's Alchemist]<br></div><div class="battle-history"><small>Spilly's Speed fell!</small><br></div><div class="battle-history"><small>Spilly's Attack fell!</small><br></div><div class="spacer battle-history"><br></div><div class="battle-history">Spilly used <strong>Sticky Web</strong>!<br></div><div class="battle-history"><small>A sticky web has been laid out on the ground around the opposing team!</small><br></div><div class="spacer battle-history"><br></div><div class="battle-history"><small>Spilly was hurt by poison!</small><br></div><div class="spacer battle-history"><br></div><h2 class="battle-history">Turn 2</h2><div class="chat chatmessage-h2opulse"><strong style="color:#6e8c2b"><small>☆</small><span class="username" data-name="H2OPulse">H2OPulse</span>:</strong> <em>ordinarily I would say good luck and have fun</em></div><div class="chat chatmessage-h2opulse"><strong style="color:#6e8c2b"><small>☆</small><span class="username" data-name="H2OPulse">H2OPulse</span>:</strong> <em>but obviously I want you to remain banned so don't</em></div><div class="chat chatmessage-h2opulse"><strong style="color:#6e8c2b"><small>☆</small><span class="username" data-name="H2OPulse">H2OPulse</span>:</strong> <em>curses</em></div><div class="chat chatmessage-h2opulse"><strong style="color:#6e8c2b"><small>☆</small><span class="username" data-name="H2OPulse">H2OPulse</span>:</strong> <em>how dare you</em></div><div class="chat chatmessage-h2opulse"><strong style="color:#6e8c2b"><small>☆</small><span class="username" data-name="H2OPulse">H2OPulse</span>:</strong> <em>uhhhh</em></div><div class="chat chatmessage-h2opulse"><strong style="color:#6e8c2b"><small>☆</small><span class="username" data-name="H2OPulse">H2OPulse</span>:</strong> <em>accidentally voice call me or something</em></div><div class="spacer battle-history"><br></div><div class="battle-history">The opposing Justice used <strong>Sludge Bomb</strong>!<br></div><div class="battle-history"><small>(Spilly lost 42% of its health!)</small><br></div><div class="battle-history">[The opposing Justice's Alchemist]<br></div><div class="battle-history"><small>Spilly became confused!</small><br></div><div class="spacer battle-history"><br></div><div class="battle-history"><small>Spilly is confused!</small><br></div><div class="battle-history">It hurt itself in its confusion!<br></div><div class="spacer battle-history"><br></div><div class="battle-history"><small>Spilly was hurt by poison!</small><br></div><div class="spacer battle-history"><br></div><h2 class="battle-history">Turn 3</h2><div class="chat chatmessage-h2opulse"><strong style="color:#6e8c2b"><small>☆</small><span class="username" data-name="H2OPulse">H2OPulse</span>:</strong> <em>anyway bye</em></div><div class="chat chatmessage-h2opulse"><strong style="color:#6e8c2b"><small>☆</small><span class="username" data-name="H2OPulse">H2OPulse</span>:</strong> <em>oh or not bye</em></div><div class="chat chatmessage-h2opulse"><strong style="color:#6e8c2b"><small>☆</small><span class="username" data-name="H2OPulse">H2OPulse</span>:</strong> <em>that would've been so funny darn</em></div><div class="spacer battle-history"><br></div><div class="battle-history">Spilly, come back!<br></div><div class="battle-history">Go! Delph (<strong>Cobalion</strong>)!<br></div><div class="spacer battle-history"><br></div><div class="battle-history">The opposing Justice used <strong>Sludge Bomb</strong>!<br></div><div class="battle-history"><small>It doesn't affect Delph...</small><br></div><div class="spacer battle-history"><br></div><h2 class="battle-history">Turn 4</h2><div class="chat"><small> Alexghi2007 joined;  Alexghi2007 left</small></div><div class="chat chatmessage-shingenx"><strong style="color:#786ed7"><small> </small><span class="username" data-name="shingenx">shingenx</span>:</strong> <em>(permission to blast epic music again?)</em></div><div class="chat chatmessage-hemahemainkakausma"><strong style="color:#b1438f"><small> </small><span class="username" data-name="Hemahemainkakausma">Hemahemainkakausma</span>:</strong> <em>Dun dun dun dun dun dun dun dun</em></div><div class="chat chatmessage-h2opulse"><strong style="color:#6e8c2b"><small>☆</small><span class="username" data-name="H2OPulse">H2OPulse</span>:</strong> <em>(granted ::w::)</em></div><div class="spacer battle-history"><br></div><div class="battle-history">Coppersmith withdrew Justice!<br></div><div class="battle-history">Coppersmith sent out Valor (<strong>Blacephalon</strong>)!<br></div><div class="battle-history"><small>The opposing Valor was caught in a sticky web!</small><br></div><div class="battle-history"><small>The opposing Valor's Speed fell!</small><br></div><div class="spacer battle-history"><br></div><div class="battle-history">Delph used <strong>Stealth Rock</strong>!<br></div><div class="battle-history"><small>Pointed stones float in the air around the opposing team!</small><br></div><div class="spacer battle-history"><br></div><h2 class="battle-history">Turn 5</h2><div class="spacer battle-history"><br></div><div class="battle-history">Delph used <strong>Volt Switch</strong>!<br></div><div class="battle-history"><small>(The opposing Valor lost 34% of its health!)</small><br></div><div class="spacer battle-history"><br></div><div class="battle-history">Delph went back to H2OPulse!<br></div><div class="battle-history">Go! Lamial (<strong>Incineroar</strong>)!<br></div><div class="battle-history">[Lamial's Intimidate]<br></div><div class="battle-history"><small>The opposing Valor's Attack fell!</small><br></div><div class="spacer battle-history"><br></div><div class="battle-history">The opposing Valor used <strong>Fire Punch</strong>!<br></div><div class="battle-history"><small>It's not very effective...</small><br></div><div class="battle-history"><small>(Lamial lost 18% of its health!)</small><br></div><div class="spacer battle-history"><br></div><h2 class="battle-history">Turn 6</h2><div class="chat"><small> pupugugu joined</small></div><div class="chat chatmessage-shingenx"><strong style="color:#786ed7"><small> </small><span class="username" data-name="shingenx">shingenx</span>:</strong> <em>BUHDUDUDUDUHHHHH</em></div><div class="chat chatmessage-shingenx"><strong style="color:#786ed7"><small> </small><span class="username" data-name="shingenx">shingenx</span>:</strong> <em>DUDUDUDUDUDUDUDUDUDUD</em></div><div class="chat chatmessage-shingenx"><strong style="color:#786ed7"><small> </small><span class="username" data-name="shingenx">shingenx</span>:</strong> <em>BUHDUDUDUDUHHHHH</em></div><div class="spacer battle-history"><br></div><div class="battle-history">The opposing Valor used <strong>Fire Punch</strong>!<br></div><div class="battle-history"><small>It's not very effective...</small><br></div><div class="battle-history"><small>(Lamial lost 19% of its health!)</small><br></div><div class="spacer battle-history"><br></div><div class="battle-history">Lamial used <strong>Swords Dance</strong>!<br></div><div class="battle-history"><small>Lamial's Attack rose sharply!</small><br></div><div class="spacer battle-history"><br></div><h2 class="battle-history">Turn 7</h2><div class="chat chatmessage-shingenx"><strong style="color:#786ed7"><small> </small><span class="username" data-name="shingenx">shingenx</span>:</strong> <em>BRRRRRRRRRRRR</em></div><div class="chat chatmessage-coppersmith"><strong style="color:#0aa445"><small>☆</small><span class="username" data-name="Coppersmith">Coppersmith</span>:</strong> <em>u h o h</em></div><div class="chat chatmessage-shingenx"><strong style="color:#786ed7"><small> </small><span class="username" data-name="shingenx">shingenx</span>:</strong> <em>bum ba dum ba duba dababababababab</em></div><div class="chat chatmessage-coppersmith"><strong style="color:#0aa445"><small>☆</small><span class="username" data-name="Coppersmith">Coppersmith</span>:</strong> <em>Band Blace don’t fail me now</em></div><div class="spacer battle-history"><br></div><div class="battle-history">The opposing Valor used <strong>Fire Punch</strong>!<br></div><div class="battle-history"><small>It's not very effective...</small><br></div><div class="battle-history"><small>(Lamial lost 17% of its health!)</small><br></div><div class="spacer battle-history"><br></div><div class="battle-history">Lamial used <strong>Knock Off</strong>!<br></div><div class="battle-history"><small>It's super effective!</small><br></div><div class="battle-history"><small>(The opposing Valor lost 66% of its health!)</small><br></div><div class="battle-history"><small>Lamial knocked off the opposing Valor's Choice Band!</small><br></div><div class="spacer battle-history"><br></div><div class="battle-history">The opposing Valor fainted!<br></div><div class="chat chatmessage-shingenx"><strong style="color:#786ed7"><small> </small><span class="username" data-name="shingenx">shingenx</span>:</strong> <em>bum ba dum ba daduh buhhhh</em></div><div class="chat"><small> Magmajudis joined</small></div><div class="chat chatmessage-shingenx"><strong style="color:#786ed7"><small> </small><span class="username" data-name="shingenx">shingenx</span>:</strong> <em>buh duh duh duh dun dun bum buduhh</em></div><div class="spacer battle-history"><br></div><div class="battle-history">Coppersmith sent out Perseverance (<strong>Blissey</strong>)!<br></div><div class="battle-history"><small>The opposing Perseverance was caught in a sticky web!</small><br></div><div class="battle-history"><small>The opposing Perseverance's Speed fell!</small><br></div><div class="battle-history"><small>Pointed stones dug into the opposing Perseverance!</small><br></div><div class="spacer battle-history"><br></div><h2 class="battle-history">Turn 8</h2><div class="chat chatmessage-shingenx"><strong style="color:#786ed7"><small> </small><span class="username" data-name="shingenx">shingenx</span>:</strong> <em>buh duh duh duh dun dun DUUUUUUUN</em></div><div class="spacer battle-history"><br></div><div class="battle-history">Lamial used <strong>Knock Off</strong>!<br></div><div class="battle-history"><small>(The opposing Perseverance lost 88% of its health!)</small><br></div><div class="battle-history"><small>Lamial knocked off the opposing Perseverance's Assault Vest!</small><br></div><div class="spacer battle-history"><br></div><div class="battle-history">The opposing Perseverance fainted!<br></div><div class="chat chatmessage-h2opulse"><strong style="color:#6e8c2b"><small>☆</small><span class="username" data-name="H2OPulse">H2OPulse</span>:</strong> <em>h</em></div><div class="chat chatmessage-shingenx"><strong style="color:#786ed7"><small> </small><span class="username" data-name="shingenx">shingenx</span>:</strong> <em>dah dehda da do badada</em></div><div class="spacer battle-history"><br></div><div class="battle-history">Coppersmith sent out Heroism (<strong>Mudkip</strong>)!<br></div><div class="battle-history"><small>The opposing Heroism was caught in a sticky web!</small><br></div><div class="battle-history"><small>The opposing Heroism's Speed fell!</small><br></div><div class="battle-history"><small>Pointed stones dug into the opposing Heroism!</small><br></div><div class="spacer battle-history"><br></div><h2 class="battle-history">Turn 9</h2><div class="chat chatmessage-shingenx"><strong style="color:#786ed7"><small> </small><span class="username" data-name="shingenx">shingenx</span>:</strong> <em>dah dehda da da DUUUUN</em></div><div class="chat chatmessage-shingenx"><strong style="color:#786ed7"><small> </small><span class="username" data-name="shingenx">shingenx</span>:</strong> <em>DUN DUN DUN DUN</em></div><div class="chat chatmessage-shingenx"><strong style="color:#786ed7"><small> </small><span class="username" data-name="shingenx">shingenx</span>:</strong> <em>DUN DUN DUN</em></div><div class="chat chatmessage-shingenx"><strong style="color:#786ed7"><small> </small><span class="username" data-name="shingenx">shingenx</span>:</strong> <em>DUUUUUUUUN </em></div><div class="chat chatmessage-shingenx"><strong style="color:#786ed7"><small> </small><span class="username" data-name="shingenx">shingenx</span>:</strong> <em>DUUUUUUN (but in a deeper pitch)</em></div><div class="chat chatmessage-shingenx"><strong style="color:#786ed7"><small> </small><span class="username" data-name="shingenx">shingenx</span>:</strong> <em>dun</em></div><div class="chat chatmessage-shingenx"><strong style="color:#786ed7"><small> </small><span class="username" data-name="shingenx">shingenx</span>:</strong> <em>dun dun dun dun dun</em></div><div class="spacer battle-history"><br></div><div class="battle-history">Lamial used <strong>Knock Off</strong>!<br></div><div class="battle-history"><small>(The opposing Heroism lost 88% of its health!)</small><br></div><div class="battle-history"><small>Lamial knocked off the opposing Heroism's Mental Herb!</small><br></div><div class="spacer battle-history"><br></div><div class="battle-history">The opposing Heroism fainted!<br></div><div class="chat chatmessage-shingenx"><strong style="color:#786ed7"><small> </small><span class="username" data-name="shingenx">shingenx</span>:</strong> <em>dun dun dun dun </em></div><div class="chat chatmessage-shingenx"><strong style="color:#786ed7"><small> </small><span class="username" data-name="shingenx">shingenx</span>:</strong> <em>dun dun</em></div><div class="chat chatmessage-shingenx"><strong style="color:#786ed7"><small> </small><span class="username" data-name="shingenx">shingenx</span>:</strong> <em>dun dun dun dun dundun </em></div><div class="chat chatmessage-shingenx"><strong style="color:#786ed7"><small> </small><span class="username" data-name="shingenx">shingenx</span>:</strong> <em>dun dun dun</em></div><div class="chat chatmessage-h2opulse"><strong style="color:#6e8c2b"><small>☆</small><span class="username" data-name="H2OPulse">H2OPulse</span>:</strong> <em>this isn't supposed to be working I'm so sorry</em></div><div class="chat chatmessage-shingenx"><strong style="color:#786ed7"><small> </small><span class="username" data-name="shingenx">shingenx</span>:</strong> <em><i>orchestra intensifies</i></em></div><div class="spacer battle-history"><br></div><div class="battle-history">Coppersmith sent out Courage (<strong>Excadrill</strong>)!<br></div><div class="battle-history"><small>Pointed stones dug into the opposing Courage!</small><br></div><div class="battle-history"><small>The opposing Courage was caught in a sticky web!</small><br></div><div class="battle-history"><small>The opposing Courage's Speed fell!</small><br></div><div class="battle-history">[The opposing Courage's Mold Breaker]<br><small>The opposing Courage breaks the mold!</small><br></div><div class="spacer battle-history"><br></div><h2 class="battle-history">Turn 10</h2><div class="spacer battle-history"><br></div><div class="battle-history">The opposing Courage used <strong>Earth Power</strong>!<br></div><div class="battle-history"><small>It's super effective!</small><br></div><div class="battle-history"><small>(Lamial lost 46% of its health!)</small><br></div><div class="spacer battle-history"><br></div><div class="battle-history">Lamial fainted!<br></div><div class="spacer battle-history"><br></div><div class="battle-history">Go! Bulbasaur? (<strong>Porygon-Z</strong>)!<br></div><div class="battle-history">[Bulbasaur?'s Download]<br></div><div class="battle-history"><small>Bulbasaur?'s Attack rose!</small><br></div><div class="spacer battle-history"><br></div><h2 class="battle-history">Turn 11</h2><div class="chat chatmessage-pupugugu"><strong style="color:#2b7b91"><small> </small><span class="username" data-name="pupugugu">pupugugu</span>:</strong> <em>special scarf drill what</em></div><div class="chat chatmessage-coppersmith"><strong style="color:#0aa445"><small>☆</small><span class="username" data-name="Coppersmith">Coppersmith</span>:</strong> <em>SPECSCADRILL LETS GOOOOOO</em></div><div class="chat chatmessage-pupugugu"><strong style="color:#2b7b91"><small> </small><span class="username" data-name="pupugugu">pupugugu</span>:</strong> <em>oh nvm not even scarf</em></div><div class="chat chatmessage-pupugugu"><strong style="color:#2b7b91"><small> </small><span class="username" data-name="pupugugu">pupugugu</span>:</strong> <em>specscadrill wild</em></div><div class="spacer battle-history"><br></div><div class="battle-history"><small>Bulbasaur?'s Porygonite-Z is reacting to the Key Stone!</small><br>Bulbasaur? has Mega Evolved into Mega Porygon-Z!<br></div><div class="chat"><ul class="utilichart"><li class="result"><span class="col pokemonnamecol" style="white-space: nowrap">Porygon-Z-Mega</span> <span class="col typecol"><img src="https://play.pokemonshowdown.com/sprites/types/Fire.png" alt="Fire" height="14" width="32"></span> <span style="float: left ; min-height: 26px"><span class="col abilitycol">Conversion-Z</span><span class="col abilitycol"></span></span><span style="float: left ; min-height: 26px"><span class="col statcol"><em>HP</em><br>85</span> <span class="col statcol"><em>Atk</em><br>185</span> <span class="col statcol"><em>Def</em><br>100</span> <span class="col statcol"><em>SpA</em><br>80</span> <span class="col statcol"><em>SpD</em><br>100</span> <span class="col statcol"><em>Spe</em><br>100</span> </span></li><li style="clear: both"></li></ul></div><div class="spacer battle-history"><br></div><div class="battle-history">Bulbasaur? used <strong>Revelation Dance</strong>!<br></div><div class="battle-history"><small>It's super effective!</small><br></div><div class="battle-history"><small>(The opposing Courage lost 97% of its health!)</small><br></div><div class="spacer battle-history"><br></div><div class="battle-history">The opposing Courage fainted!<br></div><div class="chat chatmessage-magmajudis"><strong style="color:#979b3e"><small> </small><span class="username" data-name="Magmajudis">Magmajudis</span>:</strong> <em>Let's call Yoko Shinomura, epic violon battle music would be fiting here</em></div><div class="chat chatmessage-coppersmith"><strong style="color:#0aa445"><small>☆</small><span class="username" data-name="Coppersmith">Coppersmith</span>:</strong> <em>Uh oh</em></div><div class="chat chatmessage-magmajudis"><strong style="color:#979b3e"><small> </small><span class="username" data-name="Magmajudis">Magmajudis</span>:</strong> <em>*What?*</em></div><div class="spacer battle-history"><br></div><div class="battle-history">Coppersmith sent out Justice (<strong>Mismagius-Mega</strong>)!<br></div><div class="battle-history"><small>Pointed stones dug into the opposing Justice!</small><br></div><div class="battle-history"><small>The opposing Justice was caught in a sticky web!</small><br></div><div class="battle-history"><small>The opposing Justice's Speed fell!</small><br></div><div class="spacer battle-history"><br></div><h2 class="battle-history">Turn 12</h2><div class="spacer battle-history"><br></div><div class="battle-history">Bulbasaur? used <strong>Nasty Plot</strong>!<br></div><div class="battle-history"><small>Bulbasaur?'s Sp. Atk rose sharply!</small><br></div><div class="spacer battle-history"><br></div><div class="battle-history">The opposing Justice used <strong>Toxic</strong>!<br></div><div class="battle-history"><small>Bulbasaur? was badly poisoned!</small><br></div><div class="battle-history">[The opposing Justice's Alchemist]<br></div><div class="battle-history"><small>Bulbasaur? must do an encore!</small><br></div><div class="spacer battle-history"><br></div><div class="battle-history"><small>Bulbasaur? was hurt by poison!</small><br></div><div class="spacer battle-history"><br></div><h2 class="battle-history">Turn 13</h2><div class="chat chatmessage-h2opulse"><strong style="color:#6e8c2b"><small>☆</small><span class="username" data-name="H2OPulse">H2OPulse</span>:</strong> <em>Ah</em></div><div class="chat chatmessage-magmajudis"><strong style="color:#979b3e"><small> </small><span class="username" data-name="Magmajudis">Magmajudis</span>:</strong> <em>What is that?</em></div><div class="chat chatmessage-h2opulse"><strong style="color:#6e8c2b"><small>☆</small><span class="username" data-name="H2OPulse">H2OPulse</span>:</strong> <em>Bulbasaur?</em></div><div class="spacer battle-history"><br></div><div class="battle-history">Bulbasaur?, come back!<br></div><div class="battle-history">Go! Delph (<strong>Cobalion</strong>)!<br></div><div class="spacer battle-history"><br></div><div class="battle-history">The opposing Justice used <strong>Sludge Bomb</strong>!<br></div><div class="battle-history"><small>It doesn't affect Delph...</small><br></div><div class="spacer battle-history"><br></div><h2 class="battle-history">Turn 14</h2><div class="chat chatmessage-magmajudis"><strong style="color:#979b3e"><small> </small><span class="username" data-name="Magmajudis">Magmajudis</span>:</strong> <em>Mega-Porygon-Z</em></div><div class="spacer battle-history"><br></div><div class="battle-history">Delph, come back!<br></div><div class="battle-history">Go! Bulbasaur? (<strong>Porygon-Z-Mega</strong>)!<br></div><div class="spacer battle-history"><br></div><div class="battle-history">The opposing Justice used <strong>Shadow Ball</strong>!<br></div><div class="battle-history"><small>(Bulbasaur? lost 47% of its health!)</small><br></div><div class="battle-history"><small>Bulbasaur?'s Sp. Def fell!</small><br></div><div class="spacer battle-history"><br></div><div class="battle-history"><small>Bulbasaur? was hurt by poison!</small><br></div><div class="spacer battle-history"><br></div><h2 class="battle-history">Turn 15</h2><div class="spacer battle-history"><br></div><div class="battle-history">Bulbasaur? used <strong>Revelation Dance</strong>!<br></div><div class="battle-history"><small>(The opposing Justice lost 47% of its health!)</small><br></div><div class="spacer battle-history"><br></div><div class="battle-history">The opposing Justice used <strong>Shadow Ball</strong>!<br></div><div class="battle-history"><small>(Bulbasaur? lost 41% of its health!)</small><br></div><div class="spacer battle-history"><br></div><div class="battle-history">Bulbasaur? fainted!<br></div><div class="chat chatmessage-h2opulse"><strong style="color:#6e8c2b"><small>☆</small><span class="username" data-name="H2OPulse">H2OPulse</span>:</strong> <em>Rude</em></div><div class="chat chatmessage-magmajudis"><strong style="color:#979b3e"><small> </small><span class="username" data-name="Magmajudis">Magmajudis</span>:</strong> <em>Is that yhe one that changes the type of every Porygon-Z on the server</em></div><div class="chat chatmessage-coppersmith"><strong style="color:#0aa445"><small>☆</small><span class="username" data-name="Coppersmith">Coppersmith</span>:</strong> <em>Th at wa s confusing</em></div><div class="spacer battle-history"><br></div><div class="battle-history">Go! Delph (<strong>Cobalion</strong>)!<br></div><div class="spacer battle-history"><br></div><h2 class="battle-history">Turn 16</h2><div class="chat chatmessage-h2opulse"><strong style="color:#6e8c2b"><small>☆</small><span class="username" data-name="H2OPulse">H2OPulse</span>:</strong> <em>Of course it's Steel-type aren't you watching the other battle</em></div><div class="chat chatmessage-h2opulse highlighted"><strong style="color:#6e8c2b"><small>☆</small><span class="username" data-name="H2OPulse">H2OPulse</span>:</strong> <em>H2OPu1se changed it</em></div><div class="chat chatmessage-h2opulse"><strong style="color:#6e8c2b"><small>☆</small><span class="username" data-name="H2OPulse">H2OPulse</span>:</strong> <em>smh</em></div><div class="chat chatmessage-magmajudis"><strong style="color:#979b3e"><small> </small><span class="username" data-name="Magmajudis">Magmajudis</span>:</strong> <em>THAT'S HILARIOUS</em></div><div class="chat"><small> ViZarPKMN joined</small></div><div class="chat chatmessage-magmajudis"><strong style="color:#979b3e"><small> </small><span class="username" data-name="Magmajudis">Magmajudis</span>:</strong> <em>Well i don't think Bit will get to be unbanned</em></div><div class="spacer battle-history"><br></div><div class="battle-history">Delph used <strong>Flash Cannon</strong>!<br></div><div class="battle-history"><small>(The opposing Justice lost 41% of its health!)</small><br></div><div class="spacer battle-history"><br></div><div class="battle-history">The opposing Justice fainted!<br></div><div class="spacer battle-history"><br></div><div class="battle-history">Coppersmith sent out Chivalry (<strong>Taillow</strong>)!<br></div><div class="battle-history"><small>Pointed stones dug into the opposing Chivalry!</small><br></div><div class="spacer battle-history"><br></div><h2 class="battle-history">Turn 17</h2><div class="spacer battle-history"><br></div><div class="battle-history">The opposing Chivalry used <strong>Protect</strong>!<br></div><div class="battle-history"><small>The opposing Chivalry protected itself!</small><br></div><div class="spacer battle-history"><br></div><div class="battle-history">Delph used <strong>Volt Switch</strong>!<br></div><div class="battle-history"><small>The opposing Chivalry protected itself!</small><br></div><div class="spacer battle-history"><br></div><h2 class="battle-history">Turn 18</h2><div class="chat chatmessage-coppersmith"><strong style="color:#0aa445"><small>☆</small><span class="username" data-name="Coppersmith">Coppersmith</span>:</strong> <em>S p a r e  m e</em></div><div class="chat chatmessage-magmajudis"><strong style="color:#979b3e"><small> </small><span class="username" data-name="Magmajudis">Magmajudis</span>:</strong> <em>The most epic battle since that one guy who said "I want to battle yall's leader"</em></div><div class="chat chatmessage-shingenx"><strong style="color:#786ed7"><small> </small><span class="username" data-name="shingenx">shingenx</span>:</strong> <em>rip bitbitio </em></div><div class="chat chatmessage-shingenx"><strong style="color:#786ed7"><small> </small><span class="username" data-name="shingenx">shingenx</span>:</strong> <em>2020-2021</em></div><div class="chat chatmessage-h2opu1se mine"><strong style="color:#929913"><small> </small><span class="username" data-name="H2OPu1se">H2OPu1se</span>:</strong> <em>is your pz dead already</em></div><div class="chat chatmessage-h2opu1se mine"><strong style="color:#929913"><small> </small><span class="username" data-name="H2OPu1se">H2OPu1se</span>:</strong> <em>ok damn</em></div><div class="spacer battle-history"><br></div><div class="battle-history">Delph went back to H2OPulse!<br></div><div class="battle-history">Go! Spilly (<strong>Araquanid</strong>)!<br></div><div class="spacer battle-history"><br></div><div class="battle-history">The opposing Chivalry used <strong>Protect</strong>!<br></div><div class="battle-history"><small>But it failed!</small><br></div><div class="spacer battle-history"><br></div><div class="battle-history"><small>Spilly was hurt by poison!</small><br></div><div class="spacer battle-history"><br></div><h2 class="battle-history">Turn 19</h2><div class="spacer battle-history"><br></div><div class="battle-history">Spilly used <strong>Parting Shot</strong>!<br></div><div class="battle-history"><small>The opposing Chivalry's Attack fell!</small><br></div><div class="battle-history"><small>The opposing Chivalry's Sp. Atk fell!</small><br></div><div class="spacer battle-history"><br></div><div class="battle-history">Spilly, come back!<br></div><div class="battle-history">Go! Delph (<strong>Cobalion</strong>)!<br></div><div class="spacer battle-history"><br></div><div class="battle-history">The opposing Chivalry used <strong>Substitute</strong>!<br></div><div class="battle-history"><small>The opposing Chivalry put in a substitute!</small><br></div><div class="battle-history"><small>(The opposing Chivalry lost 18% of its health!)</small><br></div><div class="spacer battle-history"><br></div><h2 class="battle-history">Turn 20</h2><div class="chat chatmessage-coppersmith"><strong style="color:#0aa445"><small>☆</small><span class="username" data-name="Coppersmith">Coppersmith</span>:</strong> <em>wait a minute </em></div><div class="chat chatmessage-h2opulse"><strong style="color:#6e8c2b"><small>☆</small><span class="username" data-name="H2OPulse">H2OPulse</span>:</strong> <em>Substitute??</em></div><div class="chat chatmessage-h2opulse"><strong style="color:#6e8c2b"><small>☆</small><span class="username" data-name="H2OPulse">H2OPulse</span>:</strong> <em>what kind of set</em></div><div class="spacer battle-history"><br></div><div class="battle-history">Delph used <strong>Volt Switch</strong>!<br></div><div class="battle-history"><small>It's super effective!</small><br></div><div class="battle-history"><small>The opposing Chivalry's substitute faded!</small><br></div><div class="spacer battle-history"><br></div><div class="battle-history">Delph went back to H2OPulse!<br></div><div class="battle-history">Go! Xerophyte (<strong>Ferrothorn</strong>)!<br></div><div class="spacer battle-history"><br></div><div class="battle-history">The opposing Chivalry used <strong>Endeavor</strong>!<br></div><div class="battle-history"><small>(Xerophyte lost 98% of its health!)</small><br></div><div class="battle-history">[Xerophyte's Iron Barbs]<br><small>The opposing Chivalry was hurt!</small><br></div><div class="spacer battle-history"><br></div><div class="battle-history"><small>Xerophyte restored a little HP using its Leftovers!</small><br></div><div class="spacer battle-history"><br></div><h2 class="battle-history">Turn 21</h2><div class="chat chatmessage-magmajudis"><strong style="color:#979b3e"><small> </small><span class="username" data-name="Magmajudis">Magmajudis</span>:</strong> <em>To be sure to use Endeavor smh</em></div><div class="spacer battle-history"><br></div><div class="battle-history">Xerophyte used <strong>Gyro Ball</strong>!<br></div><div class="battle-history"><small>(The opposing Chivalry lost 55% of its health!)</small><br></div><div class="spacer battle-history"><br></div><div class="battle-history">The opposing Chivalry fainted!<br></div><div class="spacer battle-history"><br></div><div class="battle-history"><strong>H2OPulse</strong> won the battle!<br></div><div class="chat chatmessage-h2opulse"><strong style="color:#6e8c2b"><small>☆</small><span class="username" data-name="H2OPulse">H2OPulse</span>:</strong> <em>anyway!! Good game : D</em></div><div class="chat chatmessage-coppersmith"><strong style="color:#0aa445"><small>☆</small><span class="username" data-name="Coppersmith">Coppersmith</span>:</strong> <em>nOoOoO</em></div><div class="chat chatmessage-coppersmith"><strong style="color:#0aa445"><small>☆</small><span class="username" data-name="Coppersmith">Coppersmith</span>:</strong> <em>gg</em></div><div class="chat"><small> FierceHawk192 left</small></div><div class="chat chatmessage-coppersmith"><strong style="color:#0aa445"><small>☆</small><span class="username" data-name="Coppersmith">Coppersmith</span>:</strong> <em>Wp</em></div><div class="chat chatmessage-h2opulse"><strong style="color:#6e8c2b"><small>☆</small><span class="username" data-name="H2OPulse">H2OPulse</span>:</strong> <em>This was a fun match so I will unban you now</em></div><div class="chat chatmessage-h2opulse"><strong style="color:#6e8c2b"><small>☆</small><span class="username" data-name="H2OPulse">H2OPulse</span>:</strong> <em>Well played :'D</em></div><div class="chat"><small> shingenx left</small></div><div class="chat chatmessage-coppersmith"><strong style="color:#0aa445"><small>☆</small><span class="username" data-name="Coppersmith">Coppersmith</span>:</strong> <em>ah that’s a relief 😅 </em></div><div class="chat"><small> shingenx joined;  shingenx, ☆Coppersmith,  ViZarPKMN,  pupugugu, and  Magmajudis left</small></div></div><div class="inner-preempt message-log"></div></div></div>
</div>
<script>
let daily = Math.floor(Date.now()/1000/60/60/24);document.write('<script src="https://dragonheaven.herokuapp.com/js/replay-embed.js?version'+daily+'"></'+'script>');
</script>
