<!DOCTYPE html>
<meta charset="utf-8" />
<!-- version 1 -->
<title>[Gen 8] Megas for All replay: Lysion vs. Gravity Monkey</title>
<style>
html,body {font-family:Verdana, sans-serif;font-size:10pt;margin:0;padding:0;}body{padding:12px 0;} .battle-log {font-family:Verdana, sans-serif;font-size:10pt;} .battle-log-inline {border:1px solid #AAAAAA;background:#EEF2F5;color:black;max-width:640px;margin:0 auto 80px;padding-bottom:5px;} .battle-log .inner {padding:4px 8px 0px 8px;} .battle-log .inner-preempt {padding:0 8px 4px 8px;} .battle-log .inner-after {margin-top:0.5em;} .battle-log h2 {margin:0.5em -8px;padding:4px 8px;border:1px solid #AAAAAA;background:#E0E7EA;border-left:0;border-right:0;font-family:Verdana, sans-serif;font-size:13pt;} .battle-log .chat {vertical-align:middle;padding:3px 0 3px 0;font-size:8pt;} .battle-log .chat strong {color:#40576A;} .battle-log .chat em {padding:1px 4px 1px 3px;color:#000000;font-style:normal;} .chat.mine {background:rgba(0,0,0,0.05);margin-left:-8px;margin-right:-8px;padding-left:8px;padding-right:8px;} .spoiler {color:#BBBBBB;background:#BBBBBB;padding:0px 3px;} .spoiler:hover, .spoiler:active, .spoiler-shown {color:#000000;background:#E2E2E2;padding:0px 3px;} .spoiler a {color:#BBBBBB;} .spoiler:hover a, .spoiler:active a, .spoiler-shown a {color:#2288CC;} .chat code, .chat .spoiler:hover code, .chat .spoiler:active code, .chat .spoiler-shown code {border:1px solid #C0C0C0;background:#EEEEEE;color:black;padding:0 2px;} .chat .spoiler code {border:1px solid #CCCCCC;background:#CCCCCC;color:#CCCCCC;} .battle-log .rated {padding:3px 4px;} .battle-log .rated strong {color:white;background:#89A;padding:1px 4px;border-radius:4px;} .spacer {margin-top:0.5em;} .message-announce {background:#6688AA;color:white;padding:1px 4px 2px;} .message-announce a, .broadcast-green a, .broadcast-blue a, .broadcast-red a {color:#DDEEFF;} .broadcast-green {background-color:#559955;color:white;padding:2px 4px;} .broadcast-blue {background-color:#6688AA;color:white;padding:2px 4px;} .infobox {border:1px solid #6688AA;padding:2px 4px;} .infobox-limited {max-height:200px;overflow:auto;overflow-x:hidden;} .broadcast-red {background-color:#AA5544;color:white;padding:2px 4px;} .message-learn-canlearn {font-weight:bold;color:#228822;text-decoration:underline;} .message-learn-cannotlearn {font-weight:bold;color:#CC2222;text-decoration:underline;} .message-effect-weak {font-weight:bold;color:#CC2222;} .message-effect-resist {font-weight:bold;color:#6688AA;} .message-effect-immune {font-weight:bold;color:#666666;} .message-learn-list {margin-top:0;margin-bottom:0;} .message-throttle-notice, .message-error {color:#992222;} .message-overflow, .chat small.message-overflow {font-size:0pt;} .message-overflow::before {font-size:9pt;content:'...';} .subtle {color:#3A4A66;}
</style>
<div class="wrapper replay-wrapper" style="max-width:1180px;margin:0 auto">
<input type="hidden" name="replayid" value="dragonheaven-gen8megasforall-5180" />
<div class="battle"></div><div class="battle-log"></div><div class="replay-controls"></div><div class="replay-controls-2"></div>
<h1 style="font-weight:normal;text-align:center"><strong>[Gen 8] Megas for All</strong><br /><a href="http://pokemonshowdown.com/users/lysion" class="subtle" target="_blank">Lysion</a> vs. <a href="http://pokemonshowdown.com/users/gravitymonkey" class="subtle" target="_blank">Gravity Monkey</a></h1>
<script type="text/plain" class="battle-log-data">|j|☆Lysion
|j|☆Gravity Monkey


|player|p1|Lysion|170|


|player|p2|Gravity Monkey|maid|
|teamsize|p1|6
|teamsize|p2|6
|gametype|singles
|gen|8
|tier|[Gen 8] Megas for All
|clearpoke
|poke|p1|Rillaboom, F|
|poke|p1|Magnezone|
|poke|p1|Toxapex, F|
|poke|p1|Clefable, F|
|poke|p1|Magearna|
|poke|p1|Excadrill, M|
|poke|p2|Clefable, F|
|poke|p2|Corviknight, M|
|poke|p2|Togekiss, M|
|poke|p2|Reuniclus, F|
|poke|p2|Garchomp, F|
|poke|p2|Kartana|
|rule|HP Percentage Mod: HP is shown in percentages
|rule|Endless Battle Clause: Forcing endless battles is banned
|rule|OHKO Clause: OHKO moves are banned
|rule|Evasion Moves Clause: Evasion moves are banned
|rule|Species Clause: Limit one of each Pokémon
|rule|Dynamax Clause: You cannot dynamax
|rule|Sleep Clause Mod: Limit one foe put to sleep
|teampreview


|c|☆Gravity Monkey|gl hf


|c|☆Lysion|HF


|
|start
|switch|p1a: Toxapex|Toxapex, F|100\/100
|switch|p2a: Corviknight|Corviknight, M|400\/400
|-ability|p2a: Corviknight|Pressure
|turn|1


|
|move|p2a: Corviknight|U-turn|p1a: Toxapex
|-resisted|p1a: Toxapex
|-damage|p1a: Toxapex|96\/100


|
|switch|p2a: Clefable|Clefable, F|394\/394
|move|p1a: Toxapex|Scald|p2a: Clefable
|-damage|p2a: Clefable|330\/394
|-status|p2a: Clefable|brn
|
|-heal|p2a: Clefable|354\/394 brn|[from] item: Leftovers
|-heal|p1a: Toxapex|100\/100|[from] item: Black Sludge
|upkeep
|turn|2


|
|switch|p1a: Magearna|Magearna|100\/100
|move|p2a: Clefable|Teleport|p2a: Clefable


|
|switch|p2a: Garchomp|Garchomp, F|357\/357
|
|upkeep
|turn|3


|c|☆Lysion|C'est cool je burn le seul qui s'en fout ^^


|c|☆Gravity Monkey|ui fin c'était le but de ce switch


|
|move|p2a: Garchomp|Earthquake|p1a: Magearna
|-supereffective|p1a: Magearna
|-enditem|p1a: Magearna|Shuca Berry|[eat]
|-enditem|p1a: Magearna|Shuca Berry|[weaken]
|-damage|p1a: Magearna|46\/100
|move|p1a: Magearna|Shift Gear|p1a: Magearna
|-boost|p1a: Magearna|spe|2
|-boost|p1a: Magearna|atk|1
|
|upkeep
|turn|4


|c|☆Lysion|Je sais ^^


|
|switch|p2a: Corviknight|Corviknight, M|400\/400
|-ability|p2a: Corviknight|Pressure
|move|p1a: Magearna|Ice Beam|p2a: Corviknight
|-damage|p2a: Corviknight|305\/400
|
|-heal|p2a: Corviknight|330\/400|[from] item: Leftovers
|upkeep
|turn|5


|
|move|p1a: Magearna|Thunderbolt|p2a: Corviknight
|-supereffective|p2a: Corviknight
|-damage|p2a: Corviknight|152\/400
|move|p2a: Corviknight|Brave Bird|p1a: Magearna
|-resisted|p1a: Magearna
|-damage|p1a: Magearna|27\/100
|-damage|p2a: Corviknight|134\/400|[from] Recoil
|
|-heal|p2a: Corviknight|159\/400|[from] item: Leftovers
|upkeep
|turn|6


|
|move|p1a: Magearna|Thunderbolt|p2a: Corviknight
|-supereffective|p2a: Corviknight
|-damage|p2a: Corviknight|0 fnt
|faint|p2a: Corviknight
|-ability|p1a: Magearna|Soul-Heart|boost
|-boost|p1a: Magearna|spa|1
|
|upkeep


|c|☆Gravity Monkey|ah merde


|
|switch|p2a: Reuniclus|Reuniclus, F|423\/423
|turn|7


|
|detailschange|p2a: Reuniclus|Reuniclus-Mega, F
|-mega|p2a: Reuniclus|Reuniclus|Reunite
|move|p1a: Magearna|Calm Mind|p1a: Magearna
|-boost|p1a: Magearna|spa|1
|-boost|p1a: Magearna|spd|1
|move|p2a: Reuniclus|Superpower|p1a: Magearna
|-crit|p1a: Magearna
|-damage|p1a: Magearna|0 fnt
|-ability|p2a: Reuniclus|Two-Minded|boost
|-boost|p2a: Reuniclus|spa|1
|-ability|p2a: Reuniclus|Two-Minded|boost
|-boost|p2a: Reuniclus|spd|1
|-unboost|p2a: Reuniclus|atk|1
|-unboost|p2a: Reuniclus|def|1
|faint|p1a: Magearna
|
|upkeep


|c|☆Lysion|Merde


|c|☆Lysion|Le voilà lui


|
|switch|p1a: Clefable|Clefable, F|100\/100
|turn|8


|
|move|p1a: Clefable|Will-O-Wisp|p2a: Reuniclus
|-status|p2a: Reuniclus|brn
|move|p2a: Reuniclus|Psycho Boost|p1a: Clefable
|-damage|p1a: Clefable|0 fnt
|-ability|p2a: Reuniclus|Two-Minded|boost
|-boost|p2a: Reuniclus|atk|2
|-unboost|p2a: Reuniclus|spa|2
|faint|p1a: Clefable
|
|-damage|p2a: Reuniclus|397\/423 brn|[from] brn
|upkeep


|
|switch|p1a: Rillaboom|Rillaboom, F|100\/100
|-fieldstart|move: Grassy Terrain|[from] ability: Grassy Surge|[of] p1a: Rillaboom
|turn|9


|
|switch|p2a: Garchomp|Garchomp, F|357\/357
|detailschange|p1a: Rillaboom|Rillaboom-Mega, F
|-mega|p1a: Rillaboom|Rillaboom|Rillaboomite
|-fieldend|move: Grassy Terrain
|-fieldstart|move: Grassy Terrain|[from] ability: Arena Rock|[of] p1a: Rillaboom
|move|p1a: Rillaboom|Swords Dance|p1a: Rillaboom
|-boost|p1a: Rillaboom|atk|2
|
|upkeep
|turn|10


|
|move|p2a: Garchomp|Fire Fang|p1a: Rillaboom
|-supereffective|p1a: Rillaboom
|-damage|p1a: Rillaboom|61\/100
|move|p1a: Rillaboom|Knock Off|p2a: Garchomp
|-damage|p2a: Garchomp|53\/357
|-damage|p1a: Rillaboom|49\/100|[from] ability: Rough Skin|[of] p2a: Garchomp
|-enditem|p2a: Garchomp|Leftovers|[from] move: Knock Off|[of] p1a: Rillaboom
|
|-heal|p2a: Garchomp|75\/357|[from] Grassy Terrain
|-heal|p1a: Rillaboom|55\/100|[from] Grassy Terrain
|upkeep
|turn|11


|c|☆Gravity Monkey|ouch


|
|move|p1a: Rillaboom|Grassy Glide|p2a: Garchomp
|-damage|p2a: Garchomp|0 fnt
|-damage|p1a: Rillaboom|43\/100|[from] ability: Rough Skin|[of] p2a: Garchomp
|faint|p2a: Garchomp
|
|-heal|p1a: Rillaboom|49\/100|[from] Grassy Terrain
|upkeep


|
|switch|p2a: Kartana|Kartana|259\/259
|turn|12


|c|☆Lysion|C'est tellement violent


|
|move|p2a: Kartana|Smart Strike|p1a: Rillaboom
|-damage|p1a: Rillaboom|0 fnt
|faint|p1a: Rillaboom
|-fieldend|move: Grassy Terrain
|-ability|p2a: Kartana|Beast Boost|boost
|-boost|p2a: Kartana|atk|1
|
|upkeep


|
|switch|p1a: Magnezone|Magnezone|100\/100
|turn|13


|
|move|p2a: Kartana|Smart Strike|p1a: Magnezone
|-resisted|p1a: Magnezone
|-damage|p1a: Magnezone|71\/100
|move|p1a: Magnezone|Hidden Power|p2a: Kartana
|-supereffective|p2a: Kartana
|-damage|p2a: Kartana|0 fnt
|faint|p2a: Kartana
|
|upkeep


|
|switch|p2a: Reuniclus|Reuniclus-Mega, F|397\/423 brn
|turn|14


|c|☆Lysion|J'ai mal prép vs Symbiose


|
|move|p1a: Magnezone|Hidden Power|p2a: Reuniclus
|-damage|p2a: Reuniclus|304\/423 brn
|move|p2a: Reuniclus|Superpower|p1a: Magnezone
|-supereffective|p1a: Magnezone
|-damage|p1a: Magnezone|20\/100
|-ability|p2a: Reuniclus|Two-Minded|boost
|-boost|p2a: Reuniclus|spa|1
|-ability|p2a: Reuniclus|Two-Minded|boost
|-boost|p2a: Reuniclus|spd|1
|-unboost|p2a: Reuniclus|atk|1
|-unboost|p2a: Reuniclus|def|1
|
|-damage|p2a: Reuniclus|278\/423 brn|[from] brn
|upkeep
|turn|15


|
|move|p1a: Magnezone|Hidden Power|p2a: Reuniclus
|-damage|p2a: Reuniclus|218\/423 brn
|move|p2a: Reuniclus|Shadow Ball|p1a: Magnezone
|-damage|p1a: Magnezone|0 fnt
|faint|p1a: Magnezone
|
|-damage|p2a: Reuniclus|192\/423 brn|[from] brn
|upkeep


|c|☆Lysion|Ce truc est méga pété


|
|switch|p1a: Excadrill|Excadrill, M|100\/100
|-ability|p1a: Excadrill|Mold Breaker
|turn|16


|c|☆Gravity Monkey|en vrai j'avoue


|
|move|p1a: Excadrill|Iron Head|p2a: Reuniclus
|-damage|p2a: Reuniclus|33\/423 brn
|move|p2a: Reuniclus|Recover|p2a: Reuniclus
|-heal|p2a: Reuniclus|245\/423 brn
|
|-damage|p2a: Reuniclus|219\/423 brn|[from] brn
|upkeep
|turn|17


|
|move|p1a: Excadrill|Iron Head|p2a: Reuniclus
|-damage|p2a: Reuniclus|42\/423 brn
|move|p2a: Reuniclus|Recover|p2a: Reuniclus
|-heal|p2a: Reuniclus|254\/423 brn
|
|-damage|p2a: Reuniclus|228\/423 brn|[from] brn
|upkeep
|turn|18


|
|move|p1a: Excadrill|Iron Head|p2a: Reuniclus
|-damage|p2a: Reuniclus|51\/423 brn
|cant|p2a: Reuniclus|flinch
|
|-damage|p2a: Reuniclus|25\/423 brn|[from] brn
|upkeep
|turn|19


|
|move|p1a: Excadrill|Iron Head|p2a: Reuniclus
|-damage|p2a: Reuniclus|0 fnt
|faint|p2a: Reuniclus
|
|upkeep


|
|switch|p2a: Togekiss|Togekiss, M|311\/311
|turn|20


|c|☆Lysion|Bah déso


|
|move|p2a: Togekiss|Flamethrower|p1a: Excadrill
|-supereffective|p1a: Excadrill
|-damage|p1a: Excadrill|46\/100
|move|p1a: Excadrill|Iron Head|p2a: Togekiss
|-supereffective|p2a: Togekiss
|-damage|p2a: Togekiss|53\/311
|
|-heal|p1a: Excadrill|52\/100|[from] item: Leftovers
|upkeep
|turn|21


|c|☆Gravity Monkey|nn tkt


|c|☆Gravity Monkey|jfais deux truc en mm temps j'arrive pas à réfléchir mdr


|
|switch|p1a: Toxapex|Toxapex, F|100\/100
|move|p2a: Togekiss|Flamethrower|p1a: Toxapex
|-resisted|p1a: Toxapex
|-damage|p1a: Toxapex|88\/100
|
|-heal|p1a: Toxapex|94\/100|[from] item: Black Sludge
|upkeep
|turn|22


|
|switch|p2a: Clefable|Clefable, F|354\/394 brn
|move|p1a: Toxapex|Scald|p2a: Clefable
|-damage|p2a: Clefable|290\/394 brn
|
|-heal|p2a: Clefable|314\/394 brn|[from] item: Leftovers
|-heal|p1a: Toxapex|100\/100|[from] item: Black Sludge
|upkeep
|turn|23


|
|move|p1a: Toxapex|Scald|p2a: Clefable
|-damage|p2a: Clefable|256\/394 brn
|move|p2a: Clefable|Teleport|p2a: Clefable


|
|switch|p2a: Togekiss|Togekiss, M|53\/311
|
|upkeep
|turn|24


|
|switch|p2a: Clefable|Clefable, F|256\/394 brn
|move|p1a: Toxapex|Scald|p2a: Clefable
|-damage|p2a: Clefable|190\/394 brn
|
|-heal|p2a: Clefable|214\/394 brn|[from] item: Leftovers
|upkeep
|turn|25


|
|move|p2a: Clefable|Wish|p2a: Clefable
|move|p1a: Toxapex|Scald|p2a: Clefable
|-crit|p2a: Clefable
|-damage|p2a: Clefable|129\/394 brn
|
|-heal|p2a: Clefable|153\/394 brn|[from] item: Leftovers
|upkeep
|turn|26


|
|move|p1a: Toxapex|Scald|p2a: Clefable
|-damage|p2a: Clefable|95\/394 brn
|move|p2a: Clefable|Teleport|p2a: Clefable


|
|switch|p2a: Togekiss|Togekiss, M|53\/311
|
|-heal|p2a: Togekiss|250\/311|[from] move: Wish|[wisher] Clefable
|upkeep
|turn|27


|
|switch|p2a: Clefable|Clefable, F|95\/394 brn
|switch|p1a: Excadrill|Excadrill, M|52\/100
|-ability|p1a: Excadrill|Mold Breaker
|
|-heal|p1a: Excadrill|58\/100|[from] item: Leftovers
|-heal|p2a: Clefable|119\/394 brn|[from] item: Leftovers
|upkeep
|turn|28


|
|move|p2a: Clefable|Protect|p2a: Clefable
|-singleturn|p2a: Clefable|Protect
|move|p1a: Excadrill|Iron Head|p2a: Clefable
|-activate|p2a: Clefable|move: Protect
|
|-heal|p1a: Excadrill|64\/100|[from] item: Leftovers
|-heal|p2a: Clefable|143\/394 brn|[from] item: Leftovers
|upkeep
|turn|29


|
|move|p1a: Excadrill|Rapid Spin|p2a: Clefable
|-damage|p2a: Clefable|97\/394 brn
|-boost|p1a: Excadrill|spe|1
|move|p2a: Clefable|Teleport|p2a: Clefable


|
|switch|p2a: Togekiss|Togekiss, M|250\/311
|
|-heal|p1a: Excadrill|70\/100|[from] item: Leftovers
|upkeep
|turn|30


|c|☆Gravity Monkey|gg


|
|move|p2a: Togekiss|Flamethrower|p1a: Excadrill
|-supereffective|p1a: Excadrill
|-damage|p1a: Excadrill|14\/100
|-status|p1a: Excadrill|brn
|move|p1a: Excadrill|Iron Head|p2a: Togekiss
|-supereffective|p2a: Togekiss
|-damage|p2a: Togekiss|127\/311
|
|-heal|p1a: Excadrill|20\/100 brn|[from] item: Leftovers
|-damage|p1a: Excadrill|14\/100 brn|[from] brn
|upkeep
|turn|31


|c|☆Gravity Monkey|ahh


|c|☆Lysion|Wesh d'où t'es plus rapide que moi à+1 ?


|
|move|p2a: Togekiss|Flamethrower|p1a: Excadrill
|-supereffective|p1a: Excadrill
|-damage|p1a: Excadrill|0 fnt
|faint|p1a: Excadrill
|
|upkeep


|
|switch|p1a: Toxapex|Toxapex, F|100\/100
|turn|32


|c|☆Gravity Monkey|est-ce que t'es max speed?


|
|switch|p2a: Clefable|Clefable, F|97\/394 brn
|move|p1a: Toxapex|Scald|p2a: Clefable
|-damage|p2a: Clefable|34\/394 brn
|
|-heal|p2a: Clefable|58\/394 brn|[from] item: Leftovers
|upkeep
|turn|33


|
|move|p2a: Clefable|Protect|p2a: Clefable
|-singleturn|p2a: Clefable|Protect
|move|p1a: Toxapex|Scald|p2a: Clefable
|-activate|p2a: Clefable|move: Protect
|
|-heal|p2a: Clefable|82\/394 brn|[from] item: Leftovers
|upkeep
|turn|34


|
|move|p2a: Clefable|Wish|p2a: Clefable
|move|p1a: Toxapex|Scald|p2a: Clefable
|-damage|p2a: Clefable|18\/394 brn
|
|-heal|p2a: Clefable|42\/394 brn|[from] item: Leftovers
|upkeep
|turn|35


|c|☆Lysion|Nope


|
|move|p2a: Clefable|Protect|p2a: Clefable
|-singleturn|p2a: Clefable|Protect
|move|p1a: Toxapex|Scald|p2a: Clefable
|-activate|p2a: Clefable|move: Protect
|
|-heal|p2a: Clefable|239\/394 brn|[from] move: Wish|[wisher] Clefable
|-heal|p2a: Clefable|263\/394 brn|[from] item: Leftovers
|upkeep
|turn|36


|c|☆Gravity Monkey|ahh voilà


|c|☆Lysion|Scarf mdr


|
|move|p2a: Clefable|Wish|p2a: Clefable
|move|p1a: Toxapex|Scald|p2a: Clefable
|-damage|p2a: Clefable|206\/394 brn
|
|-heal|p2a: Clefable|230\/394 brn|[from] item: Leftovers
|upkeep
|turn|37


|c|☆Lysion|C'est n'importe quoi comme set mdr


|
|move|p2a: Clefable|Moonblast|p1a: Toxapex
|-resisted|p1a: Toxapex
|-damage|p1a: Toxapex|87\/100
|move|p1a: Toxapex|Scald|p2a: Clefable
|-damage|p2a: Clefable|169\/394 brn
|
|-heal|p2a: Clefable|366\/394 brn|[from] move: Wish|[wisher] Clefable
|-heal|p2a: Clefable|390\/394 brn|[from] item: Leftovers
|-heal|p1a: Toxapex|93\/100|[from] item: Black Sludge
|upkeep
|turn|38


|c|☆Lysion|GG


|-message|Lysion forfeited.


|
|win|Gravity Monkey


|c|☆Lysion|Je vais marquer une PSA


|c|☆Gravity Monkey|bah de quoi c'est nimp? x)


|c|☆Lysion|X)


|c|☆Lysion|Laisse moi rager X)
</script>
</div>
<div class="battle-log battle-log-inline"><div class="inner"><div class="battle-options"><div style="padding-top: 3px; padding-right: 3px; text-align: right"><button class="icon button" name="openBattleOptions" title="Options">Battle Options</button></div></div><div class="inner message-log"><div class="chat"><small>☆Lysion and ☆Gravity Monkey joined</small></div><div class=""><small>Format:</small> <br><strong>[Gen 8] Megas for All</strong></div><div class=""><small><em>HP Percentage Mod:</em> HP is shown in percentages</small></div><div class=""><small><em>Endless Battle Clause:</em> Forcing endless battles is banned</small></div><div class=""><small><em>OHKO Clause:</em> OHKO moves are banned</small></div><div class=""><small><em>Evasion Moves Clause:</em> Evasion moves are banned</small></div><div class=""><small><em>Species Clause:</em> Limit one of each Pokémon</small></div><div class=""><small><em>Dynamax Clause:</em> You cannot dynamax</small></div><div class=""><small><em>Sleep Clause Mod:</em> Limit one foe put to sleep</small></div><div class="chat battle-history"><strong>Gravity Monkey's team:</strong> <em style="color:#445566;display:block;">Clefable / Corviknight / Togekiss / Reuniclus / Garchomp / Kartana</em></div><div class="chat battle-history"><strong>Lysion's team:</strong> <em style="color:#445566;display:block;">Rillaboom / Magnezone / Toxapex / Clefable / Magearna / Excadrill</em></div><div class="chat chatmessage-gravitymonkey mine"><strong style="color:#a3742e"><small>☆</small><span class="username" data-name="Gravity Monkey">Gravity Monkey</span>:</strong> <em>gl hf</em></div><div class="chat chatmessage-lysion"><strong style="color:#837b25"><small>☆</small><span class="username" data-name="Lysion">Lysion</span>:</strong> <em>HF</em></div><div class="spacer battle-history"><br></div><div class="battle-history">Battle started between Lysion and Gravity Monkey!<br></div><div class="spacer battle-history"><br></div><div class="battle-history">Lysion sent out <strong>Toxapex</strong>!<br></div><div class="spacer battle-history"><br></div><div class="battle-history">Go! <strong>Corviknight</strong>!<br></div><div class="battle-history">[Corviknight's Pressure]<br><small>Corviknight is exerting its pressure!</small><br></div><div class="spacer battle-history"><br></div><h2 class="battle-history">Turn 1</h2><div class="spacer battle-history"><br></div><div class="battle-history">Corviknight used <strong>U-turn</strong>!<br></div><div class="battle-history"><small>It's not very effective...</small><br></div><div class="battle-history"><small>(The opposing Toxapex lost 4% of its health!)</small><br></div><div class="spacer battle-history"><br></div><div class="battle-history">Corviknight went back to Gravity Monkey!<br></div><div class="battle-history">Go! <strong>Clefable</strong>!<br></div><div class="spacer battle-history"><br></div><div class="battle-history">The opposing Toxapex used <strong>Scald</strong>!<br></div><div class="battle-history"><small>(Clefable lost <abbr title="−64/394">16.2%</abbr> of its health!)</small><br></div><div class="battle-history"><small>Clefable was burned!</small><br></div><div class="spacer battle-history"><br></div><div class="battle-history"><small>Clefable restored a little HP using its Leftovers!</small><br></div><div class="battle-history"><small>The opposing Toxapex restored a little HP using its Black Sludge!</small><br></div><div class="spacer battle-history"><br></div><h2 class="battle-history">Turn 2</h2><div class="spacer battle-history"><br></div><div class="battle-history">Lysion withdrew Toxapex!<br></div><div class="battle-history">Lysion sent out <strong>Magearna</strong>!<br></div><div class="spacer battle-history"><br></div><div class="battle-history">Clefable used <strong>Teleport</strong>!<br></div><div class="spacer battle-history"><br></div><div class="battle-history">Clefable, come back!<br></div><div class="battle-history">Go! <strong>Garchomp</strong>!<br></div><div class="spacer battle-history"><br></div><h2 class="battle-history">Turn 3</h2><div class="chat chatmessage-lysion"><strong style="color:#837b25"><small>☆</small><span class="username" data-name="Lysion">Lysion</span>:</strong> <em>C'est cool je burn le seul qui s'en fout ^^</em></div><div class="chat chatmessage-gravitymonkey mine"><strong style="color:#a3742e"><small>☆</small><span class="username" data-name="Gravity Monkey">Gravity Monkey</span>:</strong> <em>ui fin c'était le but de ce switch</em></div><div class="spacer battle-history"><br></div><div class="battle-history">Garchomp used <strong>Earthquake</strong>!<br></div><div class="battle-history"><small>It's super effective!</small><br></div><div class="battle-history"><small>(The opposing Magearna ate its Shuca Berry!)</small><br></div><div class="battle-history"><small>The Shuca Berry weakened the damage to the opposing Magearna!</small><br></div><div class="battle-history"><small>(The opposing Magearna lost 54% of its health!)</small><br></div><div class="spacer battle-history"><br></div><div class="battle-history">The opposing Magearna used <strong>Shift Gear</strong>!<br></div><div class="battle-history"><small>The opposing Magearna's Speed rose sharply!</small><br></div><div class="battle-history"><small>The opposing Magearna's Attack rose!</small><br></div><div class="spacer battle-history"><br></div><h2 class="battle-history">Turn 4</h2><div class="chat chatmessage-lysion"><strong style="color:#837b25"><small>☆</small><span class="username" data-name="Lysion">Lysion</span>:</strong> <em>Je sais ^^</em></div><div class="spacer battle-history"><br></div><div class="battle-history">Garchomp, come back!<br></div><div class="battle-history">Go! <strong>Corviknight</strong>!<br></div><div class="battle-history">[Corviknight's Pressure]<br><small>Corviknight is exerting its pressure!</small><br></div><div class="spacer battle-history"><br></div><div class="battle-history">The opposing Magearna used <strong>Ice Beam</strong>!<br></div><div class="battle-history"><small>(Corviknight lost <abbr title="−95/400">23.8%</abbr> of its health!)</small><br></div><div class="spacer battle-history"><br></div><div class="battle-history"><small>Corviknight restored a little HP using its Leftovers!</small><br></div><div class="spacer battle-history"><br></div><h2 class="battle-history">Turn 5</h2><div class="spacer battle-history"><br></div><div class="battle-history">The opposing Magearna used <strong>Thunderbolt</strong>!<br></div><div class="battle-history"><small>It's super effective!</small><br></div><div class="battle-history"><small>(Corviknight lost <abbr title="−178/400">44.5%</abbr> of its health!)</small><br></div><div class="spacer battle-history"><br></div><div class="battle-history">Corviknight used <strong>Brave Bird</strong>!<br></div><div class="battle-history"><small>It's not very effective...</small><br></div><div class="battle-history"><small>(The opposing Magearna lost 19% of its health!)</small><br></div><div class="battle-history"><small>Corviknight was damaged by the recoil!</small><br></div><div class="spacer battle-history"><br></div><div class="battle-history"><small>Corviknight restored a little HP using its Leftovers!</small><br></div><div class="spacer battle-history"><br></div><h2 class="battle-history">Turn 6</h2><div class="spacer battle-history"><br></div><div class="battle-history">The opposing Magearna used <strong>Thunderbolt</strong>!<br></div><div class="battle-history"><small>It's super effective!</small><br></div><div class="battle-history"><small>(Corviknight lost <abbr title="−159/400">39.8%</abbr> of its health!)</small><br></div><div class="spacer battle-history"><br></div><div class="battle-history">Corviknight fainted!<br></div><div class="battle-history">[The opposing Magearna's Soul-Heart]<br></div><div class="battle-history"><small>The opposing Magearna's Sp. Atk rose!</small><br></div><div class="chat chatmessage-gravitymonkey mine"><strong style="color:#a3742e"><small>☆</small><span class="username" data-name="Gravity Monkey">Gravity Monkey</span>:</strong> <em>ah merde</em></div><div class="spacer battle-history"><br></div><div class="battle-history">Go! <strong>Reuniclus</strong>!<br></div><div class="spacer battle-history"><br></div><h2 class="battle-history">Turn 7</h2><div class="spacer battle-history"><br></div><div class="battle-history"><small>Reuniclus-Mega's Reunite is reacting to the Key Stone!</small><br>Reuniclus-Mega has Mega Evolved into Mega Reuniclus!<br></div><div class="spacer battle-history"><br></div><div class="battle-history">The opposing Magearna used <strong>Calm Mind</strong>!<br></div><div class="battle-history"><small>The opposing Magearna's Sp. Atk rose!</small><br></div><div class="battle-history"><small>The opposing Magearna's Sp. Def rose!</small><br></div><div class="spacer battle-history"><br></div><div class="battle-history">Reuniclus-Mega used <strong>Superpower</strong>!<br></div><div class="battle-history"><small>A critical hit!</small><br></div><div class="battle-history"><small>(The opposing Magearna lost 27% of its health!)</small><br></div><div class="battle-history">[Reuniclus-Mega's Two-Minded]<br></div><div class="battle-history"><small>Reuniclus-Mega's Sp. Atk rose!</small><br></div><div class="battle-history">[Reuniclus-Mega's Two-Minded]<br></div><div class="battle-history"><small>Reuniclus-Mega's Sp. Def rose!</small><br></div><div class="battle-history"><small>Reuniclus-Mega's Attack fell!</small><br></div><div class="battle-history"><small>Reuniclus-Mega's Defense fell!</small><br></div><div class="spacer battle-history"><br></div><div class="battle-history">The opposing Magearna fainted!<br></div><div class="chat chatmessage-lysion"><strong style="color:#837b25"><small>☆</small><span class="username" data-name="Lysion">Lysion</span>:</strong> <em>Merde</em></div><div class="chat chatmessage-lysion"><strong style="color:#837b25"><small>☆</small><span class="username" data-name="Lysion">Lysion</span>:</strong> <em>Le voilà lui</em></div><div class="spacer battle-history"><br></div><div class="battle-history">Lysion sent out <strong>Clefable</strong>!<br></div><div class="spacer battle-history"><br></div><h2 class="battle-history">Turn 8</h2><div class="spacer battle-history"><br></div><div class="battle-history">The opposing Clefable used <strong>Will-O-Wisp</strong>!<br></div><div class="battle-history"><small>Reuniclus-Mega was burned!</small><br></div><div class="spacer battle-history"><br></div><div class="battle-history">Reuniclus-Mega used <strong>Psycho Boost</strong>!<br></div><div class="battle-history"><small>(The opposing Clefable lost 100% of its health!)</small><br></div><div class="battle-history">[Reuniclus-Mega's Two-Minded]<br></div><div class="battle-history"><small>Reuniclus-Mega's Attack rose sharply!</small><br></div><div class="battle-history"><small>Reuniclus-Mega's Sp. Atk fell harshly!</small><br></div><div class="spacer battle-history"><br></div><div class="battle-history">The opposing Clefable fainted!<br></div><div class="spacer battle-history"><br></div><div class="battle-history"><small>Reuniclus-Mega was hurt by its burn!</small><br></div><div class="spacer battle-history"><br></div><div class="battle-history">Lysion sent out <strong>Rillaboom</strong>!<br></div><div class="battle-history">[The opposing Rillaboom's Grassy Surge]<br><small>Grass grew to cover the battlefield!</small><br></div><div class="spacer battle-history"><br></div><h2 class="battle-history">Turn 9</h2><div class="spacer battle-history"><br></div><div class="battle-history">Reuniclus, come back!<br></div><div class="battle-history">Go! <strong>Garchomp</strong>!<br></div><div class="spacer battle-history"><br></div><div class="battle-history"><small>The opposing Rillaboom-Mega's Rillaboomite is reacting to the Key Stone!</small><br>The opposing Rillaboom-Mega has Mega Evolved into Mega Rillaboom!<br></div><div class="battle-history"><small>The grass disappeared from the battlefield.</small><br></div><div class="battle-history">[The opposing Rillaboom-Mega's Arena Rock]<br><small>Grass grew to cover the battlefield!</small><br></div><div class="spacer battle-history"><br></div><div class="battle-history">The opposing Rillaboom-Mega used <strong>Swords Dance</strong>!<br></div><div class="battle-history"><small>The opposing Rillaboom-Mega's Attack rose sharply!</small><br></div><div class="spacer battle-history"><br></div><h2 class="battle-history">Turn 10</h2><div class="spacer battle-history"><br></div><div class="battle-history">Garchomp used <strong>Fire Fang</strong>!<br></div><div class="battle-history"><small>It's super effective!</small><br></div><div class="battle-history"><small>(The opposing Rillaboom-Mega lost 39% of its health!)</small><br></div><div class="spacer battle-history"><br></div><div class="battle-history">The opposing Rillaboom-Mega used <strong>Knock Off</strong>!<br></div><div class="battle-history"><small>(Garchomp lost <abbr title="−304/357">85.2%</abbr> of its health!)</small><br></div><div class="battle-history">[Garchomp's Rough Skin]<br><small>The opposing Rillaboom-Mega was hurt!</small><br></div><div class="battle-history"><small>The opposing Rillaboom-Mega knocked off Garchomp's Leftovers!</small><br></div><div class="spacer battle-history"><br></div><div class="battle-history"><small>Garchomp's HP was restored.</small><br></div><div class="battle-history"><small>The opposing Rillaboom-Mega's HP was restored.</small><br></div><div class="spacer battle-history"><br></div><h2 class="battle-history">Turn 11</h2><div class="chat chatmessage-gravitymonkey mine"><strong style="color:#a3742e"><small>☆</small><span class="username" data-name="Gravity Monkey">Gravity Monkey</span>:</strong> <em>ouch</em></div><div class="spacer battle-history"><br></div><div class="battle-history">The opposing Rillaboom-Mega used <strong>Grassy Glide</strong>!<br></div><div class="battle-history"><small>(Garchomp lost <abbr title="−75/357">21.0%</abbr> of its health!)</small><br></div><div class="battle-history">[Garchomp's Rough Skin]<br><small>The opposing Rillaboom-Mega was hurt!</small><br></div><div class="spacer battle-history"><br></div><div class="battle-history">Garchomp fainted!<br></div><div class="spacer battle-history"><br></div><div class="battle-history"><small>The opposing Rillaboom-Mega's HP was restored.</small><br></div><div class="spacer battle-history"><br></div><div class="battle-history">Go! <strong>Kartana</strong>!<br></div><div class="spacer battle-history"><br></div><h2 class="battle-history">Turn 12</h2><div class="chat chatmessage-lysion"><strong style="color:#837b25"><small>☆</small><span class="username" data-name="Lysion">Lysion</span>:</strong> <em>C'est tellement violent</em></div><div class="spacer battle-history"><br></div><div class="battle-history">Kartana used <strong>Smart Strike</strong>!<br></div><div class="battle-history"><small>(The opposing Rillaboom-Mega lost 49% of its health!)</small><br></div><div class="spacer battle-history"><br></div><div class="battle-history">The opposing Rillaboom-Mega fainted!<br></div><div class="battle-history"><small>The grass disappeared from the battlefield.</small><br></div><div class="battle-history">[Kartana's Beast Boost]<br></div><div class="battle-history"><small>Kartana's Attack rose!</small><br></div><div class="spacer battle-history"><br></div><div class="battle-history">Lysion sent out <strong>Magnezone</strong>!<br></div><div class="spacer battle-history"><br></div><h2 class="battle-history">Turn 13</h2><div class="spacer battle-history"><br></div><div class="battle-history">Kartana used <strong>Smart Strike</strong>!<br></div><div class="battle-history"><small>It's not very effective...</small><br></div><div class="battle-history"><small>(The opposing Magnezone lost 29% of its health!)</small><br></div><div class="spacer battle-history"><br></div><div class="battle-history">The opposing Magnezone used <strong>Hidden Power</strong>!<br></div><div class="battle-history"><small>It's super effective!</small><br></div><div class="battle-history"><small>(Kartana lost <abbr title="−259/259">100%</abbr> of its health!)</small><br></div><div class="spacer battle-history"><br></div><div class="battle-history">Kartana fainted!<br></div><div class="spacer battle-history"><br></div><div class="battle-history">Go! <strong>Reuniclus-Mega</strong>!<br></div><div class="spacer battle-history"><br></div><h2 class="battle-history">Turn 14</h2><div class="chat chatmessage-lysion"><strong style="color:#837b25"><small>☆</small><span class="username" data-name="Lysion">Lysion</span>:</strong> <em>J'ai mal prép vs Symbiose</em></div><div class="spacer battle-history"><br></div><div class="battle-history">The opposing Magnezone used <strong>Hidden Power</strong>!<br></div><div class="battle-history"><small>(Reuniclus-Mega lost <abbr title="−93/423">22.0%</abbr> of its health!)</small><br></div><div class="spacer battle-history"><br></div><div class="battle-history">Reuniclus-Mega used <strong>Superpower</strong>!<br></div><div class="battle-history"><small>It's super effective!</small><br></div><div class="battle-history"><small>(The opposing Magnezone lost 51% of its health!)</small><br></div><div class="battle-history">[Reuniclus-Mega's Two-Minded]<br></div><div class="battle-history"><small>Reuniclus-Mega's Sp. Atk rose!</small><br></div><div class="battle-history">[Reuniclus-Mega's Two-Minded]<br></div><div class="battle-history"><small>Reuniclus-Mega's Sp. Def rose!</small><br></div><div class="battle-history"><small>Reuniclus-Mega's Attack fell!</small><br></div><div class="battle-history"><small>Reuniclus-Mega's Defense fell!</small><br></div><div class="spacer battle-history"><br></div><div class="battle-history"><small>Reuniclus-Mega was hurt by its burn!</small><br></div><div class="spacer battle-history"><br></div><h2 class="battle-history">Turn 15</h2><div class="spacer battle-history"><br></div><div class="battle-history">The opposing Magnezone used <strong>Hidden Power</strong>!<br></div><div class="battle-history"><small>(Reuniclus-Mega lost <abbr title="−60/423">14.2%</abbr> of its health!)</small><br></div><div class="spacer battle-history"><br></div><div class="battle-history">Reuniclus-Mega used <strong>Shadow Ball</strong>!<br></div><div class="battle-history"><small>(The opposing Magnezone lost 20% of its health!)</small><br></div><div class="spacer battle-history"><br></div><div class="battle-history">The opposing Magnezone fainted!<br></div><div class="spacer battle-history"><br></div><div class="battle-history"><small>Reuniclus-Mega was hurt by its burn!</small><br></div><div class="chat chatmessage-lysion"><strong style="color:#837b25"><small>☆</small><span class="username" data-name="Lysion">Lysion</span>:</strong> <em>Ce truc est méga pété</em></div><div class="spacer battle-history"><br></div><div class="battle-history">Lysion sent out <strong>Excadrill</strong>!<br></div><div class="battle-history">[The opposing Excadrill's Mold Breaker]<br><small>The opposing Excadrill breaks the mold!</small><br></div><div class="spacer battle-history"><br></div><h2 class="battle-history">Turn 16</h2><div class="chat chatmessage-gravitymonkey mine"><strong style="color:#a3742e"><small>☆</small><span class="username" data-name="Gravity Monkey">Gravity Monkey</span>:</strong> <em>en vrai j'avoue</em></div><div class="spacer battle-history"><br></div><div class="battle-history">The opposing Excadrill used <strong>Iron Head</strong>!<br></div><div class="battle-history"><small>(Reuniclus-Mega lost <abbr title="−159/423">37.6%</abbr> of its health!)</small><br></div><div class="spacer battle-history"><br></div><div class="battle-history">Reuniclus-Mega used <strong>Recover</strong>!<br></div><div class="battle-history"><small>Reuniclus-Mega had its HP restored.</small><br></div><div class="spacer battle-history"><br></div><div class="battle-history"><small>Reuniclus-Mega was hurt by its burn!</small><br></div><div class="spacer battle-history"><br></div><h2 class="battle-history">Turn 17</h2><div class="spacer battle-history"><br></div><div class="battle-history">The opposing Excadrill used <strong>Iron Head</strong>!<br></div><div class="battle-history"><small>(Reuniclus-Mega lost <abbr title="−177/423">41.8%</abbr> of its health!)</small><br></div><div class="spacer battle-history"><br></div><div class="battle-history">Reuniclus-Mega used <strong>Recover</strong>!<br></div><div class="battle-history"><small>Reuniclus-Mega had its HP restored.</small><br></div><div class="spacer battle-history"><br></div><div class="battle-history"><small>Reuniclus-Mega was hurt by its burn!</small><br></div><div class="spacer battle-history"><br></div><h2 class="battle-history">Turn 18</h2><div class="spacer battle-history"><br></div><div class="battle-history">The opposing Excadrill used <strong>Iron Head</strong>!<br></div><div class="battle-history"><small>(Reuniclus-Mega lost <abbr title="−177/423">41.8%</abbr> of its health!)</small><br></div><div class="spacer battle-history"><br></div><div class="battle-history">Reuniclus-Mega flinched and couldn't move!<br></div><div class="spacer battle-history"><br></div><div class="battle-history"><small>Reuniclus-Mega was hurt by its burn!</small><br></div><div class="spacer battle-history"><br></div><h2 class="battle-history">Turn 19</h2><div class="spacer battle-history"><br></div><div class="battle-history">The opposing Excadrill used <strong>Iron Head</strong>!<br></div><div class="battle-history"><small>(Reuniclus-Mega lost <abbr title="−25/423">5.9%</abbr> of its health!)</small><br></div><div class="spacer battle-history"><br></div><div class="battle-history">Reuniclus-Mega fainted!<br></div><div class="spacer battle-history"><br></div><div class="battle-history">Go! <strong>Togekiss</strong>!<br></div><div class="spacer battle-history"><br></div><h2 class="battle-history">Turn 20</h2><div class="chat chatmessage-lysion"><strong style="color:#837b25"><small>☆</small><span class="username" data-name="Lysion">Lysion</span>:</strong> <em>Bah déso</em></div><div class="spacer battle-history"><br></div><div class="battle-history">Togekiss used <strong>Flamethrower</strong>!<br></div><div class="battle-history"><small>It's super effective!</small><br></div><div class="battle-history"><small>(The opposing Excadrill lost 54% of its health!)</small><br></div><div class="spacer battle-history"><br></div><div class="battle-history">The opposing Excadrill used <strong>Iron Head</strong>!<br></div><div class="battle-history"><small>It's super effective!</small><br></div><div class="battle-history"><small>(Togekiss lost <abbr title="−258/311">83.0%</abbr> of its health!)</small><br></div><div class="spacer battle-history"><br></div><div class="battle-history"><small>The opposing Excadrill restored a little HP using its Leftovers!</small><br></div><div class="spacer battle-history"><br></div><h2 class="battle-history">Turn 21</h2><div class="chat chatmessage-gravitymonkey mine"><strong style="color:#a3742e"><small>☆</small><span class="username" data-name="Gravity Monkey">Gravity Monkey</span>:</strong> <em>nn tkt</em></div><div class="chat chatmessage-gravitymonkey mine"><strong style="color:#a3742e"><small>☆</small><span class="username" data-name="Gravity Monkey">Gravity Monkey</span>:</strong> <em>jfais deux truc en mm temps j'arrive pas à réfléchir mdr</em></div><div class="spacer battle-history"><br></div><div class="battle-history">Lysion withdrew Excadrill!<br></div><div class="battle-history">Lysion sent out <strong>Toxapex</strong>!<br></div><div class="spacer battle-history"><br></div><div class="battle-history">Togekiss used <strong>Flamethrower</strong>!<br></div><div class="battle-history"><small>It's not very effective...</small><br></div><div class="battle-history"><small>(The opposing Toxapex lost 12% of its health!)</small><br></div><div class="spacer battle-history"><br></div><div class="battle-history"><small>The opposing Toxapex restored a little HP using its Black Sludge!</small><br></div><div class="spacer battle-history"><br></div><h2 class="battle-history">Turn 22</h2><div class="spacer battle-history"><br></div><div class="battle-history">Togekiss, come back!<br></div><div class="battle-history">Go! <strong>Clefable</strong>!<br></div><div class="spacer battle-history"><br></div><div class="battle-history">The opposing Toxapex used <strong>Scald</strong>!<br></div><div class="battle-history"><small>(Clefable lost <abbr title="−64/394">16.2%</abbr> of its health!)</small><br></div><div class="spacer battle-history"><br></div><div class="battle-history"><small>Clefable restored a little HP using its Leftovers!</small><br></div><div class="battle-history"><small>The opposing Toxapex restored a little HP using its Black Sludge!</small><br></div><div class="spacer battle-history"><br></div><h2 class="battle-history">Turn 23</h2><div class="spacer battle-history"><br></div><div class="battle-history">The opposing Toxapex used <strong>Scald</strong>!<br></div><div class="battle-history"><small>(Clefable lost <abbr title="−58/394">14.7%</abbr> of its health!)</small><br></div><div class="spacer battle-history"><br></div><div class="battle-history">Clefable used <strong>Teleport</strong>!<br></div><div class="spacer battle-history"><br></div><div class="battle-history">Clefable, come back!<br></div><div class="battle-history">Go! <strong>Togekiss</strong>!<br></div><div class="spacer battle-history"><br></div><h2 class="battle-history">Turn 24</h2><div class="spacer battle-history"><br></div><div class="battle-history">Togekiss, come back!<br></div><div class="battle-history">Go! <strong>Clefable</strong>!<br></div><div class="spacer battle-history"><br></div><div class="battle-history">The opposing Toxapex used <strong>Scald</strong>!<br></div><div class="battle-history"><small>(Clefable lost <abbr title="−66/394">16.8%</abbr> of its health!)</small><br></div><div class="spacer battle-history"><br></div><div class="battle-history"><small>Clefable restored a little HP using its Leftovers!</small><br></div><div class="spacer battle-history"><br></div><h2 class="battle-history">Turn 25</h2><div class="spacer battle-history"><br></div><div class="battle-history">Clefable used <strong>Wish</strong>!<br></div><div class="spacer battle-history"><br></div><div class="battle-history">The opposing Toxapex used <strong>Scald</strong>!<br></div><div class="battle-history"><small>A critical hit!</small><br></div><div class="battle-history"><small>(Clefable lost <abbr title="−85/394">21.6%</abbr> of its health!)</small><br></div><div class="spacer battle-history"><br></div><div class="battle-history"><small>Clefable restored a little HP using its Leftovers!</small><br></div><div class="spacer battle-history"><br></div><h2 class="battle-history">Turn 26</h2><div class="spacer battle-history"><br></div><div class="battle-history">The opposing Toxapex used <strong>Scald</strong>!<br></div><div class="battle-history"><small>(Clefable lost <abbr title="−58/394">14.7%</abbr> of its health!)</small><br></div><div class="spacer battle-history"><br></div><div class="battle-history">Clefable used <strong>Teleport</strong>!<br></div><div class="spacer battle-history"><br></div><div class="battle-history">Clefable, come back!<br></div><div class="battle-history">Go! <strong>Togekiss</strong>!<br></div><div class="spacer battle-history"><br></div><div class="battle-history"><small>Clefable's wish came true!</small><br></div><div class="spacer battle-history"><br></div><h2 class="battle-history">Turn 27</h2><div class="spacer battle-history"><br></div><div class="battle-history">Togekiss, come back!<br></div><div class="battle-history">Go! <strong>Clefable</strong>!<br></div><div class="spacer battle-history"><br></div><div class="battle-history">Lysion withdrew Toxapex!<br></div><div class="battle-history">Lysion sent out <strong>Excadrill</strong>!<br></div><div class="battle-history">[The opposing Excadrill's Mold Breaker]<br><small>The opposing Excadrill breaks the mold!</small><br></div><div class="spacer battle-history"><br></div><div class="battle-history"><small>The opposing Excadrill restored a little HP using its Leftovers!</small><br></div><div class="battle-history"><small>Clefable restored a little HP using its Leftovers!</small><br></div><div class="spacer battle-history"><br></div><h2 class="battle-history">Turn 28</h2><div class="spacer battle-history"><br></div><div class="battle-history">Clefable used <strong>Protect</strong>!<br></div><div class="battle-history"><small>Clefable protected itself!</small><br></div><div class="spacer battle-history"><br></div><div class="battle-history">The opposing Excadrill used <strong>Iron Head</strong>!<br></div><div class="battle-history"><small>Clefable protected itself!</small><br></div><div class="spacer battle-history"><br></div><div class="battle-history"><small>The opposing Excadrill restored a little HP using its Leftovers!</small><br></div><div class="battle-history"><small>Clefable restored a little HP using its Leftovers!</small><br></div><div class="spacer battle-history"><br></div><h2 class="battle-history">Turn 29</h2><div class="spacer battle-history"><br></div><div class="battle-history">The opposing Excadrill used <strong>Rapid Spin</strong>!<br></div><div class="battle-history"><small>(Clefable lost <abbr title="−46/394">11.7%</abbr> of its health!)</small><br></div><div class="battle-history"><small>The opposing Excadrill's Speed rose!</small><br></div><div class="spacer battle-history"><br></div><div class="battle-history">Clefable used <strong>Teleport</strong>!<br></div><div class="spacer battle-history"><br></div><div class="battle-history">Clefable, come back!<br></div><div class="battle-history">Go! <strong>Togekiss</strong>!<br></div><div class="spacer battle-history"><br></div><div class="battle-history"><small>The opposing Excadrill restored a little HP using its Leftovers!</small><br></div><div class="spacer battle-history"><br></div><h2 class="battle-history">Turn 30</h2><div class="chat chatmessage-gravitymonkey mine"><strong style="color:#a3742e"><small>☆</small><span class="username" data-name="Gravity Monkey">Gravity Monkey</span>:</strong> <em>gg</em></div><div class="spacer battle-history"><br></div><div class="battle-history">Togekiss used <strong>Flamethrower</strong>!<br></div><div class="battle-history"><small>It's super effective!</small><br></div><div class="battle-history"><small>(The opposing Excadrill lost 56% of its health!)</small><br></div><div class="battle-history"><small>The opposing Excadrill was burned!</small><br></div><div class="spacer battle-history"><br></div><div class="battle-history">The opposing Excadrill used <strong>Iron Head</strong>!<br></div><div class="battle-history"><small>It's super effective!</small><br></div><div class="battle-history"><small>(Togekiss lost <abbr title="−123/311">39.5%</abbr> of its health!)</small><br></div><div class="spacer battle-history"><br></div><div class="battle-history"><small>The opposing Excadrill restored a little HP using its Leftovers!</small><br></div><div class="battle-history"><small>The opposing Excadrill was hurt by its burn!</small><br></div><div class="spacer battle-history"><br></div><h2 class="battle-history">Turn 31</h2><div class="chat chatmessage-gravitymonkey mine"><strong style="color:#a3742e"><small>☆</small><span class="username" data-name="Gravity Monkey">Gravity Monkey</span>:</strong> <em>ahh</em></div><div class="chat chatmessage-lysion"><strong style="color:#837b25"><small>☆</small><span class="username" data-name="Lysion">Lysion</span>:</strong> <em>Wesh d'où t'es plus rapide que moi à+1 ?</em></div><div class="spacer battle-history"><br></div><div class="battle-history">Togekiss used <strong>Flamethrower</strong>!<br></div><div class="battle-history"><small>It's super effective!</small><br></div><div class="battle-history"><small>(The opposing Excadrill lost 14% of its health!)</small><br></div><div class="spacer battle-history"><br></div><div class="battle-history">The opposing Excadrill fainted!<br></div><div class="spacer battle-history"><br></div><div class="battle-history">Lysion sent out <strong>Toxapex</strong>!<br></div><div class="spacer battle-history"><br></div><h2 class="battle-history">Turn 32</h2><div class="chat chatmessage-gravitymonkey mine"><strong style="color:#a3742e"><small>☆</small><span class="username" data-name="Gravity Monkey">Gravity Monkey</span>:</strong> <em>est-ce que t'es max speed?</em></div><div class="spacer battle-history"><br></div><div class="battle-history">Togekiss, come back!<br></div><div class="battle-history">Go! <strong>Clefable</strong>!<br></div><div class="spacer battle-history"><br></div><div class="battle-history">The opposing Toxapex used <strong>Scald</strong>!<br></div><div class="battle-history"><small>(Clefable lost <abbr title="−63/394">16.0%</abbr> of its health!)</small><br></div><div class="spacer battle-history"><br></div><div class="battle-history"><small>Clefable restored a little HP using its Leftovers!</small><br></div><div class="spacer battle-history"><br></div><h2 class="battle-history">Turn 33</h2><div class="spacer battle-history"><br></div><div class="battle-history">Clefable used <strong>Protect</strong>!<br></div><div class="battle-history"><small>Clefable protected itself!</small><br></div><div class="spacer battle-history"><br></div><div class="battle-history">The opposing Toxapex used <strong>Scald</strong>!<br></div><div class="battle-history"><small>Clefable protected itself!</small><br></div><div class="spacer battle-history"><br></div><div class="battle-history"><small>Clefable restored a little HP using its Leftovers!</small><br></div><div class="spacer battle-history"><br></div><h2 class="battle-history">Turn 34</h2><div class="spacer battle-history"><br></div><div class="battle-history">Clefable used <strong>Wish</strong>!<br></div><div class="spacer battle-history"><br></div><div class="battle-history">The opposing Toxapex used <strong>Scald</strong>!<br></div><div class="battle-history"><small>(Clefable lost <abbr title="−64/394">16.2%</abbr> of its health!)</small><br></div><div class="spacer battle-history"><br></div><div class="battle-history"><small>Clefable restored a little HP using its Leftovers!</small><br></div><div class="spacer battle-history"><br></div><h2 class="battle-history">Turn 35</h2><div class="chat chatmessage-lysion"><strong style="color:#837b25"><small>☆</small><span class="username" data-name="Lysion">Lysion</span>:</strong> <em>Nope</em></div><div class="spacer battle-history"><br></div><div class="battle-history">Clefable used <strong>Protect</strong>!<br></div><div class="battle-history"><small>Clefable protected itself!</small><br></div><div class="spacer battle-history"><br></div><div class="battle-history">The opposing Toxapex used <strong>Scald</strong>!<br></div><div class="battle-history"><small>Clefable protected itself!</small><br></div><div class="spacer battle-history"><br></div><div class="battle-history"><small>Clefable's wish came true!</small><br></div><div class="battle-history"><small>Clefable restored a little HP using its Leftovers!</small><br></div><div class="spacer battle-history"><br></div><h2 class="battle-history">Turn 36</h2><div class="chat chatmessage-gravitymonkey mine"><strong style="color:#a3742e"><small>☆</small><span class="username" data-name="Gravity Monkey">Gravity Monkey</span>:</strong> <em>ahh voilà</em></div><div class="chat chatmessage-lysion"><strong style="color:#837b25"><small>☆</small><span class="username" data-name="Lysion">Lysion</span>:</strong> <em>Scarf mdr</em></div><div class="spacer battle-history"><br></div><div class="battle-history">Clefable used <strong>Wish</strong>!<br></div><div class="spacer battle-history"><br></div><div class="battle-history">The opposing Toxapex used <strong>Scald</strong>!<br></div><div class="battle-history"><small>(Clefable lost <abbr title="−57/394">14.5%</abbr> of its health!)</small><br></div><div class="spacer battle-history"><br></div><div class="battle-history"><small>Clefable restored a little HP using its Leftovers!</small><br></div><div class="spacer battle-history"><br></div><h2 class="battle-history">Turn 37</h2><div class="chat chatmessage-lysion"><strong style="color:#837b25"><small>☆</small><span class="username" data-name="Lysion">Lysion</span>:</strong> <em>C'est n'importe quoi comme set mdr</em></div><div class="spacer battle-history"><br></div><div class="battle-history">Clefable used <strong>Moonblast</strong>!<br></div><div class="battle-history"><small>It's not very effective...</small><br></div><div class="battle-history"><small>(The opposing Toxapex lost 13% of its health!)</small><br></div><div class="spacer battle-history"><br></div><div class="battle-history">The opposing Toxapex used <strong>Scald</strong>!<br></div><div class="battle-history"><small>(Clefable lost <abbr title="−61/394">15.5%</abbr> of its health!)</small><br></div><div class="spacer battle-history"><br></div><div class="battle-history"><small>Clefable's wish came true!</small><br></div><div class="battle-history"><small>Clefable restored a little HP using its Leftovers!</small><br></div><div class="battle-history"><small>The opposing Toxapex restored a little HP using its Black Sludge!</small><br></div><div class="spacer battle-history"><br></div><h2 class="battle-history">Turn 38</h2><div class="chat chatmessage-lysion"><strong style="color:#837b25"><small>☆</small><span class="username" data-name="Lysion">Lysion</span>:</strong> <em>GG</em></div><div class="spacer battle-history"><br></div><div class="battle-history"><small>Lysion forfeited.</small><br></div><div class="spacer battle-history"><br></div><div class="battle-history"><strong>Gravity Monkey</strong> won the battle!<br></div><div class="chat chatmessage-lysion"><strong style="color:#837b25"><small>☆</small><span class="username" data-name="Lysion">Lysion</span>:</strong> <em>Je vais marquer une PSA</em></div><div class="chat chatmessage-gravitymonkey mine"><strong style="color:#a3742e"><small>☆</small><span class="username" data-name="Gravity Monkey">Gravity Monkey</span>:</strong> <em>bah de quoi c'est nimp? x)</em></div><div class="chat chatmessage-lysion"><strong style="color:#837b25"><small>☆</small><span class="username" data-name="Lysion">Lysion</span>:</strong> <em>X)</em></div><div class="chat chatmessage-lysion"><strong style="color:#837b25"><small>☆</small><span class="username" data-name="Lysion">Lysion</span>:</strong> <em>Laisse moi rager X)</em></div></div><div class="inner-preempt message-log"></div></div></div>
</div>
<script>
let daily = Math.floor(Date.now()/1000/60/60/24);document.write('<script src="https://play.pokemonshowdown.com/js/replay-embed.js?version'+daily+'"></'+'script>');
</script>
