<!DOCTYPE html>
<meta charset="utf-8" />
<!-- version 1 -->
<title>[Gen 8] Megas for All replay: BotwNerd745 vs. H2OPulse</title>
<style>
html,body {font-family:Verdana, sans-serif;font-size:10pt;margin:0;padding:0;}body{padding:12px 0;} .battle-log {font-family:Verdana, sans-serif;font-size:10pt;} .battle-log-inline {border:1px solid #AAAAAA;background:#EEF2F5;color:black;max-width:640px;margin:0 auto 80px;padding-bottom:5px;} .battle-log .inner {padding:4px 8px 0px 8px;} .battle-log .inner-preempt {padding:0 8px 4px 8px;} .battle-log .inner-after {margin-top:0.5em;} .battle-log h2 {margin:0.5em -8px;padding:4px 8px;border:1px solid #AAAAAA;background:#E0E7EA;border-left:0;border-right:0;font-family:Verdana, sans-serif;font-size:13pt;} .battle-log .chat {vertical-align:middle;padding:3px 0 3px 0;font-size:8pt;} .battle-log .chat strong {color:#40576A;} .battle-log .chat em {padding:1px 4px 1px 3px;color:#000000;font-style:normal;} .chat.mine {background:rgba(0,0,0,0.05);margin-left:-8px;margin-right:-8px;padding-left:8px;padding-right:8px;} .spoiler {color:#BBBBBB;background:#BBBBBB;padding:0px 3px;} .spoiler:hover, .spoiler:active, .spoiler-shown {color:#000000;background:#E2E2E2;padding:0px 3px;} .spoiler a {color:#BBBBBB;} .spoiler:hover a, .spoiler:active a, .spoiler-shown a {color:#2288CC;} .chat code, .chat .spoiler:hover code, .chat .spoiler:active code, .chat .spoiler-shown code {border:1px solid #C0C0C0;background:#EEEEEE;color:black;padding:0 2px;} .chat .spoiler code {border:1px solid #CCCCCC;background:#CCCCCC;color:#CCCCCC;} .battle-log .rated {padding:3px 4px;} .battle-log .rated strong {color:white;background:#89A;padding:1px 4px;border-radius:4px;} .spacer {margin-top:0.5em;} .message-announce {background:#6688AA;color:white;padding:1px 4px 2px;} .message-announce a, .broadcast-green a, .broadcast-blue a, .broadcast-red a {color:#DDEEFF;} .broadcast-green {background-color:#559955;color:white;padding:2px 4px;} .broadcast-blue {background-color:#6688AA;color:white;padding:2px 4px;} .infobox {border:1px solid #6688AA;padding:2px 4px;} .infobox-limited {max-height:200px;overflow:auto;overflow-x:hidden;} .broadcast-red {background-color:#AA5544;color:white;padding:2px 4px;} .message-learn-canlearn {font-weight:bold;color:#228822;text-decoration:underline;} .message-learn-cannotlearn {font-weight:bold;color:#CC2222;text-decoration:underline;} .message-effect-weak {font-weight:bold;color:#CC2222;} .message-effect-resist {font-weight:bold;color:#6688AA;} .message-effect-immune {font-weight:bold;color:#666666;} .message-learn-list {margin-top:0;margin-bottom:0;} .message-throttle-notice, .message-error {color:#992222;} .message-overflow, .chat small.message-overflow {font-size:0pt;} .message-overflow::before {font-size:9pt;content:'...';} .subtle {color:#3A4A66;}
</style>
<div class="wrapper replay-wrapper" style="max-width:1180px;margin:0 auto">
<input type="hidden" name="replayid" value="dragonheaven-gen8megasforall-5192" />
<div class="battle"></div><div class="battle-log"></div><div class="replay-controls"></div><div class="replay-controls-2"></div>
<h1 style="font-weight:normal;text-align:center"><strong>[Gen 8] Megas for All</strong><br /><a href="http://pokemonshowdown.com/users/botwnerd745" class="subtle" target="_blank">BotwNerd745</a> vs. <a href="http://pokemonshowdown.com/users/h2opulse" class="subtle" target="_blank">H2OPulse</a></h1>
<script type="text/plain" class="battle-log-data">|j|☆BotwNerd745
|j|☆H2OPulse


|player|p1|BotwNerd745|hilda-dueldisk|


|player|p2|H2OPulse|aetherfoundation|
|teamsize|p1|6
|teamsize|p2|6
|gametype|singles
|gen|8
|tier|[Gen 8] Megas for All
|clearpoke
|poke|p1|Garbodor, F|
|poke|p1|Clefable, M|
|poke|p1|Golisopod, F|
|poke|p1|Incineroar, M|
|poke|p1|Toxtricity, F|
|poke|p1|Sableye, F|
|poke|p2|Clefable, M|
|poke|p2|Vaporeon, F|
|poke|p2|Silvally-*|
|poke|p2|Gliscor, M|
|poke|p2|Hydreigon, F|
|poke|p2|Centiskorch, F|
|rule|HP Percentage Mod: HP is shown in percentages
|rule|Endless Battle Clause: Forcing endless battles is banned
|rule|OHKO Clause: OHKO moves are banned
|rule|Evasion Moves Clause: Evasion moves are banned
|rule|Species Clause: Limit one of each Pokémon
|rule|Dynamax Clause: You cannot dynamax
|rule|Sleep Clause Mod: Limit one foe put to sleep
|teampreview


|c|☆H2OPulse|Good luck and have fun : D


|c|☆BotwNerd745|You too


|
|start
|switch|p1a: Garbodor|Garbodor, F|100\/100
|switch|p2a: Hemlock|Clefable, M|394\/394
|turn|1


|
|switch|p2a: Gigas|Silvally-Steel|331\/331
|move|p1a: Garbodor|Stealth Rock|p2a: Gigas
|-sidestart|p2: H2OPulse|move: Stealth Rock
|
|upkeep
|turn|2


|
|move|p2a: Gigas|Thunder Wave|p1a: Garbodor
|-status|p1a: Garbodor|par
|move|p1a: Garbodor|Toxic Spikes|p2a: Gigas
|-sidestart|p2: H2OPulse|move: Toxic Spikes
|
|upkeep
|turn|3


|
|move|p2a: Gigas|Defog|p1a: Garbodor
|-unboost|p1a: Garbodor|evasion|1
|-sideend|p2: H2OPulse|Toxic Spikes|[from] move: Defog|[of] p2a: Gigas
|-sideend|p2: H2OPulse|Stealth Rock|[from] move: Defog|[of] p2a: Gigas
|cant|p1a: Garbodor|par
|
|upkeep
|turn|4


|
|move|p2a: Gigas|Multi-Attack|p1a: Garbodor
|-damage|p1a: Garbodor|41\/100 par
|move|p1a: Garbodor|Knock Off|p2a: Gigas
|-damage|p2a: Gigas|262\/331
|
|upkeep
|turn|5


|
|move|p2a: Gigas|Multi-Attack|p1a: Garbodor
|-damage|p1a: Garbodor|0 fnt
|-damage|p2a: Gigas|180\/331|[from] ability: Aftermath|[of] p1a: Garbodor
|faint|p1a: Garbodor
|
|upkeep


|
|switch|p1a: Mittens|Incineroar, M|100\/100
|-ability|p1a: Mittens|Intimidate|boost
|-unboost|p2a: Gigas|atk|1
|turn|6


|
|move|p2a: Gigas|U-turn|p1a: Mittens
|-damage|p1a: Mittens|87\/100


|
|switch|p2a: Sansevieria|Hydreigon, F|325\/325
|move|p1a: Mittens|Will-O-Wisp|p2a: Sansevieria
|-status|p2a: Sansevieria|brn
|
|-damage|p2a: Sansevieria|305\/325 brn|[from] brn
|upkeep
|turn|7


|
|move|p2a: Sansevieria|Nasty Plot|p2a: Sansevieria
|-boost|p2a: Sansevieria|spa|2
|move|p1a: Mittens|Darkest Lariat|p2a: Sansevieria
|-resisted|p2a: Sansevieria
|-damage|p2a: Sansevieria|230\/325 brn
|
|-damage|p2a: Sansevieria|210\/325 brn|[from] brn
|upkeep
|turn|8


|c|☆BotwNerd745|My brain deactivated for a moment there


|
|switch|p1a: Bubblegum|Clefable, M|100\/100
|move|p2a: Sansevieria|Draco Meteor|p1a: Bubblegum
|-immune|p1a: Bubblegum
|
|-damage|p2a: Sansevieria|190\/325 brn|[from] brn
|upkeep
|turn|9


|c|☆H2OPulse|yeah this is why I should be running Flash Cannon


|c|☆H2OPulse|oops


|
|switch|p2a: Hemlock|Clefable, M|394\/394
|detailschange|p1a: Bubblegum|Clefable-Mega, M
|-mega|p1a: Bubblegum|Clefable|Clefabite
|move|p1a: Bubblegum|Encore||[still]
|-fail|p1a: Bubblegum
|
|upkeep
|turn|10


|c|☆H2OPulse|Oh! Convenient


|c|☆H2OPulse|I wouldn't have wanted to stay in regardless :'D


|
|detailschange|p2a: Hemlock|Clefable-Mega, M
|-mega|p2a: Hemlock|Clefable|Clefabite
|move|p1a: Bubblegum|Will-O-Wisp|p2a: Hemlock
|-status|p2a: Hemlock|brn
|move|p2a: Hemlock|Curse|p1a: Bubblegum
|-start|p1a: Bubblegum|Curse|[of] p2a: Hemlock
|-damage|p2a: Hemlock|197\/394 brn
|
|-damage|p2a: Hemlock|173\/394 brn|[from] brn
|-damage|p1a: Bubblegum|76\/100|[from] Curse
|upkeep
|turn|11


|
|switch|p2a: Phace|Gliscor, M|352\/352
|switch|p1a: vroom vroom|Toxtricity, F|100\/100
|-item|p1a: vroom vroom|Air Balloon
|
|-status|p2a: Phace|tox|[from] item: Toxic Orb
|upkeep
|turn|12


|
|switch|p1a: Bigassrolypoly|Golisopod, F|100\/100
|move|p2a: Phace|Knock Off|p1a: Bigassrolypoly
|-damage|p1a: Bigassrolypoly|84\/100
|-enditem|p1a: Bigassrolypoly|Sitrus Berry|[from] move: Knock Off|[of] p2a: Phace
|
|upkeep
|turn|13


|c|☆H2OPulse|I very very nearly used Earthquake on your Air Balloon Toxtricity that would have been bad


|
|switch|p2a: Cattail|Vaporeon, F|464\/464
|move|p1a: Bigassrolypoly|Liquidation|p2a: Cattail
|-immune|p2a: Cattail|[from] ability: Water Absorb
|
|upkeep
|turn|14


|
|move|p2a: Cattail|Toxic|p1a: Bigassrolypoly
|-status|p1a: Bigassrolypoly|tox
|move|p1a: Bigassrolypoly|Leech Life|p2a: Cattail
|-crit|p2a: Cattail
|-damage|p2a: Cattail|133\/464
|-heal|p1a: Bigassrolypoly|100\/100 tox|[from] drain|[of] p2a: Cattail
|
|-heal|p2a: Cattail|162\/464|[from] item: Leftovers
|-damage|p1a: Bigassrolypoly|94\/100 tox|[from] psn
|upkeep
|turn|15


|c|☆BotwNerd745|Why


|c|☆H2OPulse|That did a LOT


|
|switch|p1a: vroom vroom|Toxtricity, F|100\/100
|-item|p1a: vroom vroom|Air Balloon
|move|p2a: Cattail|Flip Turn|p1a: vroom vroom
|-damage|p1a: vroom vroom|81\/100
|-enditem|p1a: vroom vroom|Air Balloon


|
|switch|p2a: Phace|Gliscor, M|352\/352 tox
|
|upkeep
|turn|16


|
|switch|p1a: Bigassrolypoly|Golisopod, F|94\/100 tox
|move|p2a: Phace|Earthquake|p1a: Bigassrolypoly
|-resisted|p1a: Bigassrolypoly
|-damage|p1a: Bigassrolypoly|80\/100 tox
|
|-damage|p1a: Bigassrolypoly|74\/100 tox|[from] psn
|upkeep
|turn|17


|
|switch|p2a: Cattail|Vaporeon, F|162\/464
|move|p1a: Bigassrolypoly|First Impression|p2a: Cattail
|-crit|p2a: Cattail
|-damage|p2a: Cattail|0 fnt
|faint|p2a: Cattail
|
|-damage|p1a: Bigassrolypoly|62\/100 tox|[from] psn
|upkeep


|c|☆BotwNerd745|Wow what’s with the crits 


|
|switch|p2a: Sansevieria|Hydreigon, F|190\/325 brn
|turn|18


|c|☆BotwNerd745|that one might not have mattered


|
|move|p2a: Sansevieria|Flamethrower|p1a: Bigassrolypoly
|-damage|p1a: Bigassrolypoly|17\/100 tox
|-activate|p1a: Bigassrolypoly|ability: Emergency Exit
|-damage|p2a: Sansevieria|158\/325 brn|[from] item: Life Orb


|c|☆H2OPulse|Yeah probably not :'D


|
|switch|p1a: Bubblegum|Clefable-Mega, M|76\/100
|
|-damage|p2a: Sansevieria|138\/325 brn|[from] brn
|upkeep
|turn|19


|
|switch|p2a: Pyracantha|Centiskorch, F|379\/379
|move|p1a: Bubblegum|Moonblast|p2a: Pyracantha
|-resisted|p2a: Pyracantha
|-damage|p2a: Pyracantha|284\/379
|-unboost|p2a: Pyracantha|spa|1
|
|upkeep
|turn|20


|c|☆BotwNerd745|this is why I should run shadow ball and not hex 


|
|switch|p1a: Mittens|Incineroar, M|87\/100
|-ability|p1a: Mittens|Intimidate|boost
|-unboost|p2a: Pyracantha|atk|1
|move|p2a: Pyracantha|Inferno|p1a: Mittens|[miss]
|-miss|p2a: Pyracantha|p1a: Mittens
|-enditem|p2a: Pyracantha|Blunder Policy
|-boost|p2a: Pyracantha|spe|2
|
|upkeep
|turn|21


|
|move|p2a: Pyracantha|Substitute|p2a: Pyracantha
|-start|p2a: Pyracantha|Substitute
|-damage|p2a: Pyracantha|190\/379
|-zpower|p1a: Mittens
|move|p1a: Mittens|Z-Parting Shot|p2a: Pyracantha|[anim]Parting Shot
|-unboost|p2a: Pyracantha|atk|1
|-unboost|p2a: Pyracantha|spa|1
|-activate|p1a: Mittens|healreplacement


|
|switch|p1a: Bigassrolypoly|Golisopod, F|17\/100 tox|[from]move: Parting Shot
|-heal|p1a: Bigassrolypoly|100\/100 tox|[from] move: Parting Shot|[zeffect]
|
|-damage|p1a: Bigassrolypoly|94\/100 tox|[from] psn
|upkeep
|turn|22


|
|move|p2a: Pyracantha|Inferno|p1a: Bigassrolypoly
|-damage|p1a: Bigassrolypoly|77\/100 tox
|move|p1a: Bigassrolypoly|Liquidation|p2a: Pyracantha
|-supereffective|p2a: Pyracantha
|-crit|p2a: Pyracantha
|-end|p2a: Pyracantha|Substitute
|
|-damage|p1a: Bigassrolypoly|65\/100 tox|[from] psn
|upkeep
|turn|23


|c|☆BotwNerd745|why the crits


|c|☆H2OPulse|Oh right you're already uh


|c|☆H2OPulse|... I'm not playing very well tonight huh :'D


|
|switch|p2a: Gigas|Silvally-Steel|180\/331
|move|p1a: Bigassrolypoly|Liquidation|p2a: Gigas
|-damage|p2a: Gigas|12\/331
|
|-damage|p1a: Bigassrolypoly|46\/100 tox|[from] psn
|-activate|p1a: Bigassrolypoly|ability: Emergency Exit
|upkeep


|
|switch|p1a: Sneaky II|Sableye, F|100\/100
|turn|24


|
|move|p2a: Gigas|Thunder Wave|p1a: Sneaky II
|-status|p1a: Sneaky II|par
|cant|p1a: Sneaky II|par
|
|upkeep
|turn|25


|
|move|p1a: Sneaky II|Encore|p2a: Gigas
|-start|p2a: Gigas|Encore
|move|p2a: Gigas|Thunder Wave|p1a: Sneaky II
|-fail|p1a: Sneaky II|par
|
|upkeep
|turn|26


|
|switch|p2a: Sansevieria|Hydreigon, F|138\/325 brn
|move|p1a: Sneaky II|Foul Play|p2a: Sansevieria
|-resisted|p2a: Sansevieria
|-damage|p2a: Sansevieria|92\/325 brn
|
|-damage|p2a: Sansevieria|72\/325 brn|[from] brn
|upkeep
|turn|27


|
|switch|p1a: Bigassrolypoly|Golisopod, F|46\/100 tox
|move|p2a: Sansevieria|Roost|p2a: Sansevieria
|-heal|p2a: Sansevieria|235\/325 brn
|-singleturn|p2a: Sansevieria|move: Roost
|
|-damage|p2a: Sansevieria|215\/325 brn|[from] brn
|-damage|p1a: Bigassrolypoly|40\/100 tox|[from] psn
|upkeep
|turn|28


|
|switch|p2a: Phace|Gliscor, M|352\/352 tox
|move|p1a: Bigassrolypoly|Leech Life|p2a: Phace
|-resisted|p2a: Phace
|-damage|p2a: Phace|287\/352 tox
|-heal|p1a: Bigassrolypoly|49\/100 tox|[from] drain|[of] p2a: Phace
|
|-heal|p2a: Phace|331\/352 tox|[from] ability: Poison Heal
|-damage|p1a: Bigassrolypoly|37\/100 tox|[from] psn
|upkeep
|turn|29


|
|move|p2a: Phace|U-turn|p1a: Bigassrolypoly
|-damage|p1a: Bigassrolypoly|24\/100 tox


|
|switch|p2a: Pyracantha|Centiskorch, F|190\/379
|move|p1a: Bigassrolypoly|Liquidation|p2a: Pyracantha
|-supereffective|p2a: Pyracantha
|-crit|p2a: Pyracantha
|-damage|p2a: Pyracantha|0 fnt
|faint|p2a: Pyracantha
|
|-damage|p1a: Bigassrolypoly|6\/100 tox|[from] psn
|upkeep


|
|switch|p2a: Hemlock|Clefable-Mega, M|173\/394 brn
|turn|30


|c|☆BotwNerd745|stop with the crits golisopod oh my god


|
|move|p2a: Hemlock|Moonlight|p2a: Hemlock
|-heal|p2a: Hemlock|370\/394 brn
|move|p1a: Bigassrolypoly|Liquidation|p2a: Hemlock
|-damage|p2a: Hemlock|189\/394 brn
|
|-damage|p2a: Hemlock|165\/394 brn|[from] brn
|-damage|p1a: Bigassrolypoly|0 fnt|[from] psn
|faint|p1a: Bigassrolypoly
|upkeep


|
|switch|p1a: vroom vroom|Toxtricity, F|81\/100
|turn|31


|
|move|p2a: Hemlock|Moonlight|p2a: Hemlock
|-heal|p2a: Hemlock|362\/394 brn
|move|p1a: vroom vroom|Sludge Bomb|p2a: Hemlock
|-damage|p2a: Hemlock|190\/394 brn
|
|-damage|p2a: Hemlock|166\/394 brn|[from] brn
|upkeep
|turn|32


|
|switch|p2a: Gigas|Silvally-Steel|12\/331
|move|p1a: vroom vroom|Sludge Bomb|p2a: Gigas
|-immune|p2a: Gigas
|
|upkeep
|turn|33


|
|move|p2a: Gigas|Multi-Attack|p1a: vroom vroom
|-resisted|p1a: vroom vroom
|-damage|p1a: vroom vroom|48\/100
|move|p1a: vroom vroom|Overdrive|p2a: Gigas
|-damage|p2a: Gigas|0 fnt
|faint|p2a: Gigas
|
|upkeep


|
|switch|p2a: Phace|Gliscor, M|331\/352 tox
|turn|34


|
|move|p2a: Phace|Earthquake|p1a: vroom vroom
|-supereffective|p1a: vroom vroom
|-damage|p1a: vroom vroom|0 fnt
|faint|p1a: vroom vroom
|
|-heal|p2a: Phace|352\/352 tox|[from] ability: Poison Heal
|upkeep


|
|switch|p1a: Bubblegum|Clefable-Mega, M|76\/100
|turn|35


|
|move|p2a: Phace|Earthquake|p1a: Bubblegum
|-damage|p1a: Bubblegum|35\/100
|move|p1a: Bubblegum|Hex|p2a: Phace
|-damage|p2a: Phace|60\/352 tox
|
|-heal|p2a: Phace|104\/352 tox|[from] ability: Poison Heal
|upkeep
|turn|36


|
|move|p2a: Phace|Earthquake|p1a: Bubblegum
|-damage|p1a: Bubblegum|0 fnt
|faint|p1a: Bubblegum
|
|-heal|p2a: Phace|148\/352 tox|[from] ability: Poison Heal
|upkeep


|
|switch|p1a: Sneaky II|Sableye, F|100\/100 par
|turn|37


|
|move|p2a: Phace|U-turn|p1a: Sneaky II
|-damage|p1a: Sneaky II|75\/100 par


|
|switch|p2a: Sansevieria|Hydreigon, F|215\/325 brn
|cant|p1a: Sneaky II|par
|
|-heal|p1a: Sneaky II|81\/100 par|[from] item: Leftovers
|-damage|p2a: Sansevieria|195\/325 brn|[from] brn
|upkeep
|turn|38


|
|move|p2a: Sansevieria|Nasty Plot|p2a: Sansevieria
|-boost|p2a: Sansevieria|spa|2
|move|p1a: Sneaky II|Foul Play|p2a: Sansevieria
|-resisted|p2a: Sansevieria
|-damage|p2a: Sansevieria|143\/325 brn
|
|-heal|p1a: Sneaky II|88\/100 par|[from] item: Leftovers
|-damage|p2a: Sansevieria|123\/325 brn|[from] brn
|upkeep
|turn|39


|
|move|p1a: Sneaky II|Encore|p2a: Sansevieria
|-hint|Since gen 7, Dark is immune to Prankster moves.
|-immune|p2a: Sansevieria
|move|p2a: Sansevieria|Roost|p2a: Sansevieria
|-heal|p2a: Sansevieria|286\/325 brn
|-singleturn|p2a: Sansevieria|move: Roost
|
|-heal|p1a: Sneaky II|94\/100 par|[from] item: Leftovers
|-damage|p2a: Sansevieria|266\/325 brn|[from] brn
|upkeep
|turn|40


|c|☆BotwNerd745|Oh yeah


|
|move|p2a: Sansevieria|Flamethrower|p1a: Sneaky II
|-damage|p1a: Sneaky II|6\/100 par
|-damage|p2a: Sansevieria|234\/325 brn|[from] item: Life Orb
|cant|p1a: Sneaky II|par
|
|-heal|p1a: Sneaky II|13\/100 par|[from] item: Leftovers
|-damage|p2a: Sansevieria|214\/325 brn|[from] brn
|upkeep
|turn|41


|
|move|p2a: Sansevieria|Flamethrower|p1a: Sneaky II
|-damage|p1a: Sneaky II|0 fnt
|-damage|p2a: Sansevieria|182\/325 brn|[from] item: Life Orb
|faint|p1a: Sneaky II
|
|-damage|p2a: Sansevieria|162\/325 brn|[from] brn
|upkeep


|c|☆H2OPulse|Sorry this paralysis is haxing you so much yikes


|c|☆BotwNerd745|gg


|
|switch|p1a: Mittens|Incineroar, M|87\/100
|-ability|p1a: Mittens|Intimidate|boost
|-unboost|p2a: Sansevieria|atk|1
|turn|42


|c|☆H2OPulse|Good game!!!


|
|move|p2a: Sansevieria|Draco Meteor|p1a: Mittens
|-damage|p1a: Mittens|0 fnt
|-unboost|p2a: Sansevieria|spa|2
|-damage|p2a: Sansevieria|130\/325 brn|[from] item: Life Orb
|faint|p1a: Mittens
|
|win|H2OPulse


|c|☆BotwNerd745|that was fun


|c|☆H2OPulse|This was awesome : D I love your team!!!
</script>
</div>
<div class="battle-log battle-log-inline"><div class="inner"><div class="battle-options"><div style="padding-top: 3px; padding-right: 3px; text-align: right"><button class="icon button" name="openBattleOptions" title="Options">Battle Options</button></div></div><div class="inner message-log"><div class="chat"><small>☆BotwNerd745 and ☆H2OPulse joined</small></div><div class=""><small>Format:</small> <br><strong>[Gen 8] Megas for All</strong></div><div class=""><small><em>HP Percentage Mod:</em> HP is shown in percentages</small></div><div class=""><small><em>Endless Battle Clause:</em> Forcing endless battles is banned</small></div><div class=""><small><em>OHKO Clause:</em> OHKO moves are banned</small></div><div class=""><small><em>Evasion Moves Clause:</em> Evasion moves are banned</small></div><div class=""><small><em>Species Clause:</em> Limit one of each Pokémon</small></div><div class=""><small><em>Dynamax Clause:</em> You cannot dynamax</small></div><div class=""><small><em>Sleep Clause Mod:</em> Limit one foe put to sleep</small></div><div class="chat battle-history"><strong>H2OPulse's team:</strong> <em style="color:#445566;display:block;">Clefable / Vaporeon / Silvally-* / Gliscor / Hydreigon / Centiskorch</em></div><div class="chat battle-history"><strong>BotwNerd745's team:</strong> <em style="color:#445566;display:block;">Garbodor / Clefable / Golisopod / Incineroar / Toxtricity / Sableye</em></div><div class="chat chatmessage-h2opulse mine"><strong style="color:#6e8c2b"><small>☆</small><span class="username" data-name="H2OPulse">H2OPulse</span>:</strong> <em>Good luck and have fun : D</em></div><div class="chat chatmessage-botwnerd745"><strong style="color:#9835de"><small>☆</small><span class="username" data-name="BotwNerd745">BotwNerd745</span>:</strong> <em>You too</em></div><div class="spacer battle-history"><br></div><div class="battle-history">Battle started between BotwNerd745 and H2OPulse!<br></div><div class="spacer battle-history"><br></div><div class="battle-history">BotwNerd745 sent out <strong>Garbodor</strong>!<br></div><div class="spacer battle-history"><br></div><div class="battle-history">Go! Hemlock (<strong>Clefable</strong>)!<br></div><div class="spacer battle-history"><br></div><h2 class="battle-history">Turn 1</h2><div class="spacer battle-history"><br></div><div class="battle-history">Hemlock, come back!<br></div><div class="battle-history">Go! Gigas (<strong>Silvally-Steel</strong>)!<br></div><div class="spacer battle-history"><br></div><div class="battle-history">The opposing Garbodor used <strong>Stealth Rock</strong>!<br></div><div class="battle-history"><small>Pointed stones float in the air around your team!</small><br></div><div class="spacer battle-history"><br></div><h2 class="battle-history">Turn 2</h2><div class="spacer battle-history"><br></div><div class="battle-history">Gigas used <strong>Thunder Wave</strong>!<br></div><div class="battle-history"><small>The opposing Garbodor is paralyzed! It may be unable to move!</small><br></div><div class="spacer battle-history"><br></div><div class="battle-history">The opposing Garbodor used <strong>Toxic Spikes</strong>!<br></div><div class="battle-history"><small>Poison spikes were scattered on the ground all around your team!</small><br></div><div class="spacer battle-history"><br></div><h2 class="battle-history">Turn 3</h2><div class="spacer battle-history"><br></div><div class="battle-history">Gigas used <strong>Defog</strong>!<br></div><div class="battle-history"><small>The opposing Garbodor's evasiveness fell!</small><br></div><div class="battle-history"><small>The poison spikes disappeared from the ground around your team!</small><br></div><div class="battle-history"><small>The pointed stones disappeared from around your team!</small><br></div><div class="spacer battle-history"><br></div><div class="battle-history">The opposing Garbodor is paralyzed! It can't move!<br></div><div class="spacer battle-history"><br></div><h2 class="battle-history">Turn 4</h2><div class="spacer battle-history"><br></div><div class="battle-history">Gigas used <strong>Multi-Attack</strong>!<br></div><div class="battle-history"><small>(The opposing Garbodor lost 59% of its health!)</small><br></div><div class="spacer battle-history"><br></div><div class="battle-history">The opposing Garbodor used <strong>Knock Off</strong>!<br></div><div class="battle-history"><small>(Gigas lost <abbr title="−69/331">20.8%</abbr> of its health!)</small><br></div><div class="spacer battle-history"><br></div><h2 class="battle-history">Turn 5</h2><div class="spacer battle-history"><br></div><div class="battle-history">Gigas used <strong>Multi-Attack</strong>!<br></div><div class="battle-history"><small>(The opposing Garbodor lost 41% of its health!)</small><br></div><div class="battle-history">[The opposing Garbodor's Aftermath]<br><small>Gigas was hurt!</small><br></div><div class="spacer battle-history"><br></div><div class="battle-history">The opposing Garbodor fainted!<br></div><div class="spacer battle-history"><br></div><div class="battle-history">BotwNerd745 sent out Mittens (<strong>Incineroar</strong>)!<br></div><div class="battle-history">[The opposing Mittens's Intimidate]<br></div><div class="battle-history"><small>Gigas's Attack fell!</small><br></div><div class="spacer battle-history"><br></div><h2 class="battle-history">Turn 6</h2><div class="spacer battle-history"><br></div><div class="battle-history">Gigas used <strong>U-turn</strong>!<br></div><div class="battle-history"><small>(The opposing Mittens lost 13% of its health!)</small><br></div><div class="spacer battle-history"><br></div><div class="battle-history">Gigas went back to H2OPulse!<br></div><div class="battle-history">Go! Sansevieria (<strong>Hydreigon</strong>)!<br></div><div class="spacer battle-history"><br></div><div class="battle-history">The opposing Mittens used <strong>Will-O-Wisp</strong>!<br></div><div class="battle-history"><small>Sansevieria was burned!</small><br></div><div class="spacer battle-history"><br></div><div class="battle-history"><small>Sansevieria was hurt by its burn!</small><br></div><div class="spacer battle-history"><br></div><h2 class="battle-history">Turn 7</h2><div class="spacer battle-history"><br></div><div class="battle-history">Sansevieria used <strong>Nasty Plot</strong>!<br></div><div class="battle-history"><small>Sansevieria's Sp. Atk rose sharply!</small><br></div><div class="spacer battle-history"><br></div><div class="battle-history">The opposing Mittens used <strong>Darkest Lariat</strong>!<br></div><div class="battle-history"><small>It's not very effective...</small><br></div><div class="battle-history"><small>(Sansevieria lost <abbr title="−75/325">23.1%</abbr> of its health!)</small><br></div><div class="spacer battle-history"><br></div><div class="battle-history"><small>Sansevieria was hurt by its burn!</small><br></div><div class="spacer battle-history"><br></div><h2 class="battle-history">Turn 8</h2><div class="chat chatmessage-botwnerd745"><strong style="color:#9835de"><small>☆</small><span class="username" data-name="BotwNerd745">BotwNerd745</span>:</strong> <em>My brain deactivated for a moment there</em></div><div class="spacer battle-history"><br></div><div class="battle-history">BotwNerd745 withdrew Mittens!<br></div><div class="battle-history">BotwNerd745 sent out Bubblegum (<strong>Clefable</strong>)!<br></div><div class="spacer battle-history"><br></div><div class="battle-history">Sansevieria used <strong>Draco Meteor</strong>!<br></div><div class="battle-history"><small>It doesn't affect the opposing Bubblegum...</small><br></div><div class="spacer battle-history"><br></div><div class="battle-history"><small>Sansevieria was hurt by its burn!</small><br></div><div class="spacer battle-history"><br></div><h2 class="battle-history">Turn 9</h2><div class="chat chatmessage-h2opulse mine"><strong style="color:#6e8c2b"><small>☆</small><span class="username" data-name="H2OPulse">H2OPulse</span>:</strong> <em>yeah this is why I should be running Flash Cannon</em></div><div class="chat chatmessage-h2opulse mine"><strong style="color:#6e8c2b"><small>☆</small><span class="username" data-name="H2OPulse">H2OPulse</span>:</strong> <em>oops</em></div><div class="spacer battle-history"><br></div><div class="battle-history">Sansevieria, come back!<br></div><div class="battle-history">Go! Hemlock (<strong>Clefable</strong>)!<br></div><div class="spacer battle-history"><br></div><div class="battle-history"><small>The opposing Bubblegum's Clefabite is reacting to the Key Stone!</small><br>The opposing Bubblegum has Mega Evolved into Mega Clefable!<br></div><div class="spacer battle-history"><br></div><div class="battle-history">The opposing Bubblegum used <strong>Encore</strong>!<br></div><div class="battle-history"><small>But it failed!</small><br></div><div class="spacer battle-history"><br></div><h2 class="battle-history">Turn 10</h2><div class="chat chatmessage-h2opulse mine"><strong style="color:#6e8c2b"><small>☆</small><span class="username" data-name="H2OPulse">H2OPulse</span>:</strong> <em>Oh! Convenient</em></div><div class="chat chatmessage-h2opulse mine"><strong style="color:#6e8c2b"><small>☆</small><span class="username" data-name="H2OPulse">H2OPulse</span>:</strong> <em>I wouldn't have wanted to stay in regardless :'D</em></div><div class="spacer battle-history"><br></div><div class="battle-history"><small>Hemlock's Clefabite is reacting to the Key Stone!</small><br>Hemlock has Mega Evolved into Mega Clefable!<br></div><div class="spacer battle-history"><br></div><div class="battle-history">The opposing Bubblegum used <strong>Will-O-Wisp</strong>!<br></div><div class="battle-history"><small>Hemlock was burned!</small><br></div><div class="spacer battle-history"><br></div><div class="battle-history">Hemlock used <strong>Curse</strong>!<br></div><div class="battle-history"><small>Hemlock cut its own HP and put a curse on the opposing Bubblegum!</small><br></div><div class="battle-history"><small>(Hemlock lost <abbr title="−197/394">50%</abbr> of its health!)</small><br></div><div class="spacer battle-history"><br></div><div class="battle-history"><small>Hemlock was hurt by its burn!</small><br></div><div class="battle-history"><small>The opposing Bubblegum is afflicted by the curse!</small><br></div><div class="spacer battle-history"><br></div><h2 class="battle-history">Turn 11</h2><div class="spacer battle-history"><br></div><div class="battle-history">Hemlock, come back!<br></div><div class="battle-history">Go! Phace (<strong>Gliscor</strong>)!<br></div><div class="spacer battle-history"><br></div><div class="battle-history">BotwNerd745 withdrew Bubblegum!<br></div><div class="battle-history">BotwNerd745 sent out vroom vroom (<strong>Toxtricity</strong>)!<br></div><div class="battle-history"><small>The opposing vroom vroom floats in the air with its Air Balloon!</small><br></div><div class="spacer battle-history"><br></div><div class="battle-history"><small>Phace was badly poisoned!</small><br></div><div class="spacer battle-history"><br></div><h2 class="battle-history">Turn 12</h2><div class="spacer battle-history"><br></div><div class="battle-history">BotwNerd745 withdrew vroom vroom!<br></div><div class="battle-history">BotwNerd745 sent out Bigassrolypoly (<strong>Golisopod</strong>)!<br></div><div class="spacer battle-history"><br></div><div class="battle-history">Phace used <strong>Knock Off</strong>!<br></div><div class="battle-history"><small>(The opposing Bigassrolypoly lost 16% of its health!)</small><br></div><div class="battle-history"><small>Phace knocked off the opposing Bigassrolypoly's Sitrus Berry!</small><br></div><div class="spacer battle-history"><br></div><h2 class="battle-history">Turn 13</h2><div class="chat chatmessage-h2opulse mine"><strong style="color:#6e8c2b"><small>☆</small><span class="username" data-name="H2OPulse">H2OPulse</span>:</strong> <em>I very very nearly used Earthquake on your Air Balloon Toxtricity that would have been bad</em></div><div class="spacer battle-history"><br></div><div class="battle-history">Phace, come back!<br></div><div class="battle-history">Go! Cattail (<strong>Vaporeon</strong>)!<br></div><div class="spacer battle-history"><br></div><div class="battle-history">The opposing Bigassrolypoly used <strong>Liquidation</strong>!<br></div><div class="battle-history">[Cattail's Water Absorb]<br><small>It doesn't affect Cattail...</small><br></div><div class="spacer battle-history"><br></div><h2 class="battle-history">Turn 14</h2><div class="spacer battle-history"><br></div><div class="battle-history">Cattail used <strong>Toxic</strong>!<br></div><div class="battle-history"><small>The opposing Bigassrolypoly was badly poisoned!</small><br></div><div class="spacer battle-history"><br></div><div class="battle-history">The opposing Bigassrolypoly used <strong>Leech Life</strong>!<br></div><div class="battle-history"><small>A critical hit!</small><br></div><div class="battle-history"><small>(Cattail lost <abbr title="−331/464">71.3%</abbr> of its health!)</small><br></div><div class="battle-history"><small>Cattail had its energy drained!</small><br></div><div class="spacer battle-history"><br></div><div class="battle-history"><small>Cattail restored a little HP using its Leftovers!</small><br></div><div class="battle-history"><small>The opposing Bigassrolypoly was hurt by poison!</small><br></div><div class="spacer battle-history"><br></div><h2 class="battle-history">Turn 15</h2><div class="chat chatmessage-botwnerd745"><strong style="color:#9835de"><small>☆</small><span class="username" data-name="BotwNerd745">BotwNerd745</span>:</strong> <em>Why</em></div><div class="chat chatmessage-h2opulse mine"><strong style="color:#6e8c2b"><small>☆</small><span class="username" data-name="H2OPulse">H2OPulse</span>:</strong> <em>That did a LOT</em></div><div class="spacer battle-history"><br></div><div class="battle-history">BotwNerd745 withdrew Bigassrolypoly!<br></div><div class="battle-history">BotwNerd745 sent out vroom vroom (<strong>Toxtricity</strong>)!<br></div><div class="battle-history"><small>The opposing vroom vroom floats in the air with its Air Balloon!</small><br></div><div class="spacer battle-history"><br></div><div class="battle-history">Cattail used <strong>Flip Turn</strong>!<br></div><div class="battle-history"><small>(The opposing vroom vroom lost 19% of its health!)</small><br></div><div class="battle-history"><small>The opposing vroom vroom's Air Balloon popped!</small><br></div><div class="spacer battle-history"><br></div><div class="battle-history">Cattail, come back!<br></div><div class="battle-history">Go! Phace (<strong>Gliscor</strong>)!<br></div><div class="spacer battle-history"><br></div><h2 class="battle-history">Turn 16</h2><div class="spacer battle-history"><br></div><div class="battle-history">BotwNerd745 withdrew vroom vroom!<br></div><div class="battle-history">BotwNerd745 sent out Bigassrolypoly (<strong>Golisopod</strong>)!<br></div><div class="spacer battle-history"><br></div><div class="battle-history">Phace used <strong>Earthquake</strong>!<br></div><div class="battle-history"><small>It's not very effective...</small><br></div><div class="battle-history"><small>(The opposing Bigassrolypoly lost 14% of its health!)</small><br></div><div class="spacer battle-history"><br></div><div class="battle-history"><small>The opposing Bigassrolypoly was hurt by poison!</small><br></div><div class="spacer battle-history"><br></div><h2 class="battle-history">Turn 17</h2><div class="spacer battle-history"><br></div><div class="battle-history">Phace, come back!<br></div><div class="battle-history">Go! Cattail (<strong>Vaporeon</strong>)!<br></div><div class="spacer battle-history"><br></div><div class="battle-history">The opposing Bigassrolypoly used <strong>First Impression</strong>!<br></div><div class="battle-history"><small>A critical hit!</small><br></div><div class="battle-history"><small>(Cattail lost <abbr title="−162/464">34.9%</abbr> of its health!)</small><br></div><div class="spacer battle-history"><br></div><div class="battle-history">Cattail fainted!<br></div><div class="spacer battle-history"><br></div><div class="battle-history"><small>The opposing Bigassrolypoly was hurt by poison!</small><br></div><div class="chat chatmessage-botwnerd745"><strong style="color:#9835de"><small>☆</small><span class="username" data-name="BotwNerd745">BotwNerd745</span>:</strong> <em>Wow what’s with the crits </em></div><div class="spacer battle-history"><br></div><div class="battle-history">Go! Sansevieria (<strong>Hydreigon</strong>)!<br></div><div class="spacer battle-history"><br></div><h2 class="battle-history">Turn 18</h2><div class="chat chatmessage-botwnerd745"><strong style="color:#9835de"><small>☆</small><span class="username" data-name="BotwNerd745">BotwNerd745</span>:</strong> <em>that one might not have mattered</em></div><div class="spacer battle-history"><br></div><div class="battle-history">Sansevieria used <strong>Flamethrower</strong>!<br></div><div class="battle-history"><small>(The opposing Bigassrolypoly lost 45% of its health!)</small><br></div><div class="battle-history">[The opposing Bigassrolypoly's Emergency Exit]<br></div><div class="battle-history"><small>Sansevieria lost some of its HP!</small><br></div><div class="chat chatmessage-h2opulse mine"><strong style="color:#6e8c2b"><small>☆</small><span class="username" data-name="H2OPulse">H2OPulse</span>:</strong> <em>Yeah probably not :'D</em></div><div class="spacer battle-history"><br></div><div class="battle-history">BotwNerd745 withdrew Bigassrolypoly!<br></div><div class="battle-history">BotwNerd745 sent out Bubblegum (<strong>Clefable-Mega</strong>)!<br></div><div class="spacer battle-history"><br></div><div class="battle-history"><small>Sansevieria was hurt by its burn!</small><br></div><div class="spacer battle-history"><br></div><h2 class="battle-history">Turn 19</h2><div class="spacer battle-history"><br></div><div class="battle-history">Sansevieria, come back!<br></div><div class="battle-history">Go! Pyracantha (<strong>Centiskorch</strong>)!<br></div><div class="spacer battle-history"><br></div><div class="battle-history">The opposing Bubblegum used <strong>Moonblast</strong>!<br></div><div class="battle-history"><small>It's not very effective...</small><br></div><div class="battle-history"><small>(Pyracantha lost <abbr title="−95/379">25.1%</abbr> of its health!)</small><br></div><div class="battle-history"><small>Pyracantha's Sp. Atk fell!</small><br></div><div class="spacer battle-history"><br></div><h2 class="battle-history">Turn 20</h2><div class="chat chatmessage-botwnerd745"><strong style="color:#9835de"><small>☆</small><span class="username" data-name="BotwNerd745">BotwNerd745</span>:</strong> <em>this is why I should run shadow ball and not hex </em></div><div class="spacer battle-history"><br></div><div class="battle-history">BotwNerd745 withdrew Bubblegum!<br></div><div class="battle-history">BotwNerd745 sent out Mittens (<strong>Incineroar</strong>)!<br></div><div class="battle-history">[The opposing Mittens's Intimidate]<br></div><div class="battle-history"><small>Pyracantha's Attack fell!</small><br></div><div class="spacer battle-history"><br></div><div class="battle-history">Pyracantha used <strong>Inferno</strong>!<br></div><div class="battle-history"><small>The opposing Mittens avoided the attack!</small><br></div><div class="battle-history"><small>(Pyracantha used its Blunder Policy!)</small><br></div><div class="battle-history"><small>Pyracantha's Speed rose sharply!</small><br></div><div class="spacer battle-history"><br></div><h2 class="battle-history">Turn 21</h2><div class="spacer battle-history"><br></div><div class="battle-history">Pyracantha used <strong>Substitute</strong>!<br></div><div class="battle-history"><small>Pyracantha put in a substitute!</small><br></div><div class="battle-history"><small>(Pyracantha lost <abbr title="−94/379">24.8%</abbr> of its health!)</small><br></div><div class="battle-history"><small>The opposing Mittens surrounded itself with its Z-Power!</small><br></div><div class="spacer battle-history"><br></div><div class="battle-history">The opposing Mittens used <strong>Z-Parting Shot</strong>!<br></div><div class="battle-history"><small>Pyracantha's Attack fell!</small><br></div><div class="battle-history"><small>Pyracantha's Sp. Atk fell!</small><br></div><div class="battle-history"><small>The opposing Mittens will restore its replacement's HP using its Z-Power!</small><br></div><div class="spacer battle-history"><br></div><div class="battle-history">BotwNerd745 withdrew Mittens!<br></div><div class="battle-history">BotwNerd745 sent out Bigassrolypoly (<strong>Golisopod</strong>)!<br></div><div class="battle-history"><small>The opposing Bigassrolypoly's HP was restored by the Z-Power!</small><br></div><div class="spacer battle-history"><br></div><div class="battle-history"><small>The opposing Bigassrolypoly was hurt by poison!</small><br></div><div class="spacer battle-history"><br></div><h2 class="battle-history">Turn 22</h2><div class="spacer battle-history"><br></div><div class="battle-history">Pyracantha used <strong>Inferno</strong>!<br></div><div class="battle-history"><small>(The opposing Bigassrolypoly lost 17% of its health!)</small><br></div><div class="spacer battle-history"><br></div><div class="battle-history">The opposing Bigassrolypoly used <strong>Liquidation</strong>!<br></div><div class="battle-history"><small>It's super effective!</small><br></div><div class="battle-history"><small>A critical hit!</small><br></div><div class="battle-history"><small>Pyracantha's substitute faded!</small><br></div><div class="spacer battle-history"><br></div><div class="battle-history"><small>The opposing Bigassrolypoly was hurt by poison!</small><br></div><div class="spacer battle-history"><br></div><h2 class="battle-history">Turn 23</h2><div class="chat chatmessage-botwnerd745"><strong style="color:#9835de"><small>☆</small><span class="username" data-name="BotwNerd745">BotwNerd745</span>:</strong> <em>why the crits</em></div><div class="chat chatmessage-h2opulse mine"><strong style="color:#6e8c2b"><small>☆</small><span class="username" data-name="H2OPulse">H2OPulse</span>:</strong> <em>Oh right you're already uh</em></div><div class="chat chatmessage-h2opulse mine"><strong style="color:#6e8c2b"><small>☆</small><span class="username" data-name="H2OPulse">H2OPulse</span>:</strong> <em>... I'm not playing very well tonight huh :'D</em></div><div class="spacer battle-history"><br></div><div class="battle-history">Pyracantha, come back!<br></div><div class="battle-history">Go! Gigas (<strong>Silvally-Steel</strong>)!<br></div><div class="spacer battle-history"><br></div><div class="battle-history">The opposing Bigassrolypoly used <strong>Liquidation</strong>!<br></div><div class="battle-history"><small>(Gigas lost <abbr title="−168/331">50.8%</abbr> of its health!)</small><br></div><div class="spacer battle-history"><br></div><div class="battle-history"><small>The opposing Bigassrolypoly was hurt by poison!</small><br></div><div class="battle-history">[The opposing Bigassrolypoly's Emergency Exit]<br></div><div class="spacer battle-history"><br></div><div class="battle-history">BotwNerd745 withdrew Bigassrolypoly!<br></div><div class="battle-history">BotwNerd745 sent out Sneaky II (<strong>Sableye</strong>)!<br></div><div class="spacer battle-history"><br></div><h2 class="battle-history">Turn 24</h2><div class="spacer battle-history"><br></div><div class="battle-history">Gigas used <strong>Thunder Wave</strong>!<br></div><div class="battle-history"><small>The opposing Sneaky II is paralyzed! It may be unable to move!</small><br></div><div class="spacer battle-history"><br></div><div class="battle-history">The opposing Sneaky II is paralyzed! It can't move!<br></div><div class="spacer battle-history"><br></div><h2 class="battle-history">Turn 25</h2><div class="spacer battle-history"><br></div><div class="battle-history">The opposing Sneaky II used <strong>Encore</strong>!<br></div><div class="battle-history"><small>Gigas must do an encore!</small><br></div><div class="spacer battle-history"><br></div><div class="battle-history">Gigas used <strong>Thunder Wave</strong>!<br></div><div class="battle-history"><small>The opposing Sneaky II is already paralyzed!</small><br></div><div class="spacer battle-history"><br></div><h2 class="battle-history">Turn 26</h2><div class="spacer battle-history"><br></div><div class="battle-history">Gigas, come back!<br></div><div class="battle-history">Go! Sansevieria (<strong>Hydreigon</strong>)!<br></div><div class="spacer battle-history"><br></div><div class="battle-history">The opposing Sneaky II used <strong>Foul Play</strong>!<br></div><div class="battle-history"><small>It's not very effective...</small><br></div><div class="battle-history"><small>(Sansevieria lost <abbr title="−46/325">14.2%</abbr> of its health!)</small><br></div><div class="spacer battle-history"><br></div><div class="battle-history"><small>Sansevieria was hurt by its burn!</small><br></div><div class="spacer battle-history"><br></div><h2 class="battle-history">Turn 27</h2><div class="spacer battle-history"><br></div><div class="battle-history">BotwNerd745 withdrew Sneaky II!<br></div><div class="battle-history">BotwNerd745 sent out Bigassrolypoly (<strong>Golisopod</strong>)!<br></div><div class="spacer battle-history"><br></div><div class="battle-history">Sansevieria used <strong>Roost</strong>!<br></div><div class="battle-history"><small>Sansevieria had its HP restored.</small><br></div><div class="spacer battle-history"><br></div><div class="battle-history"><small>Sansevieria was hurt by its burn!</small><br></div><div class="battle-history"><small>The opposing Bigassrolypoly was hurt by poison!</small><br></div><div class="spacer battle-history"><br></div><h2 class="battle-history">Turn 28</h2><div class="spacer battle-history"><br></div><div class="battle-history">Sansevieria, come back!<br></div><div class="battle-history">Go! Phace (<strong>Gliscor</strong>)!<br></div><div class="spacer battle-history"><br></div><div class="battle-history">The opposing Bigassrolypoly used <strong>Leech Life</strong>!<br></div><div class="battle-history"><small>It's not very effective...</small><br></div><div class="battle-history"><small>(Phace lost <abbr title="−65/352">18.5%</abbr> of its health!)</small><br></div><div class="battle-history"><small>Phace had its energy drained!</small><br></div><div class="spacer battle-history"><br></div><div class="battle-history">[Phace's Poison Heal]<br><small>Phace had its HP restored.</small><br></div><div class="battle-history"><small>The opposing Bigassrolypoly was hurt by poison!</small><br></div><div class="spacer battle-history"><br></div><h2 class="battle-history">Turn 29</h2><div class="spacer battle-history"><br></div><div class="battle-history">Phace used <strong>U-turn</strong>!<br></div><div class="battle-history"><small>(The opposing Bigassrolypoly lost 13% of its health!)</small><br></div><div class="spacer battle-history"><br></div><div class="battle-history">Phace went back to H2OPulse!<br></div><div class="battle-history">Go! Pyracantha (<strong>Centiskorch</strong>)!<br></div><div class="spacer battle-history"><br></div><div class="battle-history">The opposing Bigassrolypoly used <strong>Liquidation</strong>!<br></div><div class="battle-history"><small>It's super effective!</small><br></div><div class="battle-history"><small>A critical hit!</small><br></div><div class="battle-history"><small>(Pyracantha lost <abbr title="−190/379">50.1%</abbr> of its health!)</small><br></div><div class="spacer battle-history"><br></div><div class="battle-history">Pyracantha fainted!<br></div><div class="spacer battle-history"><br></div><div class="battle-history"><small>The opposing Bigassrolypoly was hurt by poison!</small><br></div><div class="spacer battle-history"><br></div><div class="battle-history">Go! Hemlock (<strong>Clefable-Mega</strong>)!<br></div><div class="spacer battle-history"><br></div><h2 class="battle-history">Turn 30</h2><div class="chat chatmessage-botwnerd745"><strong style="color:#9835de"><small>☆</small><span class="username" data-name="BotwNerd745">BotwNerd745</span>:</strong> <em>stop with the crits golisopod oh my god</em></div><div class="spacer battle-history"><br></div><div class="battle-history">Hemlock used <strong>Moonlight</strong>!<br></div><div class="battle-history"><small>Hemlock had its HP restored.</small><br></div><div class="spacer battle-history"><br></div><div class="battle-history">The opposing Bigassrolypoly used <strong>Liquidation</strong>!<br></div><div class="battle-history"><small>(Hemlock lost <abbr title="−181/394">45.9%</abbr> of its health!)</small><br></div><div class="spacer battle-history"><br></div><div class="battle-history"><small>Hemlock was hurt by its burn!</small><br></div><div class="battle-history"><small>The opposing Bigassrolypoly was hurt by poison!</small><br></div><div class="spacer battle-history"><br></div><div class="battle-history">The opposing Bigassrolypoly fainted!<br></div><div class="spacer battle-history"><br></div><div class="battle-history">BotwNerd745 sent out vroom vroom (<strong>Toxtricity</strong>)!<br></div><div class="spacer battle-history"><br></div><h2 class="battle-history">Turn 31</h2><div class="spacer battle-history"><br></div><div class="battle-history">Hemlock used <strong>Moonlight</strong>!<br></div><div class="battle-history"><small>Hemlock had its HP restored.</small><br></div><div class="spacer battle-history"><br></div><div class="battle-history">The opposing vroom vroom used <strong>Sludge Bomb</strong>!<br></div><div class="battle-history"><small>(Hemlock lost <abbr title="−172/394">43.7%</abbr> of its health!)</small><br></div><div class="spacer battle-history"><br></div><div class="battle-history"><small>Hemlock was hurt by its burn!</small><br></div><div class="spacer battle-history"><br></div><h2 class="battle-history">Turn 32</h2><div class="spacer battle-history"><br></div><div class="battle-history">Hemlock, come back!<br></div><div class="battle-history">Go! Gigas (<strong>Silvally-Steel</strong>)!<br></div><div class="spacer battle-history"><br></div><div class="battle-history">The opposing vroom vroom used <strong>Sludge Bomb</strong>!<br></div><div class="battle-history"><small>It doesn't affect Gigas...</small><br></div><div class="spacer battle-history"><br></div><h2 class="battle-history">Turn 33</h2><div class="spacer battle-history"><br></div><div class="battle-history">Gigas used <strong>Multi-Attack</strong>!<br></div><div class="battle-history"><small>It's not very effective...</small><br></div><div class="battle-history"><small>(The opposing vroom vroom lost 33% of its health!)</small><br></div><div class="spacer battle-history"><br></div><div class="battle-history">The opposing vroom vroom used <strong>Overdrive</strong>!<br></div><div class="battle-history"><small>(Gigas lost <abbr title="−12/331">3.6%</abbr> of its health!)</small><br></div><div class="spacer battle-history"><br></div><div class="battle-history">Gigas fainted!<br></div><div class="spacer battle-history"><br></div><div class="battle-history">Go! Phace (<strong>Gliscor</strong>)!<br></div><div class="spacer battle-history"><br></div><h2 class="battle-history">Turn 34</h2><div class="spacer battle-history"><br></div><div class="battle-history">Phace used <strong>Earthquake</strong>!<br></div><div class="battle-history"><small>It's super effective!</small><br></div><div class="battle-history"><small>(The opposing vroom vroom lost 48% of its health!)</small><br></div><div class="spacer battle-history"><br></div><div class="battle-history">The opposing vroom vroom fainted!<br></div><div class="spacer battle-history"><br></div><div class="battle-history">[Phace's Poison Heal]<br><small>Phace had its HP restored.</small><br></div><div class="spacer battle-history"><br></div><div class="battle-history">BotwNerd745 sent out Bubblegum (<strong>Clefable-Mega</strong>)!<br></div><div class="spacer battle-history"><br></div><h2 class="battle-history">Turn 35</h2><div class="spacer battle-history"><br></div><div class="battle-history">Phace used <strong>Earthquake</strong>!<br></div><div class="battle-history"><small>(The opposing Bubblegum lost 41% of its health!)</small><br></div><div class="spacer battle-history"><br></div><div class="battle-history">The opposing Bubblegum used <strong>Hex</strong>!<br></div><div class="battle-history"><small>(Phace lost <abbr title="−292/352">83.0%</abbr> of its health!)</small><br></div><div class="spacer battle-history"><br></div><div class="battle-history">[Phace's Poison Heal]<br><small>Phace had its HP restored.</small><br></div><div class="spacer battle-history"><br></div><h2 class="battle-history">Turn 36</h2><div class="spacer battle-history"><br></div><div class="battle-history">Phace used <strong>Earthquake</strong>!<br></div><div class="battle-history"><small>(The opposing Bubblegum lost 35% of its health!)</small><br></div><div class="spacer battle-history"><br></div><div class="battle-history">The opposing Bubblegum fainted!<br></div><div class="spacer battle-history"><br></div><div class="battle-history">[Phace's Poison Heal]<br><small>Phace had its HP restored.</small><br></div><div class="spacer battle-history"><br></div><div class="battle-history">BotwNerd745 sent out Sneaky II (<strong>Sableye</strong>)!<br></div><div class="spacer battle-history"><br></div><h2 class="battle-history">Turn 37</h2><div class="spacer battle-history"><br></div><div class="battle-history">Phace used <strong>U-turn</strong>!<br></div><div class="battle-history"><small>(The opposing Sneaky II lost 25% of its health!)</small><br></div><div class="spacer battle-history"><br></div><div class="battle-history">Phace went back to H2OPulse!<br></div><div class="battle-history">Go! Sansevieria (<strong>Hydreigon</strong>)!<br></div><div class="spacer battle-history"><br></div><div class="battle-history">The opposing Sneaky II is paralyzed! It can't move!<br></div><div class="spacer battle-history"><br></div><div class="battle-history"><small>The opposing Sneaky II restored a little HP using its Leftovers!</small><br></div><div class="battle-history"><small>Sansevieria was hurt by its burn!</small><br></div><div class="spacer battle-history"><br></div><h2 class="battle-history">Turn 38</h2><div class="spacer battle-history"><br></div><div class="battle-history">Sansevieria used <strong>Nasty Plot</strong>!<br></div><div class="battle-history"><small>Sansevieria's Sp. Atk rose sharply!</small><br></div><div class="spacer battle-history"><br></div><div class="battle-history">The opposing Sneaky II used <strong>Foul Play</strong>!<br></div><div class="battle-history"><small>It's not very effective...</small><br></div><div class="battle-history"><small>(Sansevieria lost <abbr title="−52/325">16%</abbr> of its health!)</small><br></div><div class="spacer battle-history"><br></div><div class="battle-history"><small>The opposing Sneaky II restored a little HP using its Leftovers!</small><br></div><div class="battle-history"><small>Sansevieria was hurt by its burn!</small><br></div><div class="spacer battle-history"><br></div><h2 class="battle-history">Turn 39</h2><div class="spacer battle-history"><br></div><div class="battle-history">The opposing Sneaky II used <strong>Encore</strong>!<br></div><div class="battle-history"><small>(Since gen 7, Dark is immune to Prankster moves.)</small><br></div><div class="battle-history"><small>It doesn't affect Sansevieria...</small><br></div><div class="spacer battle-history"><br></div><div class="battle-history">Sansevieria used <strong>Roost</strong>!<br></div><div class="battle-history"><small>Sansevieria had its HP restored.</small><br></div><div class="spacer battle-history"><br></div><div class="battle-history"><small>The opposing Sneaky II restored a little HP using its Leftovers!</small><br></div><div class="battle-history"><small>Sansevieria was hurt by its burn!</small><br></div><div class="spacer battle-history"><br></div><h2 class="battle-history">Turn 40</h2><div class="chat chatmessage-botwnerd745"><strong style="color:#9835de"><small>☆</small><span class="username" data-name="BotwNerd745">BotwNerd745</span>:</strong> <em>Oh yeah</em></div><div class="spacer battle-history"><br></div><div class="battle-history">Sansevieria used <strong>Flamethrower</strong>!<br></div><div class="battle-history"><small>(The opposing Sneaky II lost 88% of its health!)</small><br></div><div class="battle-history"><small>Sansevieria lost some of its HP!</small><br></div><div class="spacer battle-history"><br></div><div class="battle-history">The opposing Sneaky II is paralyzed! It can't move!<br></div><div class="spacer battle-history"><br></div><div class="battle-history"><small>The opposing Sneaky II restored a little HP using its Leftovers!</small><br></div><div class="battle-history"><small>Sansevieria was hurt by its burn!</small><br></div><div class="spacer battle-history"><br></div><h2 class="battle-history">Turn 41</h2><div class="spacer battle-history"><br></div><div class="battle-history">Sansevieria used <strong>Flamethrower</strong>!<br></div><div class="battle-history"><small>(The opposing Sneaky II lost 13% of its health!)</small><br></div><div class="battle-history"><small>Sansevieria lost some of its HP!</small><br></div><div class="spacer battle-history"><br></div><div class="battle-history">The opposing Sneaky II fainted!<br></div><div class="spacer battle-history"><br></div><div class="battle-history"><small>Sansevieria was hurt by its burn!</small><br></div><div class="chat chatmessage-h2opulse mine"><strong style="color:#6e8c2b"><small>☆</small><span class="username" data-name="H2OPulse">H2OPulse</span>:</strong> <em>Sorry this paralysis is haxing you so much yikes</em></div><div class="chat chatmessage-botwnerd745"><strong style="color:#9835de"><small>☆</small><span class="username" data-name="BotwNerd745">BotwNerd745</span>:</strong> <em>gg</em></div><div class="spacer battle-history"><br></div><div class="battle-history">BotwNerd745 sent out Mittens (<strong>Incineroar</strong>)!<br></div><div class="battle-history">[The opposing Mittens's Intimidate]<br></div><div class="battle-history"><small>Sansevieria's Attack fell!</small><br></div><div class="spacer battle-history"><br></div><h2 class="battle-history">Turn 42</h2><div class="chat chatmessage-h2opulse mine"><strong style="color:#6e8c2b"><small>☆</small><span class="username" data-name="H2OPulse">H2OPulse</span>:</strong> <em>Good game!!!</em></div><div class="spacer battle-history"><br></div><div class="battle-history">Sansevieria used <strong>Draco Meteor</strong>!<br></div><div class="battle-history"><small>(The opposing Mittens lost 87% of its health!)</small><br></div><div class="battle-history"><small>Sansevieria's Sp. Atk fell harshly!</small><br></div><div class="battle-history"><small>Sansevieria lost some of its HP!</small><br></div><div class="spacer battle-history"><br></div><div class="battle-history">The opposing Mittens fainted!<br></div><div class="spacer battle-history"><br></div><div class="battle-history"><strong>H2OPulse</strong> won the battle!<br></div><div class="chat chatmessage-botwnerd745"><strong style="color:#9835de"><small>☆</small><span class="username" data-name="BotwNerd745">BotwNerd745</span>:</strong> <em>that was fun</em></div><div class="chat chatmessage-h2opulse mine"><strong style="color:#6e8c2b"><small>☆</small><span class="username" data-name="H2OPulse">H2OPulse</span>:</strong> <em>This was awesome : D I love your team!!!</em></div></div><div class="inner-preempt message-log"></div></div></div>
</div>
<script>
let daily = Math.floor(Date.now()/1000/60/60/24);document.write('<script src="https://play.pokemonshowdown.com/js/replay-embed.js?version'+daily+'"></'+'script>');
</script>
