<!DOCTYPE html>
<meta charset="utf-8" />
<!-- version 1 -->
<title>[Gen 8] Megas for All replay: IsoCon vs. kakaks</title>
<style>
html,body {font-family:Verdana, sans-serif;font-size:10pt;margin:0;padding:0;}body{padding:12px 0;} .battle-log {font-family:Verdana, sans-serif;font-size:10pt;} .battle-log-inline {border:1px solid #AAAAAA;background:#EEF2F5;color:black;max-width:640px;margin:0 auto 80px;padding-bottom:5px;} .battle-log .inner {padding:4px 8px 0px 8px;} .battle-log .inner-preempt {padding:0 8px 4px 8px;} .battle-log .inner-after {margin-top:0.5em;} .battle-log h2 {margin:0.5em -8px;padding:4px 8px;border:1px solid #AAAAAA;background:#E0E7EA;border-left:0;border-right:0;font-family:Verdana, sans-serif;font-size:13pt;} .battle-log .chat {vertical-align:middle;padding:3px 0 3px 0;font-size:8pt;} .battle-log .chat strong {color:#40576A;} .battle-log .chat em {padding:1px 4px 1px 3px;color:#000000;font-style:normal;} .chat.mine {background:rgba(0,0,0,0.05);margin-left:-8px;margin-right:-8px;padding-left:8px;padding-right:8px;} .spoiler {color:#BBBBBB;background:#BBBBBB;padding:0px 3px;} .spoiler:hover, .spoiler:active, .spoiler-shown {color:#000000;background:#E2E2E2;padding:0px 3px;} .spoiler a {color:#BBBBBB;} .spoiler:hover a, .spoiler:active a, .spoiler-shown a {color:#2288CC;} .chat code, .chat .spoiler:hover code, .chat .spoiler:active code, .chat .spoiler-shown code {border:1px solid #C0C0C0;background:#EEEEEE;color:black;padding:0 2px;} .chat .spoiler code {border:1px solid #CCCCCC;background:#CCCCCC;color:#CCCCCC;} .battle-log .rated {padding:3px 4px;} .battle-log .rated strong {color:white;background:#89A;padding:1px 4px;border-radius:4px;} .spacer {margin-top:0.5em;} .message-announce {background:#6688AA;color:white;padding:1px 4px 2px;} .message-announce a, .broadcast-green a, .broadcast-blue a, .broadcast-red a {color:#DDEEFF;} .broadcast-green {background-color:#559955;color:white;padding:2px 4px;} .broadcast-blue {background-color:#6688AA;color:white;padding:2px 4px;} .infobox {border:1px solid #6688AA;padding:2px 4px;} .infobox-limited {max-height:200px;overflow:auto;overflow-x:hidden;} .broadcast-red {background-color:#AA5544;color:white;padding:2px 4px;} .message-learn-canlearn {font-weight:bold;color:#228822;text-decoration:underline;} .message-learn-cannotlearn {font-weight:bold;color:#CC2222;text-decoration:underline;} .message-effect-weak {font-weight:bold;color:#CC2222;} .message-effect-resist {font-weight:bold;color:#6688AA;} .message-effect-immune {font-weight:bold;color:#666666;} .message-learn-list {margin-top:0;margin-bottom:0;} .message-throttle-notice, .message-error {color:#992222;} .message-overflow, .chat small.message-overflow {font-size:0pt;} .message-overflow::before {font-size:9pt;content:'...';} .subtle {color:#3A4A66;}
</style>
<div class="wrapper replay-wrapper" style="max-width:1180px;margin:0 auto">
<input type="hidden" name="replayid" value="dragonheaven-gen8megasforall-667" />
<div class="battle"></div><div class="battle-log"></div><div class="replay-controls"></div><div class="replay-controls-2"></div>
<h1 style="font-weight:normal;text-align:center"><strong>[Gen 8] Megas for All</strong><br /><a href="http://pokemonshowdown.com/users/isocon" class="subtle" target="_blank">IsoCon</a> vs. <a href="http://pokemonshowdown.com/users/kakaks" class="subtle" target="_blank">kakaks</a></h1>
<script type="text/plain" class="battle-log-data">|j|☆IsoCon

|j|☆kakaks
|t:|1609016800
|player|p1|IsoCon|evelyn|
|player|p2|kakaks|170|
|teamsize|p1|6
|teamsize|p2|6
|gametype|singles
|gen|8
|tier|[Gen 8] Megas for All
|clearpoke
|poke|p1|Dragonite, F|
|poke|p1|Excadrill, F|
|poke|p1|Clefable, F|
|poke|p1|Blissey, F|
|poke|p1|Mandibuzz, F|
|poke|p1|Scizor, F|
|poke|p2|Samurott, F|
|poke|p2|Zapdos|
|poke|p2|Blissey, F|
|poke|p2|Cinderace, M|
|poke|p2|Rillaboom, F|
|poke|p2|Nidoqueen, F|
|rule|HP Percentage Mod: HP is shown in percentages
|rule|Endless Battle Clause: Forcing endless battles is banned
|rule|OHKO Clause: OHKO moves are banned
|rule|Evasion Moves Clause: Evasion moves are banned
|rule|Species Clause: Limit one of each Pokémon
|rule|Dynamax Clause: You cannot dynamax
|rule|Sleep Clause Mod: Limit one foe put to sleep
|rule|Freeze Clause Mod: Limit one foe frozen
|teampreview
|j| Hematemesis
|
|t:|1609016817
|start
|switch|p1a: Blissey|Blissey, F|713\/713
|switch|p2a: Nidoqueen|Nidoqueen, F|100\/100
|turn|1
|j| okispokis
|
|t:|1609016825
|move|p2a: Nidoqueen|Stealth Rock|p1a: Blissey
|-sidestart|p1: IsoCon|move: Stealth Rock
|move|p1a: Blissey|Teleport|p1a: Blissey
|
|t:|1609016834
|switch|p1a: Excadrill|Excadrill, F|361\/361
|-damage|p1a: Excadrill|350\/361|[from] Stealth Rock
|-ability|p1a: Excadrill|Mold Breaker
|
|-heal|p1a: Excadrill|361\/361|[from] item: Leftovers
|upkeep
|turn|2
|
|t:|1609016840
|switch|p1a: Blissey|Blissey, F|713\/713
|move|p2a: Nidoqueen|Earth Power|p1a: Blissey
|-damage|p1a: Blissey|567\/713
|
|upkeep
|turn|3
|
|t:|1609016856
|switch|p2a: Samurott|Samurott, F|100\/100
|move|p1a: Blissey|Teleport|p1a: Blissey
|c|☆kakaks|heyy
|
|t:|1609016893
|switch|p1a: Scizor|Scizor, F|343\/343
|-damage|p1a: Scizor|301\/343|[from] Stealth Rock
|
|upkeep
|turn|4
|
|t:|1609016905
|detailschange|p2a: Samurott|Samurott-Mega, F
|-mega|p2a: Samurott|Samurott|Samurite
|-start|p2a: Samurott|typechange|Water|[silent]
|raw|<ul class="utilichart"><li class="result"><span class="col pokemonnamecol" style="white-space: nowrap">Samurott-Mega<\/span> <span class="col typecol"><img src="https:\/\/play.pokemonshowdown.com\/sprites\/types\/Water.png" alt="Water" height="14" width="32"><\/span> <span style="float: left ; min-height: 26px"><span class="col abilitycol">Heavenly Techniques<\/span><span class="col abilitycol"><\/span><\/span><span style="float: left ; min-height: 26px"><span class="col statcol"><em>HP<\/em><br>95<\/span> <span class="col statcol"><em>Atk<\/em><br>153<\/span> <span class="col statcol"><em>Def<\/em><br>100<\/span> <span class="col statcol"><em>SpA<\/em><br>100<\/span> <span class="col statcol"><em>SpD<\/em><br>70<\/span> <span class="col statcol"><em>Spe<\/em><br>110<\/span> <\/span><\/li><li style="clear: both"><\/li><\/ul>
|move|p2a: Samurott|Sacred Sword|p1a: Scizor
|-damage|p1a: Scizor|174\/343
|move|p1a: Scizor|U-turn|p2a: Samurott
|-damage|p2a: Samurott|37\/100
|j| aausma
|
|t:|1609016934
|switch|p1a: Mandibuzz|Mandibuzz, F|423\/423
|
|upkeep
|turn|5
|c| aausma|we're doing it on here i guess?
|
|t:|1609016950
|move|p2a: Samurott|Slack Off|p2a: Samurott
|-heal|p2a: Samurott|87\/100
|move|p1a: Mandibuzz|Foul Play|p2a: Samurott
|-damage|p2a: Samurott|33\/100
|
|upkeep
|turn|6
|
|t:|1609016964
|move|p2a: Samurott|Slack Off|p2a: Samurott
|-heal|p2a: Samurott|83\/100
|move|p1a: Mandibuzz|Foul Play|p2a: Samurott
|-damage|p2a: Samurott|23\/100
|
|upkeep
|turn|7
|
|t:|1609016971
|move|p2a: Samurott|Razor Shell|p1a: Mandibuzz
|-crit|p1a: Mandibuzz
|-damage|p1a: Mandibuzz|273\/423
|-unboost|p1a: Mandibuzz|def|1
|move|p1a: Mandibuzz|Foul Play|p2a: Samurott
|-damage|p2a: Samurott|0 fnt
|faint|p2a: Samurott
|
|upkeep
|
|t:|1609016989
|switch|p2a: Rillaboom|Rillaboom, F|100\/100
|-fieldstart|move: Grassy Terrain|[from] ability: Grassy Surge|[of] p2a: Rillaboom
|turn|8
|
|t:|1609016995
|move|p2a: Rillaboom|U-turn|p1a: Mandibuzz
|-damage|p1a: Mandibuzz|145\/423
|
|t:|1609017002
|switch|p2a: Cinderace|Cinderace, M|100\/100|[from]move: U-turn
|move|p1a: Mandibuzz|Foul Play|p2a: Cinderace
|-damage|p2a: Cinderace|33\/100
|
|-heal|p2a: Cinderace|39\/100|[from] Grassy Terrain
|upkeep
|turn|9
|
|t:|1609017014
|switch|p1a: Clefable|Clefable, F|393\/393
|-damage|p1a: Clefable|344\/393|[from] Stealth Rock
|move|p2a: Cinderace|Pyro Ball|p1a: Clefable
|-damage|p1a: Clefable|182\/393
|
|-heal|p2a: Cinderace|45\/100|[from] Grassy Terrain
|-heal|p1a: Clefable|206\/393|[from] item: Leftovers
|-heal|p1a: Clefable|230\/393|[from] Grassy Terrain
|upkeep
|turn|10
|
|t:|1609017023
|move|p1a: Clefable|Protect|p1a: Clefable
|-singleturn|p1a: Clefable|Protect
|move|p2a: Cinderace|Pyro Ball|p1a: Clefable
|-activate|p1a: Clefable|move: Protect
|
|-heal|p2a: Cinderace|51\/100|[from] Grassy Terrain
|-heal|p1a: Clefable|254\/393|[from] item: Leftovers
|-heal|p1a: Clefable|278\/393|[from] Grassy Terrain
|upkeep
|turn|11
|
|t:|1609017032
|move|p2a: Cinderace|Pyro Ball|p1a: Clefable
|-damage|p1a: Clefable|110\/393
|move|p1a: Clefable|Soft-Boiled|p1a: Clefable
|-heal|p1a: Clefable|307\/393
|
|-heal|p2a: Cinderace|57\/100|[from] Grassy Terrain
|-heal|p1a: Clefable|331\/393|[from] item: Leftovers
|-heal|p1a: Clefable|355\/393|[from] Grassy Terrain
|upkeep
|turn|12
|
|t:|1609017042
|move|p2a: Cinderace|U-turn|p1a: Clefable
|-start|p2a: Cinderace|typechange|Bug|[from] ability: Libero
|-resisted|p1a: Clefable
|-damage|p1a: Clefable|309\/393
|
|t:|1609017046
|switch|p2a: Rillaboom|Rillaboom, F|100\/100|[from]move: U-turn
|move|p1a: Clefable|Moonblast|p2a: Rillaboom
|-damage|p2a: Rillaboom|60\/100
|-unboost|p2a: Rillaboom|spa|1
|
|-heal|p2a: Rillaboom|66\/100|[from] Grassy Terrain
|-heal|p1a: Clefable|333\/393|[from] item: Leftovers
|-heal|p1a: Clefable|357\/393|[from] Grassy Terrain
|-fieldend|move: Grassy Terrain
|upkeep
|turn|13
|
|t:|1609017056
|move|p1a: Clefable|Protect|p1a: Clefable
|-singleturn|p1a: Clefable|Protect
|move|p2a: Rillaboom|Wood Hammer|p1a: Clefable
|-activate|p1a: Clefable|move: Protect
|
|-heal|p1a: Clefable|381\/393|[from] item: Leftovers
|upkeep
|turn|14
|
|t:|1609017074
|switch|p2a: Blissey|Blissey, F|100\/100
|switch|p1a: Scizor|Scizor, F|174\/343
|-damage|p1a: Scizor|132\/343|[from] Stealth Rock
|
|upkeep
|turn|15
|
|t:|1609017084
|move|p1a: Scizor|Superpower|p2a: Blissey
|-supereffective|p2a: Blissey
|-damage|p2a: Blissey|0 fnt
|-unboost|p1a: Scizor|atk|1
|-unboost|p1a: Scizor|def|1
|faint|p2a: Blissey
|
|upkeep
|
|t:|1609017090
|switch|p2a: Rillaboom|Rillaboom, F|66\/100
|-fieldstart|move: Grassy Terrain|[from] ability: Grassy Surge|[of] p2a: Rillaboom
|turn|16
|
|t:|1609017100
|switch|p1a: Excadrill|Excadrill, F|361\/361
|-damage|p1a: Excadrill|350\/361|[from] Stealth Rock
|-ability|p1a: Excadrill|Mold Breaker
|move|p2a: Rillaboom|Wood Hammer|p1a: Excadrill
|-damage|p1a: Excadrill|0 fnt
|-damage|p2a: Rillaboom|32\/100|[from] Recoil
|faint|p1a: Excadrill
|
|-heal|p2a: Rillaboom|38\/100|[from] Grassy Terrain
|upkeep
|
|t:|1609017105
|switch|p1a: Dragonite|Dragonite, F|323\/323
|-damage|p1a: Dragonite|243\/323|[from] Stealth Rock
|turn|17
|
|t:|1609017120
|switch|p2a: Zapdos|Zapdos|100\/100
|detailschange|p1a: Dragonite|Dragonite-Mega, F
|-mega|p1a: Dragonite|Dragonite|Draconite
|-start|p1a: Dragonite|typechange|Dragon\/Flying|[silent]
|raw|<ul class="utilichart"><li class="result"><span class="col pokemonnamecol" style="white-space: nowrap">Dragonite-Mega<\/span> <span class="col typecol"><img src="https:\/\/play.pokemonshowdown.com\/sprites\/types\/Dragon.png" alt="Dragon" height="14" width="32"><img src="https:\/\/play.pokemonshowdown.com\/sprites\/types\/Flying.png" alt="Flying" height="14" width="32"><\/span> <span style="float: left ; min-height: 26px"><span class="col abilitycol">Tough Claws<\/span><span class="col abilitycol"><\/span><\/span><span style="float: left ; min-height: 26px"><span class="col statcol"><em>HP<\/em><br>91<\/span> <span class="col statcol"><em>Atk<\/em><br>164<\/span> <span class="col statcol"><em>Def<\/em><br>110<\/span> <span class="col statcol"><em>SpA<\/em><br>122<\/span> <span class="col statcol"><em>SpD<\/em><br>122<\/span> <span class="col statcol"><em>Spe<\/em><br>91<\/span> <\/span><\/li><li style="clear: both"><\/li><\/ul>
|move|p1a: Dragonite|Dragon Dance|p1a: Dragonite
|-boost|p1a: Dragonite|atk|1
|-boost|p1a: Dragonite|spe|1
|
|upkeep
|turn|18
|
|t:|1609017130
|move|p1a: Dragonite|Roost|p1a: Dragonite
|-heal|p1a: Dragonite|323\/323
|-singleturn|p1a: Dragonite|move: Roost
|move|p2a: Zapdos|U-turn|p1a: Dragonite
|-damage|p1a: Dragonite|283\/323
|j| how does win
|
|t:|1609017141
|switch|p2a: Nidoqueen|Nidoqueen, F|100\/100|[from]move: U-turn
|
|-heal|p1a: Dragonite|303\/323|[from] Grassy Terrain
|upkeep
|turn|19
|
|t:|1609017196
|move|p1a: Dragonite|Roost|p1a: Dragonite
|-heal|p1a: Dragonite|323\/323
|-singleturn|p1a: Dragonite|move: Roost
|move|p2a: Nidoqueen|Milk Drink||[still]
|-fail|p2a: Nidoqueen|heal
|
|upkeep
|turn|20
|
|t:|1609017203
|move|p1a: Dragonite|Dragon Dance|p1a: Dragonite
|-boost|p1a: Dragonite|atk|1
|-boost|p1a: Dragonite|spe|1
|move|p2a: Nidoqueen|Sludge Wave|p1a: Dragonite
|-damage|p1a: Dragonite|171\/323
|
|-fieldend|move: Grassy Terrain
|upkeep
|turn|21
|
|t:|1609017213
|move|p1a: Dragonite|Dual Wingbeat|p2a: Nidoqueen
|-damage|p2a: Nidoqueen|37\/100
|-crit|p2a: Nidoqueen
|-damage|p2a: Nidoqueen|0 fnt
|-hitcount|p2a: Nidoqueen|2
|faint|p2a: Nidoqueen
|
|upkeep
|
|t:|1609017227
|switch|p2a: Rillaboom|Rillaboom, F|38\/100
|-fieldstart|move: Grassy Terrain|[from] ability: Grassy Surge|[of] p2a: Rillaboom
|turn|22
|j| ViZarPKMN
|l| how does win
|
|t:|1609017239
|move|p1a: Dragonite|Fire Punch|p2a: Rillaboom
|-supereffective|p2a: Rillaboom
|-crit|p2a: Rillaboom
|-damage|p2a: Rillaboom|0 fnt
|faint|p2a: Rillaboom
|
|upkeep
|
|t:|1609017244
|switch|p2a: Cinderace|Cinderace, M|57\/100
|turn|23
|
|t:|1609017250
|move|p2a: Cinderace|Sucker Punch||[still]
|-fail|p2a: Cinderace
|move|p1a: Dragonite|Roost|p1a: Dragonite
|-heal|p1a: Dragonite|323\/323
|-singleturn|p1a: Dragonite|move: Roost
|
|-heal|p2a: Cinderace|63\/100|[from] Grassy Terrain
|upkeep
|turn|24
|
|t:|1609017259
|move|p2a: Cinderace|Sucker Punch|p1a: Dragonite
|-start|p2a: Cinderace|typechange|Dark|[from] ability: Libero
|-damage|p1a: Dragonite|221\/323
|move|p1a: Dragonite|Dual Wingbeat|p2a: Cinderace
|-damage|p2a: Cinderace|0 fnt
|-hitcount|p2a: Cinderace|1
|faint|p2a: Cinderace
|
|upkeep
|
|t:|1609017263
|switch|p2a: Zapdos|Zapdos|100\/100
|turn|25
|
|t:|1609017271
|move|p1a: Dragonite|Fire Punch|p2a: Zapdos
|-damage|p2a: Zapdos|39\/100
|move|p2a: Zapdos|Roost|p2a: Zapdos
|-heal|p2a: Zapdos|90\/100
|-singleturn|p2a: Zapdos|move: Roost
|
|-heal|p2a: Zapdos|96\/100|[from] Grassy Terrain
|upkeep
|turn|26
|
|t:|1609017275
|move|p1a: Dragonite|Dragon Dance|p1a: Dragonite
|-boost|p1a: Dragonite|atk|1
|-boost|p1a: Dragonite|spe|1
|move|p2a: Zapdos|Roost|p2a: Zapdos
|-heal|p2a: Zapdos|100\/100
|-singleturn|p2a: Zapdos|move: Roost
|
|-fieldend|move: Grassy Terrain
|upkeep
|turn|27
|
|t:|1609017280
|move|p1a: Dragonite|Dragon Dance|p1a: Dragonite
|-boost|p1a: Dragonite|atk|1
|-boost|p1a: Dragonite|spe|1
|move|p2a: Zapdos|Discharge|p1a: Dragonite
|-damage|p1a: Dragonite|128\/323
|
|upkeep
|turn|28
|
|t:|1609017286
|move|p1a: Dragonite|Roost|p1a: Dragonite
|-heal|p1a: Dragonite|290\/323
|-singleturn|p1a: Dragonite|move: Roost
|move|p2a: Zapdos|Discharge|p1a: Dragonite
|-resisted|p1a: Dragonite
|-damage|p1a: Dragonite|245\/323
|-status|p1a: Dragonite|par
|
|upkeep
|turn|29
|-message|kakaks forfeited.
|
|win|IsoCon
|c|☆IsoCon|gg
|l| ViZarPKMN
|l| Hematemesis
|j| H2OPulse
|j| Hematemesis
|l| okispokis
|l| Hematemesis</script>
</div>
<div class="battle-log battle-log-inline"><div class="inner"><div class="battle-options"><div style="padding-top: 3px; padding-right: 3px; text-align: right"><button class="icon button" name="openBattleOptions" title="Options">Battle Options</button></div></div><div class="inner message-log"><div class="chat"><small>☆IsoCon and ☆kakaks joined</small></div><div class=""><small>Format:</small> <br><strong>[Gen 8] Megas for All</strong></div><div class=""><small><em>HP Percentage Mod:</em> HP is shown in percentages</small></div><div class=""><small><em>Endless Battle Clause:</em> Forcing endless battles is banned</small></div><div class=""><small><em>OHKO Clause:</em> OHKO moves are banned</small></div><div class=""><small><em>Evasion Moves Clause:</em> Evasion moves are banned</small></div><div class=""><small><em>Species Clause:</em> Limit one of each Pokémon</small></div><div class=""><small><em>Dynamax Clause:</em> You cannot dynamax</small></div><div class=""><small><em>Sleep Clause Mod:</em> Limit one foe put to sleep</small></div><div class=""><small><em>Freeze Clause Mod:</em> Limit one foe frozen</small></div><div class="chat battle-history"><strong>IsoCon's team:</strong> <em style="color:#445566;display:block;">Dragonite / Excadrill / Clefable / Blissey / Mandibuzz / Scizor</em></div><div class="chat battle-history"><strong>kakaks's team:</strong> <em style="color:#445566;display:block;">Samurott / Zapdos / Blissey / Cinderace / Rillaboom / Nidoqueen</em></div><div class="chat"><small> Hematemesis joined</small></div><div class="spacer battle-history"><br></div><div class="battle-history">Battle started between IsoCon and kakaks!<br></div><div class="spacer battle-history"><br></div><div class="battle-history">Go! <strong>Blissey</strong>!<br></div><div class="spacer battle-history"><br></div><div class="battle-history">kakaks sent out <strong>Nidoqueen</strong>!<br></div><div class="spacer battle-history"><br></div><h2 class="battle-history">Turn 1</h2><div class="chat"><small> okispokis joined</small></div><div class="spacer battle-history"><br></div><div class="battle-history">The opposing Nidoqueen used <strong>Stealth Rock</strong>!<br></div><div class="battle-history"><small>Pointed stones float in the air around your team!</small><br></div><div class="spacer battle-history"><br></div><div class="battle-history">Blissey used <strong>Teleport</strong>!<br></div><div class="spacer battle-history"><br></div><div class="battle-history">Blissey, come back!<br></div><div class="battle-history">Go! <strong>Excadrill</strong>!<br></div><div class="battle-history"><small>Pointed stones dug into Excadrill!</small><br></div><div class="battle-history">[Excadrill's Mold Breaker]<br><small>Excadrill breaks the mold!</small><br></div><div class="spacer battle-history"><br></div><div class="battle-history"><small>Excadrill restored a little HP using its Leftovers!</small><br></div><div class="spacer battle-history"><br></div><h2 class="battle-history">Turn 2</h2><div class="spacer battle-history"><br></div><div class="battle-history">Excadrill, come back!<br></div><div class="battle-history">Go! <strong>Blissey</strong>!<br></div><div class="spacer battle-history"><br></div><div class="battle-history">The opposing Nidoqueen used <strong>Earth Power</strong>!<br></div><div class="battle-history"><small>(Blissey lost <abbr title="−146/713">20.5%</abbr> of its health!)</small><br></div><div class="spacer battle-history"><br></div><h2 class="battle-history">Turn 3</h2><div class="spacer battle-history"><br></div><div class="battle-history">kakaks withdrew Nidoqueen!<br></div><div class="battle-history">kakaks sent out <strong>Samurott</strong>!<br></div><div class="spacer battle-history"><br></div><div class="battle-history">Blissey used <strong>Teleport</strong>!<br></div><div class="chat chatmessage-kakaks"><strong style="color:#2da40f"><small>☆</small><span class="username" data-name="kakaks">kakaks</span>:</strong> <em>heyy</em></div><div class="spacer battle-history"><br></div><div class="battle-history">Blissey, come back!<br></div><div class="battle-history">Go! <strong>Scizor</strong>!<br></div><div class="battle-history"><small>Pointed stones dug into Scizor!</small><br></div><div class="spacer battle-history"><br></div><h2 class="battle-history">Turn 4</h2><div class="spacer battle-history"><br></div><div class="battle-history"><small>The opposing Samurott's Samurite is reacting to the Key Stone!</small><br>The opposing Samurott has Mega Evolved into Mega Samurott!<br></div><div class="chat"><ul class="utilichart"><li class="result"><span class="col pokemonnamecol" style="white-space: nowrap">Samurott-Mega</span> <span class="col typecol"><img src="https://play.pokemonshowdown.com/sprites/types/Water.png" alt="Water" height="14" width="32"></span> <span style="float: left ; min-height: 26px"><span class="col abilitycol">Heavenly Techniques</span><span class="col abilitycol"></span></span><span style="float: left ; min-height: 26px"><span class="col statcol"><em>HP</em><br>95</span> <span class="col statcol"><em>Atk</em><br>153</span> <span class="col statcol"><em>Def</em><br>100</span> <span class="col statcol"><em>SpA</em><br>100</span> <span class="col statcol"><em>SpD</em><br>70</span> <span class="col statcol"><em>Spe</em><br>110</span> </span></li><li style="clear: both"></li></ul></div><div class="spacer battle-history"><br></div><div class="battle-history">The opposing Samurott used <strong>Sacred Sword</strong>!<br></div><div class="battle-history"><small>(Scizor lost <abbr title="−127/343">37.0%</abbr> of its health!)</small><br></div><div class="spacer battle-history"><br></div><div class="battle-history">Scizor used <strong>U-turn</strong>!<br></div><div class="battle-history"><small>(The opposing Samurott lost 63% of its health!)</small><br></div><div class="chat"><small> aausma joined</small></div><div class="spacer battle-history"><br></div><div class="battle-history">Scizor went back to IsoCon!<br></div><div class="battle-history">Go! <strong>Mandibuzz</strong>!<br></div><div class="spacer battle-history"><br></div><h2 class="battle-history">Turn 5</h2><div class="chat chatmessage-aausma"><strong style="color:#18a81f"><small> </small><span class="username" data-name="aausma">aausma</span>:</strong> <em>we're doing it on here i guess?</em></div><div class="spacer battle-history"><br></div><div class="battle-history">The opposing Samurott used <strong>Slack Off</strong>!<br></div><div class="battle-history"><small>The opposing Samurott had its HP restored.</small><br></div><div class="spacer battle-history"><br></div><div class="battle-history">Mandibuzz used <strong>Foul Play</strong>!<br></div><div class="battle-history"><small>(The opposing Samurott lost 54% of its health!)</small><br></div><div class="spacer battle-history"><br></div><h2 class="battle-history">Turn 6</h2><div class="spacer battle-history"><br></div><div class="battle-history">The opposing Samurott used <strong>Slack Off</strong>!<br></div><div class="battle-history"><small>The opposing Samurott had its HP restored.</small><br></div><div class="spacer battle-history"><br></div><div class="battle-history">Mandibuzz used <strong>Foul Play</strong>!<br></div><div class="battle-history"><small>(The opposing Samurott lost 60% of its health!)</small><br></div><div class="spacer battle-history"><br></div><h2 class="battle-history">Turn 7</h2><div class="spacer battle-history"><br></div><div class="battle-history">The opposing Samurott used <strong>Razor Shell</strong>!<br></div><div class="battle-history"><small>A critical hit!</small><br></div><div class="battle-history"><small>(Mandibuzz lost <abbr title="−150/423">35.5%</abbr> of its health!)</small><br></div><div class="battle-history"><small>Mandibuzz's Defense fell!</small><br></div><div class="spacer battle-history"><br></div><div class="battle-history">Mandibuzz used <strong>Foul Play</strong>!<br></div><div class="battle-history"><small>(The opposing Samurott lost 23% of its health!)</small><br></div><div class="spacer battle-history"><br></div><div class="battle-history">The opposing Samurott fainted!<br></div><div class="spacer battle-history"><br></div><div class="battle-history">kakaks sent out <strong>Rillaboom</strong>!<br></div><div class="battle-history">[The opposing Rillaboom's Grassy Surge]<br><small>Grass grew to cover the battlefield!</small><br></div><div class="spacer battle-history"><br></div><h2 class="battle-history">Turn 8</h2><div class="spacer battle-history"><br></div><div class="battle-history">The opposing Rillaboom used <strong>U-turn</strong>!<br></div><div class="battle-history"><small>(Mandibuzz lost <abbr title="−128/423">30.3%</abbr> of its health!)</small><br></div><div class="spacer battle-history"><br></div><div class="battle-history">The opposing Rillaboom went back to kakaks!<br></div><div class="battle-history">kakaks sent out <strong>Cinderace</strong>!<br></div><div class="spacer battle-history"><br></div><div class="battle-history">Mandibuzz used <strong>Foul Play</strong>!<br></div><div class="battle-history"><small>(The opposing Cinderace lost 67% of its health!)</small><br></div><div class="spacer battle-history"><br></div><div class="battle-history"><small>The opposing Cinderace's HP was restored.</small><br></div><div class="spacer battle-history"><br></div><h2 class="battle-history">Turn 9</h2><div class="spacer battle-history"><br></div><div class="battle-history">Mandibuzz, come back!<br></div><div class="battle-history">Go! <strong>Clefable</strong>!<br></div><div class="battle-history"><small>Pointed stones dug into Clefable!</small><br></div><div class="spacer battle-history"><br></div><div class="battle-history">The opposing Cinderace used <strong>Pyro Ball</strong>!<br></div><div class="battle-history"><small>(Clefable lost <abbr title="−162/393">41.2%</abbr> of its health!)</small><br></div><div class="spacer battle-history"><br></div><div class="battle-history"><small>The opposing Cinderace's HP was restored.</small><br></div><div class="battle-history"><small>Clefable restored a little HP using its Leftovers!</small><br></div><div class="battle-history"><small>Clefable's HP was restored.</small><br></div><div class="spacer battle-history"><br></div><h2 class="battle-history">Turn 10</h2><div class="spacer battle-history"><br></div><div class="battle-history">Clefable used <strong>Protect</strong>!<br></div><div class="battle-history"><small>Clefable protected itself!</small><br></div><div class="spacer battle-history"><br></div><div class="battle-history">The opposing Cinderace used <strong>Pyro Ball</strong>!<br></div><div class="battle-history"><small>Clefable protected itself!</small><br></div><div class="spacer battle-history"><br></div><div class="battle-history"><small>The opposing Cinderace's HP was restored.</small><br></div><div class="battle-history"><small>Clefable restored a little HP using its Leftovers!</small><br></div><div class="battle-history"><small>Clefable's HP was restored.</small><br></div><div class="spacer battle-history"><br></div><h2 class="battle-history">Turn 11</h2><div class="spacer battle-history"><br></div><div class="battle-history">The opposing Cinderace used <strong>Pyro Ball</strong>!<br></div><div class="battle-history"><small>(Clefable lost <abbr title="−168/393">42.7%</abbr> of its health!)</small><br></div><div class="spacer battle-history"><br></div><div class="battle-history">Clefable used <strong>Soft-Boiled</strong>!<br></div><div class="battle-history"><small>Clefable had its HP restored.</small><br></div><div class="spacer battle-history"><br></div><div class="battle-history"><small>The opposing Cinderace's HP was restored.</small><br></div><div class="battle-history"><small>Clefable restored a little HP using its Leftovers!</small><br></div><div class="battle-history"><small>Clefable's HP was restored.</small><br></div><div class="spacer battle-history"><br></div><h2 class="battle-history">Turn 12</h2><div class="spacer battle-history"><br></div><div class="battle-history">The opposing Cinderace used <strong>U-turn</strong>!<br></div><div class="battle-history">[The opposing Cinderace's Libero]<br><small>The opposing Cinderace's type changed to Bug!</small><br></div><div class="battle-history"><small>It's not very effective...</small><br></div><div class="battle-history"><small>(Clefable lost <abbr title="−46/393">11.7%</abbr> of its health!)</small><br></div><div class="spacer battle-history"><br></div><div class="battle-history">The opposing Cinderace went back to kakaks!<br></div><div class="battle-history">kakaks sent out <strong>Rillaboom</strong>!<br></div><div class="spacer battle-history"><br></div><div class="battle-history">Clefable used <strong>Moonblast</strong>!<br></div><div class="battle-history"><small>(The opposing Rillaboom lost 40% of its health!)</small><br></div><div class="battle-history"><small>The opposing Rillaboom's Sp. Atk fell!</small><br></div><div class="spacer battle-history"><br></div><div class="battle-history"><small>The opposing Rillaboom's HP was restored.</small><br></div><div class="battle-history"><small>Clefable restored a little HP using its Leftovers!</small><br></div><div class="battle-history"><small>Clefable's HP was restored.</small><br></div><div class="battle-history"><small>The grass disappeared from the battlefield.</small><br></div><div class="spacer battle-history"><br></div><h2 class="battle-history">Turn 13</h2><div class="spacer battle-history"><br></div><div class="battle-history">Clefable used <strong>Protect</strong>!<br></div><div class="battle-history"><small>Clefable protected itself!</small><br></div><div class="spacer battle-history"><br></div><div class="battle-history">The opposing Rillaboom used <strong>Wood Hammer</strong>!<br></div><div class="battle-history"><small>Clefable protected itself!</small><br></div><div class="spacer battle-history"><br></div><div class="battle-history"><small>Clefable restored a little HP using its Leftovers!</small><br></div><div class="spacer battle-history"><br></div><h2 class="battle-history">Turn 14</h2><div class="spacer battle-history"><br></div><div class="battle-history">kakaks withdrew Rillaboom!<br></div><div class="battle-history">kakaks sent out <strong>Blissey</strong>!<br></div><div class="spacer battle-history"><br></div><div class="battle-history">Clefable, come back!<br></div><div class="battle-history">Go! <strong>Scizor</strong>!<br></div><div class="battle-history"><small>Pointed stones dug into Scizor!</small><br></div><div class="spacer battle-history"><br></div><h2 class="battle-history">Turn 15</h2><div class="spacer battle-history"><br></div><div class="battle-history">Scizor used <strong>Superpower</strong>!<br></div><div class="battle-history"><small>It's super effective!</small><br></div><div class="battle-history"><small>(The opposing Blissey lost 100% of its health!)</small><br></div><div class="battle-history"><small>Scizor's Attack fell!</small><br></div><div class="battle-history"><small>Scizor's Defense fell!</small><br></div><div class="spacer battle-history"><br></div><div class="battle-history">The opposing Blissey fainted!<br></div><div class="spacer battle-history"><br></div><div class="battle-history">kakaks sent out <strong>Rillaboom</strong>!<br></div><div class="battle-history">[The opposing Rillaboom's Grassy Surge]<br><small>Grass grew to cover the battlefield!</small><br></div><div class="spacer battle-history"><br></div><h2 class="battle-history">Turn 16</h2><div class="spacer battle-history"><br></div><div class="battle-history">Scizor, come back!<br></div><div class="battle-history">Go! <strong>Excadrill</strong>!<br></div><div class="battle-history"><small>Pointed stones dug into Excadrill!</small><br></div><div class="battle-history">[Excadrill's Mold Breaker]<br><small>Excadrill breaks the mold!</small><br></div><div class="spacer battle-history"><br></div><div class="battle-history">The opposing Rillaboom used <strong>Wood Hammer</strong>!<br></div><div class="battle-history"><small>(Excadrill lost <abbr title="−350/361">97.0%</abbr> of its health!)</small><br></div><div class="battle-history"><small>The opposing Rillaboom was damaged by the recoil!</small><br></div><div class="spacer battle-history"><br></div><div class="battle-history">Excadrill fainted!<br></div><div class="spacer battle-history"><br></div><div class="battle-history"><small>The opposing Rillaboom's HP was restored.</small><br></div><div class="spacer battle-history"><br></div><div class="battle-history">Go! <strong>Dragonite</strong>!<br></div><div class="battle-history"><small>Pointed stones dug into Dragonite!</small><br></div><div class="spacer battle-history"><br></div><h2 class="battle-history">Turn 17</h2><div class="spacer battle-history"><br></div><div class="battle-history">kakaks withdrew Rillaboom!<br></div><div class="battle-history">kakaks sent out <strong>Zapdos</strong>!<br></div><div class="spacer battle-history"><br></div><div class="battle-history"><small>Dragonite's Draconite is reacting to the Key Stone!</small><br>Dragonite has Mega Evolved into Mega Dragonite!<br></div><div class="chat"><ul class="utilichart"><li class="result"><span class="col pokemonnamecol" style="white-space: nowrap">Dragonite-Mega</span> <span class="col typecol"><img src="https://play.pokemonshowdown.com/sprites/types/Dragon.png" alt="Dragon" height="14" width="32"><img src="https://play.pokemonshowdown.com/sprites/types/Flying.png" alt="Flying" height="14" width="32"></span> <span style="float: left ; min-height: 26px"><span class="col abilitycol">Tough Claws</span><span class="col abilitycol"></span></span><span style="float: left ; min-height: 26px"><span class="col statcol"><em>HP</em><br>91</span> <span class="col statcol"><em>Atk</em><br>164</span> <span class="col statcol"><em>Def</em><br>110</span> <span class="col statcol"><em>SpA</em><br>122</span> <span class="col statcol"><em>SpD</em><br>122</span> <span class="col statcol"><em>Spe</em><br>91</span> </span></li><li style="clear: both"></li></ul></div><div class="spacer battle-history"><br></div><div class="battle-history">Dragonite used <strong>Dragon Dance</strong>!<br></div><div class="battle-history"><small>Dragonite's Attack rose!</small><br></div><div class="battle-history"><small>Dragonite's Speed rose!</small><br></div><div class="spacer battle-history"><br></div><h2 class="battle-history">Turn 18</h2><div class="spacer battle-history"><br></div><div class="battle-history">Dragonite used <strong>Roost</strong>!<br></div><div class="battle-history"><small>Dragonite had its HP restored.</small><br></div><div class="battle-history"><small>(Dragonite loses Flying type this turn.)</small><br></div><div class="spacer battle-history"><br></div><div class="battle-history">The opposing Zapdos used <strong>U-turn</strong>!<br></div><div class="battle-history"><small>(Dragonite lost <abbr title="−40/323">12.4%</abbr> of its health!)</small><br></div><div class="chat"><small> how does win joined</small></div><div class="spacer battle-history"><br></div><div class="battle-history">The opposing Zapdos went back to kakaks!<br></div><div class="battle-history">kakaks sent out <strong>Nidoqueen</strong>!<br></div><div class="spacer battle-history"><br></div><div class="battle-history"><small>Dragonite's HP was restored.</small><br></div><div class="spacer battle-history"><br></div><h2 class="battle-history">Turn 19</h2><div class="spacer battle-history"><br></div><div class="battle-history">Dragonite used <strong>Roost</strong>!<br></div><div class="battle-history"><small>Dragonite had its HP restored.</small><br></div><div class="battle-history"><small>(Dragonite loses Flying type this turn.)</small><br></div><div class="spacer battle-history"><br></div><div class="battle-history">The opposing Nidoqueen used <strong>Milk Drink</strong>!<br></div><div class="battle-history"><small>The opposing Nidoqueen's HP is full!</small><br></div><div class="spacer battle-history"><br></div><h2 class="battle-history">Turn 20</h2><div class="spacer battle-history"><br></div><div class="battle-history">Dragonite used <strong>Dragon Dance</strong>!<br></div><div class="battle-history"><small>Dragonite's Attack rose!</small><br></div><div class="battle-history"><small>Dragonite's Speed rose!</small><br></div><div class="spacer battle-history"><br></div><div class="battle-history">The opposing Nidoqueen used <strong>Sludge Wave</strong>!<br></div><div class="battle-history"><small>(Dragonite lost <abbr title="−152/323">47.1%</abbr> of its health!)</small><br></div><div class="spacer battle-history"><br></div><div class="battle-history"><small>The grass disappeared from the battlefield.</small><br></div><div class="spacer battle-history"><br></div><h2 class="battle-history">Turn 21</h2><div class="spacer battle-history"><br></div><div class="battle-history">Dragonite used <strong>Dual Wingbeat</strong>!<br></div><div class="battle-history"><small>(The opposing Nidoqueen lost 63% of its health!)</small><br></div><div class="battle-history"><small>A critical hit!</small><br></div><div class="battle-history"><small>(The opposing Nidoqueen lost 37% of its health!)</small><br></div><div class="battle-history"><small>The Pokémon was hit 2 times!</small><br></div><div class="spacer battle-history"><br></div><div class="battle-history">The opposing Nidoqueen fainted!<br></div><div class="spacer battle-history"><br></div><div class="battle-history">kakaks sent out <strong>Rillaboom</strong>!<br></div><div class="battle-history">[The opposing Rillaboom's Grassy Surge]<br><small>Grass grew to cover the battlefield!</small><br></div><div class="spacer battle-history"><br></div><h2 class="battle-history">Turn 22</h2><div class="chat"><small> ViZarPKMN joined;  how does win left</small></div><div class="spacer battle-history"><br></div><div class="battle-history">Dragonite used <strong>Fire Punch</strong>!<br></div><div class="battle-history"><small>It's super effective!</small><br></div><div class="battle-history"><small>A critical hit!</small><br></div><div class="battle-history"><small>(The opposing Rillaboom lost 38% of its health!)</small><br></div><div class="spacer battle-history"><br></div><div class="battle-history">The opposing Rillaboom fainted!<br></div><div class="spacer battle-history"><br></div><div class="battle-history">kakaks sent out <strong>Cinderace</strong>!<br></div><div class="spacer battle-history"><br></div><h2 class="battle-history">Turn 23</h2><div class="spacer battle-history"><br></div><div class="battle-history">The opposing Cinderace used <strong>Sucker Punch</strong>!<br></div><div class="battle-history"><small>But it failed!</small><br></div><div class="spacer battle-history"><br></div><div class="battle-history">Dragonite used <strong>Roost</strong>!<br></div><div class="battle-history"><small>Dragonite had its HP restored.</small><br></div><div class="battle-history"><small>(Dragonite loses Flying type this turn.)</small><br></div><div class="spacer battle-history"><br></div><div class="battle-history"><small>The opposing Cinderace's HP was restored.</small><br></div><div class="spacer battle-history"><br></div><h2 class="battle-history">Turn 24</h2><div class="spacer battle-history"><br></div><div class="battle-history">The opposing Cinderace used <strong>Sucker Punch</strong>!<br></div><div class="battle-history">[The opposing Cinderace's Libero]<br><small>The opposing Cinderace's type changed to Dark!</small><br></div><div class="battle-history"><small>(Dragonite lost <abbr title="−102/323">31.6%</abbr> of its health!)</small><br></div><div class="spacer battle-history"><br></div><div class="battle-history">Dragonite used <strong>Dual Wingbeat</strong>!<br></div><div class="battle-history"><small>(The opposing Cinderace lost 63% of its health!)</small><br></div><div class="battle-history"><small>The Pokémon was hit 1 time!</small><br></div><div class="spacer battle-history"><br></div><div class="battle-history">The opposing Cinderace fainted!<br></div><div class="spacer battle-history"><br></div><div class="battle-history">kakaks sent out <strong>Zapdos</strong>!<br></div><div class="spacer battle-history"><br></div><h2 class="battle-history">Turn 25</h2><div class="spacer battle-history"><br></div><div class="battle-history">Dragonite used <strong>Fire Punch</strong>!<br></div><div class="battle-history"><small>(The opposing Zapdos lost 61% of its health!)</small><br></div><div class="spacer battle-history"><br></div><div class="battle-history">The opposing Zapdos used <strong>Roost</strong>!<br></div><div class="battle-history"><small>The opposing Zapdos had its HP restored.</small><br></div><div class="battle-history"><small>(The opposing Zapdos loses Flying type this turn.)</small><br></div><div class="spacer battle-history"><br></div><div class="battle-history"><small>The opposing Zapdos's HP was restored.</small><br></div><div class="spacer battle-history"><br></div><h2 class="battle-history">Turn 26</h2><div class="spacer battle-history"><br></div><div class="battle-history">Dragonite used <strong>Dragon Dance</strong>!<br></div><div class="battle-history"><small>Dragonite's Attack rose!</small><br></div><div class="battle-history"><small>Dragonite's Speed rose!</small><br></div><div class="spacer battle-history"><br></div><div class="battle-history">The opposing Zapdos used <strong>Roost</strong>!<br></div><div class="battle-history"><small>The opposing Zapdos had its HP restored.</small><br></div><div class="battle-history"><small>(The opposing Zapdos loses Flying type this turn.)</small><br></div><div class="spacer battle-history"><br></div><div class="battle-history"><small>The grass disappeared from the battlefield.</small><br></div><div class="spacer battle-history"><br></div><h2 class="battle-history">Turn 27</h2><div class="spacer battle-history"><br></div><div class="battle-history">Dragonite used <strong>Dragon Dance</strong>!<br></div><div class="battle-history"><small>Dragonite's Attack rose!</small><br></div><div class="battle-history"><small>Dragonite's Speed rose!</small><br></div><div class="spacer battle-history"><br></div><div class="battle-history">The opposing Zapdos used <strong>Discharge</strong>!<br></div><div class="battle-history"><small>(Dragonite lost <abbr title="−93/323">28.8%</abbr> of its health!)</small><br></div><div class="spacer battle-history"><br></div><h2 class="battle-history">Turn 28</h2><div class="spacer battle-history"><br></div><div class="battle-history">Dragonite used <strong>Roost</strong>!<br></div><div class="battle-history"><small>Dragonite had its HP restored.</small><br></div><div class="battle-history"><small>(Dragonite loses Flying type this turn.)</small><br></div><div class="spacer battle-history"><br></div><div class="battle-history">The opposing Zapdos used <strong>Discharge</strong>!<br></div><div class="battle-history"><small>It's not very effective...</small><br></div><div class="battle-history"><small>(Dragonite lost <abbr title="−45/323">13.9%</abbr> of its health!)</small><br></div><div class="battle-history"><small>Dragonite is paralyzed! It may be unable to move!</small><br></div><div class="spacer battle-history"><br></div><h2 class="battle-history">Turn 29</h2><div class="spacer battle-history"><br></div><div class="battle-history"><small>kakaks forfeited.</small><br></div><div class="spacer battle-history"><br></div><div class="battle-history"><strong>IsoCon</strong> won the battle!<br></div><div class="chat chatmessage-isocon mine"><strong style="color:#616adf"><small>☆</small><span class="username" data-name="IsoCon">IsoCon</span>:</strong> <em>gg</em></div><div class="chat"><small> H2OPulse joined;  ViZarPKMN,  okispokis, and  Hematemesis left</small></div></div><div class="inner-preempt message-log"></div></div></div>
</div>
<script>
let daily = Math.floor(Date.now()/1000/60/60/24);document.write('<script src="https://play.pokemonshowdown.com/js/replay-embed.js?version'+daily+'"></'+'script>');
</script>
