<!DOCTYPE html>
<meta charset="utf-8" />
<!-- version 1 -->
<title>[Gen 8] Megas for All replay: Hematemesis vs. aausma</title>
<style>
html,body {font-family:Verdana, sans-serif;font-size:10pt;margin:0;padding:0;}body{padding:12px 0;} .battle-log {font-family:Verdana, sans-serif;font-size:10pt;} .battle-log-inline {border:1px solid #AAAAAA;background:#EEF2F5;color:black;max-width:640px;margin:0 auto 80px;padding-bottom:5px;} .battle-log .inner {padding:4px 8px 0px 8px;} .battle-log .inner-preempt {padding:0 8px 4px 8px;} .battle-log .inner-after {margin-top:0.5em;} .battle-log h2 {margin:0.5em -8px;padding:4px 8px;border:1px solid #AAAAAA;background:#E0E7EA;border-left:0;border-right:0;font-family:Verdana, sans-serif;font-size:13pt;} .battle-log .chat {vertical-align:middle;padding:3px 0 3px 0;font-size:8pt;} .battle-log .chat strong {color:#40576A;} .battle-log .chat em {padding:1px 4px 1px 3px;color:#000000;font-style:normal;} .chat.mine {background:rgba(0,0,0,0.05);margin-left:-8px;margin-right:-8px;padding-left:8px;padding-right:8px;} .spoiler {color:#BBBBBB;background:#BBBBBB;padding:0px 3px;} .spoiler:hover, .spoiler:active, .spoiler-shown {color:#000000;background:#E2E2E2;padding:0px 3px;} .spoiler a {color:#BBBBBB;} .spoiler:hover a, .spoiler:active a, .spoiler-shown a {color:#2288CC;} .chat code, .chat .spoiler:hover code, .chat .spoiler:active code, .chat .spoiler-shown code {border:1px solid #C0C0C0;background:#EEEEEE;color:black;padding:0 2px;} .chat .spoiler code {border:1px solid #CCCCCC;background:#CCCCCC;color:#CCCCCC;} .battle-log .rated {padding:3px 4px;} .battle-log .rated strong {color:white;background:#89A;padding:1px 4px;border-radius:4px;} .spacer {margin-top:0.5em;} .message-announce {background:#6688AA;color:white;padding:1px 4px 2px;} .message-announce a, .broadcast-green a, .broadcast-blue a, .broadcast-red a {color:#DDEEFF;} .broadcast-green {background-color:#559955;color:white;padding:2px 4px;} .broadcast-blue {background-color:#6688AA;color:white;padding:2px 4px;} .infobox {border:1px solid #6688AA;padding:2px 4px;} .infobox-limited {max-height:200px;overflow:auto;overflow-x:hidden;} .broadcast-red {background-color:#AA5544;color:white;padding:2px 4px;} .message-learn-canlearn {font-weight:bold;color:#228822;text-decoration:underline;} .message-learn-cannotlearn {font-weight:bold;color:#CC2222;text-decoration:underline;} .message-effect-weak {font-weight:bold;color:#CC2222;} .message-effect-resist {font-weight:bold;color:#6688AA;} .message-effect-immune {font-weight:bold;color:#666666;} .message-learn-list {margin-top:0;margin-bottom:0;} .message-throttle-notice, .message-error {color:#992222;} .message-overflow, .chat small.message-overflow {font-size:0pt;} .message-overflow::before {font-size:9pt;content:'...';} .subtle {color:#3A4A66;}
</style>
<div class="wrapper replay-wrapper" style="max-width:1180px;margin:0 auto">
<input type="hidden" name="replayid" value="dragonheaven-gen8megasforall-5722" />
<div class="battle"></div><div class="battle-log"></div><div class="replay-controls"></div><div class="replay-controls-2"></div>
<h1 style="font-weight:normal;text-align:center"><strong>[Gen 8] Megas for All</strong><br /><a href="http://pokemonshowdown.com/users/hematemesis" class="subtle" target="_blank">Hematemesis</a> vs. <a href="http://pokemonshowdown.com/users/aausma" class="subtle" target="_blank">aausma</a></h1>
<script type="text/plain" class="battle-log-data">|j|☆Hematemesis


|j|☆aausma


|player|p1|Hematemesis|shauntal|


|player|p2|aausma|bianca-pwt|
|teamsize|p1|6
|teamsize|p2|6
|gametype|singles
|gen|8
|tier|[Gen 8] Megas for All
|clearpoke
|poke|p1|Clefable, F|
|poke|p1|Rotom-Heat|
|poke|p1|Hippowdon, M|
|poke|p1|Corviknight, M|
|poke|p1|Dragapult, F|
|poke|p1|Lycanroc-Midnight, M|
|poke|p2|Eelektross, M|
|poke|p2|Tapu Fini|
|poke|p2|Melmetal|
|poke|p2|Volcarona, M|
|poke|p2|Landorus-Therian, M|
|poke|p2|Serperior, M|
|rule|HP Percentage Mod: HP is shown in percentages
|rule|Endless Battle Clause: Forcing endless battles is banned
|rule|OHKO Clause: OHKO moves are banned
|rule|Evasion Moves Clause: Evasion moves are banned
|rule|Species Clause: Limit one of each Pokémon
|rule|Dynamax Clause: You cannot dynamax
|rule|Sleep Clause Mod: Limit one foe put to sleep
|teampreview


|j| photosynthesizing


|
|start
|switch|p1a: American Pie|Rotom-Heat|241\/241
|switch|p2a: CAMO EEL|Eelektross, M|100\/100
|turn|1


|
|switch|p2a: Landorus|Landorus-Therian, M|100\/100
|-ability|p2a: Landorus|Intimidate|boost
|-unboost|p1a: American Pie|atk|1
|move|p1a: American Pie|Volt Switch|p2a: Landorus
|-immune|p2a: Landorus
|
|upkeep
|turn|2


|
|switch|p1a: The Matrix|Corviknight, M|399\/399
|-ability|p1a: The Matrix|Pressure
|move|p2a: Landorus|Knock Off|p1a: The Matrix
|-damage|p1a: The Matrix|331\/399
|-enditem|p1a: The Matrix|Leftovers|[from] move: Knock Off|[of] p2a: Landorus
|
|upkeep
|turn|3


|
|move|p2a: Landorus|U-turn|p1a: The Matrix
|-resisted|p1a: The Matrix
|-damage|p1a: The Matrix|317\/399


|c|☆aausma|i


|c|☆aausma|misclicked


|c|☆aausma|a


|c|☆aausma|okj


|
|switch|p2a: CAMO EEL|Eelektross, M|100\/100|[from]move: U-turn
|move|p1a: The Matrix|U-turn|p2a: CAMO EEL
|-damage|p2a: CAMO EEL|86\/100


|c|☆aausma|yeah


|c|☆aausma|i knew that was coming out


|c|☆aausma|nooooooo


|c|☆aausma|i clicked rocks


|
|switch|p1a: American Pie|Rotom-Heat|241\/241
|
|upkeep
|turn|4


|j| zxgzxg


|
|detailschange|p2a: CAMO EEL|Eelektross-Mega, M
|-mega|p2a: CAMO EEL|Eelektross|Eelektrossite
|-ability|p2a: CAMO EEL|Luster Swap
|-message|CAMO EEL can't hit American Pie super effectively!
|raw|<ul class="utilichart"><li class="result"><span class="col numcol">Illegal<\/span> <span class="col pokemonnamecol" style="white-space: nowrap">Eelektross-Mega<\/span> <span class="col typecol"><img src="https:\/\/play.pokemonshowdown.com\/sprites\/types\/Electric.png" alt="Electric" height="14" width="32"><\/span> <span style="float: left ; min-height: 26px"><span class="col abilitycol">Luster Swap<\/span><span class="col abilitycol"><\/span><\/span><span style="float: left ; min-height: 26px"><span class="col statcol"><em>HP<\/em><br>85<\/span> <span class="col statcol"><em>Atk<\/em><br>125<\/span> <span class="col statcol"><em>Def<\/em><br>100<\/span> <span class="col statcol"><em>SpA<\/em><br>125<\/span> <span class="col statcol"><em>SpD<\/em><br>100<\/span> <span class="col statcol"><em>Spe<\/em><br>80<\/span> <\/span><\/li><li style="clear: both"><\/li><\/ul>
|move|p1a: American Pie|Volt Switch|p2a: CAMO EEL
|-resisted|p2a: CAMO EEL
|-damage|p2a: CAMO EEL|75\/100


|
|switch|p1a: Office Space|Hippowdon, M|419\/419
|-weather|Sandstorm|[from] ability: Sand Stream|[of] p1a: Office Space
|move|p2a: CAMO EEL|Knock Off|p1a: Office Space
|-damage|p1a: Office Space|357\/419
|-enditem|p1a: Office Space|Leftovers|[from] move: Knock Off|[of] p2a: CAMO EEL
|
|-weather|Sandstorm|[upkeep]
|-damage|p2a: CAMO EEL|68\/100|[from] Sandstorm
|upkeep
|turn|5


|
|switch|p2a: Tapu Fini|Tapu Fini|100\/100
|-fieldstart|move: Misty Terrain|[from] ability: Misty Surge|[of] p2a: Tapu Fini
|move|p1a: Office Space|Stealth Rock|p2a: Tapu Fini
|-sidestart|p2: aausma|move: Stealth Rock
|
|-weather|Sandstorm|[upkeep]
|-damage|p2a: Tapu Fini|94\/100|[from] Sandstorm
|-heal|p2a: Tapu Fini|100\/100|[from] item: Leftovers
|upkeep
|turn|6


|
|switch|p1a: American Pie|Rotom-Heat|241\/241
|move|p2a: Tapu Fini|Surf|p1a: American Pie
|-supereffective|p1a: American Pie
|-damage|p1a: American Pie|49\/241
|
|-weather|Sandstorm|[upkeep]
|-damage|p1a: American Pie|34\/241|[from] Sandstorm
|-damage|p2a: Tapu Fini|94\/100|[from] Sandstorm
|-heal|p2a: Tapu Fini|100\/100|[from] item: Leftovers
|upkeep
|turn|7


|
|switch|p2a: Landorus|Landorus-Therian, M|100\/100
|-damage|p2a: Landorus|88\/100|[from] Stealth Rock
|-ability|p2a: Landorus|Intimidate|boost
|-unboost|p1a: American Pie|atk|1
|move|p1a: American Pie|Trick|p2a: Landorus
|-activate|p1a: American Pie|move: Trick|[of] p2a: Landorus
|-item|p2a: Landorus|Choice Scarf|[from] move: Trick
|-item|p1a: American Pie|Rocky Helmet|[from] move: Trick
|
|-weather|Sandstorm|[upkeep]
|-damage|p1a: American Pie|19\/241|[from] Sandstorm
|upkeep
|turn|8


|
|move|p2a: Landorus|U-turn|p1a: American Pie
|-resisted|p1a: American Pie
|-damage|p1a: American Pie|0 fnt
|-damage|p2a: Landorus|72\/100|[from] item: Rocky Helmet|[of] p1a: American Pie
|faint|p1a: American Pie


|
|switch|p2a: Serperior|Serperior, M|100\/100|[from]move: U-turn
|-damage|p2a: Serperior|88\/100|[from] Stealth Rock
|
|-weather|none
|upkeep


|
|switch|p1a: Boondock Saints|Dragapult, F|317\/317
|turn|9


|
|move|p2a: Serperior|Glare|p1a: Boondock Saints
|-activate|p1a: Boondock Saints|move: Misty Terrain
|move|p1a: Boondock Saints|Dragon Dance|p1a: Boondock Saints
|-boost|p1a: Boondock Saints|atk|1
|-boost|p1a: Boondock Saints|spe|1
|
|-fieldend|Misty Terrain
|upkeep
|turn|10


|c|☆aausma|well


|c|☆aausma|im a clown


|
|move|p1a: Boondock Saints|Phantom Force||[still]
|-prepare|p1a: Boondock Saints|Phantom Force|p2a: Serperior
|move|p2a: Serperior|Glare|p1a: Boondock Saints|[miss]
|-miss|p2a: Serperior|p1a: Boondock Saints
|
|upkeep
|turn|11


|
|move|p1a: Boondock Saints|Phantom Force|p2a: Serperior|[from]lockedmove
|-damage|p2a: Serperior|7\/100
|move|p2a: Serperior|Glare|p1a: Boondock Saints
|-status|p1a: Boondock Saints|par
|
|upkeep
|turn|12


|
|switch|p2a: Tapu Fini|Tapu Fini|100\/100
|-damage|p2a: Tapu Fini|88\/100|[from] Stealth Rock
|-fieldstart|move: Misty Terrain|[from] ability: Misty Surge|[of] p2a: Tapu Fini
|cant|p1a: Boondock Saints|par
|
|-heal|p2a: Tapu Fini|94\/100|[from] item: Leftovers
|upkeep
|turn|13


|
|switch|p1a: American Beauty|Clefable, F|393\/393
|move|p2a: Tapu Fini|Moonblast|p1a: American Beauty
|-damage|p1a: American Beauty|303\/393
|
|-heal|p2a: Tapu Fini|99\/100|[from] item: Leftovers
|-heal|p1a: American Beauty|327\/393|[from] item: Leftovers
|upkeep
|turn|14


|
|move|p2a: Tapu Fini|Taunt|p1a: American Beauty
|-start|p1a: American Beauty|move: Taunt
|move|p1a: American Beauty|Moonblast|p2a: Tapu Fini
|-damage|p2a: Tapu Fini|75\/100
|
|-heal|p2a: Tapu Fini|81\/100|[from] item: Leftovers
|-heal|p1a: American Beauty|351\/393|[from] item: Leftovers
|upkeep
|turn|15


|
|switch|p2a: Melmetal|Melmetal|100\/100
|-damage|p2a: Melmetal|94\/100|[from] Stealth Rock
|move|p1a: American Beauty|Moonblast|p2a: Melmetal
|-resisted|p2a: Melmetal
|-damage|p2a: Melmetal|77\/100
|
|-heal|p1a: American Beauty|375\/393|[from] item: Leftovers
|upkeep
|turn|16


|
|switch|p1a: Office Space|Hippowdon, M|357\/419
|-weather|Sandstorm|[from] ability: Sand Stream|[of] p1a: Office Space
|move|p2a: Melmetal|Thunder Punch|p1a: Office Space
|-immune|p1a: Office Space
|
|-weather|Sandstorm|[upkeep]
|-fieldend|Misty Terrain
|upkeep
|turn|17


|c|☆Hematemesis|dangit darts woulda killed I think


|
|switch|p2a: Landorus|Landorus-Therian, M|72\/100
|-damage|p2a: Landorus|59\/100|[from] Stealth Rock
|-ability|p2a: Landorus|Intimidate|boost
|-unboost|p1a: Office Space|atk|1
|move|p1a: Office Space|Whirlwind|p2a: Landorus
|drag|p2a: Serperior|Serperior, M|7\/100
|-damage|p2a: Serperior|0 fnt|[from] Stealth Rock
|faint|p2a: Serperior
|
|-weather|Sandstorm|[upkeep]
|upkeep


|
|switch|p2a: CAMO EEL|Eelektross-Mega, M|68\/100
|-damage|p2a: CAMO EEL|56\/100|[from] Stealth Rock
|-ability|p2a: CAMO EEL|Luster Swap
|-message|CAMO EEL can't hit Office Space super effectively!
|turn|18


|j| shadowpeashooter7


|
|move|p2a: CAMO EEL|Recover|p2a: CAMO EEL
|-heal|p2a: CAMO EEL|100\/100
|move|p1a: Office Space|Whirlwind|p2a: CAMO EEL
|drag|p2a: Melmetal|Melmetal|77\/100
|-damage|p2a: Melmetal|71\/100|[from] Stealth Rock
|
|-weather|Sandstorm|[upkeep]
|upkeep
|turn|19


|l| shadowpeashooter7


|
|move|p2a: Melmetal|Double Iron Bash|p1a: Office Space
|-damage|p1a: Office Space|212\/419
|-damage|p1a: Office Space|71\/419
|-hitcount|p1a: Office Space|2
|move|p1a: Office Space|Whirlwind|p2a: Melmetal
|drag|p2a: CAMO EEL|Eelektross-Mega, M|100\/100
|-damage|p2a: CAMO EEL|88\/100|[from] Stealth Rock
|-ability|p2a: CAMO EEL|Luster Swap
|-message|CAMO EEL can't hit Office Space super effectively!
|
|-weather|Sandstorm|[upkeep]
|-damage|p2a: CAMO EEL|82\/100|[from] Sandstorm
|upkeep
|turn|20


|
|move|p2a: CAMO EEL|Flamethrower|p1a: Office Space
|-damage|p1a: Office Space|0 fnt
|faint|p1a: Office Space
|
|-weather|none
|upkeep


|
|switch|p1a: Fight Club|Lycanroc-Midnight, M|311\/311
|turn|21


|
|switch|p2a: Landorus|Landorus-Therian, M|59\/100
|-damage|p2a: Landorus|47\/100|[from] Stealth Rock
|-ability|p2a: Landorus|Intimidate|boost
|-unboost|p1a: Fight Club|atk|1
|move|p1a: Fight Club|Rock Polish|p1a: Fight Club
|-boost|p1a: Fight Club|spe|2
|
|upkeep
|turn|22


|c|☆aausma|shiiiiiit


|
|detailschange|p1a: Fight Club|Lycanroc-Midnight-Mega, M
|-mega|p1a: Fight Club|Lycanroc|Lycanite
|raw|<ul class="utilichart"><li class="result"><span class="col numcol">PU<\/span> <span class="col pokemonnamecol" style="white-space: nowrap">Lycanroc-Midnight-Mega<\/span> <span class="col typecol"><img src="https:\/\/play.pokemonshowdown.com\/sprites\/types\/Rock.png" alt="Rock" height="14" width="32"><img src="https:\/\/play.pokemonshowdown.com\/sprites\/types\/Dark.png" alt="Dark" height="14" width="32"><\/span> <span style="float: left ; min-height: 26px"><span class="col abilitycol">Reckless<\/span><span class="col abilitycol"><\/span><\/span><span style="float: left ; min-height: 26px"><span class="col statcol"><em>HP<\/em><br>85<\/span> <span class="col statcol"><em>Atk<\/em><br>155<\/span> <span class="col statcol"><em>Def<\/em><br>115<\/span> <span class="col statcol"><em>SpA<\/em><br>65<\/span> <span class="col statcol"><em>SpD<\/em><br>75<\/span> <span class="col statcol"><em>Spe<\/em><br>92<\/span> <\/span><\/li><li style="clear: both"><\/li><\/ul>
|move|p1a: Fight Club|Head Smash|p2a: Landorus
|-damage|p2a: Landorus|0 fnt
|-damage|p1a: Fight Club|222\/311|[from] Recoil
|faint|p2a: Landorus
|
|upkeep


|
|switch|p2a: Melmetal|Melmetal|71\/100
|-damage|p2a: Melmetal|65\/100|[from] Stealth Rock
|turn|23


|
|move|p1a: Fight Club|Close Combat|p2a: Melmetal
|-supereffective|p2a: Melmetal
|-damage|p2a: Melmetal|30\/100
|-unboost|p1a: Fight Club|def|1
|-unboost|p1a: Fight Club|spd|1
|move|p2a: Melmetal|Double Iron Bash|p1a: Fight Club
|-supereffective|p1a: Fight Club
|-damage|p1a: Fight Club|0 fnt
|-hitcount|p1a: Fight Club|1
|faint|p1a: Fight Club
|
|upkeep


|
|switch|p1a: Boondock Saints|Dragapult, F|317\/317 par
|turn|24


|
|switch|p2a: CAMO EEL|Eelektross-Mega, M|82\/100
|-damage|p2a: CAMO EEL|70\/100|[from] Stealth Rock
|-ability|p2a: CAMO EEL|Luster Swap
|-message|CAMO EEL changed its type to match its Knock Off!
|-start|p2a: CAMO EEL|typechange|Dark
|cant|p1a: Boondock Saints|par
|
|upkeep
|turn|25


|
|switch|p1a: American Beauty|Clefable, F|375\/393
|move|p2a: CAMO EEL|Knock Off|p1a: American Beauty
|-resisted|p1a: American Beauty
|-damage|p1a: American Beauty|288\/393
|-enditem|p1a: American Beauty|Leftovers|[from] move: Knock Off|[of] p2a: CAMO EEL
|
|upkeep
|turn|26


|
|move|p2a: CAMO EEL|U-turn|p1a: American Beauty
|-resisted|p1a: American Beauty
|-damage|p1a: American Beauty|249\/393


|
|switch|p2a: Melmetal|Melmetal|30\/100|[from]move: U-turn
|-damage|p2a: Melmetal|23\/100|[from] Stealth Rock
|move|p1a: American Beauty|Moonblast|p2a: Melmetal
|-resisted|p2a: Melmetal
|-damage|p2a: Melmetal|7\/100
|
|upkeep
|turn|27


|c|☆aausma|oh i misclicked


|c|☆aausma|agian


|c|☆aausma| fuck


|
|switch|p1a: The Matrix|Corviknight, M|317\/399
|-ability|p1a: The Matrix|Pressure
|move|p2a: Melmetal|Double Iron Bash|p1a: The Matrix
|-resisted|p1a: The Matrix
|-damage|p1a: The Matrix|242\/399
|-resisted|p1a: The Matrix
|-damage|p1a: The Matrix|158\/399
|-hitcount|p1a: The Matrix|2
|
|upkeep
|turn|28


|
|move|p1a: The Matrix|Roost|p1a: The Matrix
|-heal|p1a: The Matrix|358\/399
|-singleturn|p1a: The Matrix|move: Roost
|move|p2a: Melmetal|Double Iron Bash|p1a: The Matrix
|-resisted|p1a: The Matrix
|-damage|p1a: The Matrix|272\/399
|-resisted|p1a: The Matrix
|-damage|p1a: The Matrix|197\/399
|-hitcount|p1a: The Matrix|2
|
|upkeep
|turn|29


|
|switch|p2a: CAMO EEL|Eelektross-Mega, M|70\/100
|-damage|p2a: CAMO EEL|57\/100|[from] Stealth Rock
|-ability|p2a: CAMO EEL|Luster Swap
|-message|CAMO EEL changed its type to match its Flamethrower!
|-start|p2a: CAMO EEL|typechange|Fire
|move|p1a: The Matrix|Roost|p1a: The Matrix
|-heal|p1a: The Matrix|397\/399
|-singleturn|p1a: The Matrix|move: Roost
|
|upkeep
|turn|30


|
|switch|p1a: American Beauty|Clefable, F|249\/393
|move|p2a: CAMO EEL|Flamethrower|p1a: American Beauty
|-damage|p1a: American Beauty|147\/393
|-status|p1a: American Beauty|brn
|
|upkeep
|turn|31


|
|move|p2a: CAMO EEL|Recover|p2a: CAMO EEL
|-heal|p2a: CAMO EEL|100\/100
|move|p1a: American Beauty|Wish|p1a: American Beauty
|
|upkeep
|turn|32


|
|switch|p2a: Volcarona|Volcarona, M|100\/100
|move|p1a: American Beauty|Moonblast|p2a: Volcarona
|-resisted|p2a: Volcarona
|-damage|p2a: Volcarona|83\/100
|
|-heal|p1a: American Beauty|343\/393 brn|[from] move: Wish|[wisher] American Beauty
|upkeep
|turn|33


|
|move|p2a: Volcarona|Quiver Dance|p2a: Volcarona
|-boost|p2a: Volcarona|spa|1
|-boost|p2a: Volcarona|spd|1
|-boost|p2a: Volcarona|spe|1
|move|p1a: American Beauty|Teleport|p1a: American Beauty


|
|switch|p1a: Boondock Saints|Dragapult, F|317\/317 par
|
|upkeep
|turn|34


|c|☆Hematemesis|time to lose


|
|move|p2a: Volcarona|Quiver Dance|p2a: Volcarona
|-boost|p2a: Volcarona|spa|1
|-boost|p2a: Volcarona|spd|1
|-boost|p2a: Volcarona|spe|1
|-zpower|p1a: Boondock Saints
|move|p1a: Boondock Saints|Never-Ending Nightmare|p2a: Volcarona|[zeffect]
|-damage|p2a: Volcarona|0 fnt
|faint|p2a: Volcarona
|
|upkeep


|
|switch|p2a: CAMO EEL|Eelektross-Mega, M|100\/100
|-damage|p2a: CAMO EEL|88\/100|[from] Stealth Rock
|-ability|p2a: CAMO EEL|Luster Swap
|-message|CAMO EEL changed its type to match its Knock Off!
|-start|p2a: CAMO EEL|typechange|Dark
|turn|35


|
|switch|p1a: American Beauty|Clefable, F|343\/393 brn
|move|p2a: CAMO EEL|U-turn|p1a: American Beauty
|-resisted|p1a: American Beauty
|-damage|p1a: American Beauty|301\/393 brn


|
|switch|p2a: Tapu Fini|Tapu Fini|81\/100|[from]move: U-turn
|-damage|p2a: Tapu Fini|68\/100|[from] Stealth Rock
|-fieldstart|move: Misty Terrain|[from] ability: Misty Surge|[of] p2a: Tapu Fini
|
|-heal|p2a: Tapu Fini|74\/100|[from] item: Leftovers
|upkeep
|turn|36


|
|switch|p1a: The Matrix|Corviknight, M|397\/399
|-ability|p1a: The Matrix|Pressure
|move|p2a: Tapu Fini|Nature's Madness|p1a: The Matrix
|-damage|p1a: The Matrix|199\/399
|
|-heal|p2a: Tapu Fini|80\/100|[from] item: Leftovers
|upkeep
|turn|37


|
|move|p2a: Tapu Fini|Taunt|p1a: The Matrix
|-start|p1a: The Matrix|move: Taunt
|move|p1a: The Matrix|Brave Bird|p2a: Tapu Fini
|-damage|p2a: Tapu Fini|57\/100
|-damage|p1a: The Matrix|173\/399|[from] Recoil
|
|-heal|p2a: Tapu Fini|64\/100|[from] item: Leftovers
|upkeep
|turn|38


|
|move|p2a: Tapu Fini|Nature's Madness|p1a: The Matrix
|-damage|p1a: The Matrix|87\/399
|move|p1a: The Matrix|Brave Bird|p2a: Tapu Fini
|-damage|p2a: Tapu Fini|37\/100
|-damage|p1a: The Matrix|57\/399|[from] Recoil
|
|-heal|p2a: Tapu Fini|43\/100|[from] item: Leftovers
|upkeep
|turn|39


|
|move|p2a: Tapu Fini|Surf|p1a: The Matrix
|-damage|p1a: The Matrix|0 fnt
|faint|p1a: The Matrix
|
|-heal|p2a: Tapu Fini|49\/100|[from] item: Leftovers
|-fieldend|Misty Terrain
|upkeep


|
|switch|p1a: American Beauty|Clefable, F|301\/393 brn
|turn|40


|
|move|p2a: Tapu Fini|Nature's Madness|p1a: American Beauty
|-damage|p1a: American Beauty|151\/393 brn
|move|p1a: American Beauty|Moonblast|p2a: Tapu Fini
|-damage|p2a: Tapu Fini|23\/100
|
|-heal|p2a: Tapu Fini|29\/100|[from] item: Leftovers
|upkeep
|turn|41


|
|move|p2a: Tapu Fini|Taunt|p1a: American Beauty
|-start|p1a: American Beauty|move: Taunt
|move|p1a: American Beauty|Moonblast|p2a: Tapu Fini
|-damage|p2a: Tapu Fini|2\/100
|
|-heal|p2a: Tapu Fini|8\/100|[from] item: Leftovers
|upkeep
|turn|42


|
|move|p2a: Tapu Fini|Moonblast|p1a: American Beauty
|-damage|p1a: American Beauty|64\/393 brn
|move|p1a: American Beauty|Moonblast|p2a: Tapu Fini
|-damage|p2a: Tapu Fini|0 fnt
|faint|p2a: Tapu Fini
|
|upkeep


|
|switch|p2a: CAMO EEL|Eelektross-Mega, M|88\/100
|-damage|p2a: CAMO EEL|76\/100|[from] Stealth Rock
|-ability|p2a: CAMO EEL|Luster Swap
|-message|CAMO EEL can't hit American Beauty super effectively!
|turn|43


|
|move|p2a: CAMO EEL|Flamethrower|p1a: American Beauty
|-damage|p1a: American Beauty|0 fnt
|faint|p1a: American Beauty
|
|upkeep


|
|switch|p1a: Boondock Saints|Dragapult, F|317\/317 par
|turn|44


|
|switch|p2a: Melmetal|Melmetal|7\/100
|-damage|p2a: Melmetal|1\/100|[from] Stealth Rock
|move|p1a: Boondock Saints|Dragon Dance|p1a: Boondock Saints
|-boost|p1a: Boondock Saints|atk|1
|-boost|p1a: Boondock Saints|spe|1
|
|upkeep
|turn|45


|
|move|p1a: Boondock Saints|Dragon Darts|p2a: Melmetal
|-resisted|p2a: Melmetal
|-damage|p2a: Melmetal|0 fnt
|faint|p2a: Melmetal
|
|upkeep


|
|switch|p2a: CAMO EEL|Eelektross-Mega, M|76\/100
|-damage|p2a: CAMO EEL|64\/100|[from] Stealth Rock
|-ability|p2a: CAMO EEL|Luster Swap
|-message|CAMO EEL changed its type to match its Knock Off!
|-start|p2a: CAMO EEL|typechange|Dark
|turn|46


|
|move|p1a: Boondock Saints|Dragon Darts|p2a: CAMO EEL
|-damage|p2a: CAMO EEL|29\/100
|-anim|p1a: Boondock Saints|Dragon Darts|p2a: CAMO EEL
|-damage|p2a: CAMO EEL|0 fnt
|faint|p2a: CAMO EEL
|
|win|Hematemesis


|c|☆aausma|gg


|c|☆Hematemesis|gg


|c|☆Hematemesis|had to get lucky to win that


|c|☆aausma|that misclick early on was rough
</script>
</div>
<div class="battle-log battle-log-inline"><div class="inner"><div class="battle-options"><div style="padding-top: 3px; padding-right: 3px; text-align: right"><button class="icon button" name="openBattleOptions" title="Options">Battle Options</button></div></div><div class="inner message-log"><div class="chat"><small>☆Hematemesis and ☆aausma joined</small></div><div class=""><small>Format:</small> <br><strong>[Gen 8] Megas for All</strong></div><div class=""><small><em>HP Percentage Mod:</em> HP is shown in percentages</small></div><div class=""><small><em>Endless Battle Clause:</em> Forcing endless battles is banned</small></div><div class=""><small><em>OHKO Clause:</em> OHKO moves are banned</small></div><div class=""><small><em>Evasion Moves Clause:</em> Evasion moves are banned</small></div><div class=""><small><em>Species Clause:</em> Limit one of each Pokémon</small></div><div class=""><small><em>Dynamax Clause:</em> You cannot dynamax</small></div><div class=""><small><em>Sleep Clause Mod:</em> Limit one foe put to sleep</small></div><div class="chat battle-history"><strong>Hematemesis's team:</strong> <em style="color:#445566;display:block;">Clefable / Rotom-Heat / Hippowdon / Corviknight / Dragapult / Lycanroc-Midnight</em></div><div class="chat battle-history"><strong>aausma's team:</strong> <em style="color:#445566;display:block;">Eelektross / Tapu Fini / Melmetal / Volcarona / Landorus-Therian / Serperior</em></div><div class="chat"><small> photosynthesizing joined</small></div><div class="spacer battle-history"><br></div><div class="battle-history">Battle started between Hematemesis and aausma!<br></div><div class="spacer battle-history"><br></div><div class="battle-history">Go! American Pie (<strong>Rotom-Heat</strong>)!<br></div><div class="spacer battle-history"><br></div><div class="battle-history">aausma sent out CAMO EEL (<strong>Eelektross</strong>)!<br></div><div class="spacer battle-history"><br></div><h2 class="battle-history">Turn 1</h2><div class="spacer battle-history"><br></div><div class="battle-history">aausma withdrew CAMO EEL!<br></div><div class="battle-history">aausma sent out Landorus (<strong>Landorus-Therian</strong>)!<br></div><div class="battle-history">[The opposing Landorus's Intimidate]<br></div><div class="battle-history"><small>American Pie's Attack fell!</small><br></div><div class="spacer battle-history"><br></div><div class="battle-history">American Pie used <strong>Volt Switch</strong>!<br></div><div class="battle-history"><small>It doesn't affect the opposing Landorus...</small><br></div><div class="spacer battle-history"><br></div><h2 class="battle-history">Turn 2</h2><div class="spacer battle-history"><br></div><div class="battle-history">American Pie went back to Hematemesis!<br></div><div class="battle-history">Go! The Matrix (<strong>Corviknight</strong>)!<br></div><div class="battle-history">[The Matrix's Pressure]<br><small>The Matrix is exerting its pressure!</small><br></div><div class="spacer battle-history"><br></div><div class="battle-history">The opposing Landorus used <strong>Knock Off</strong>!<br></div><div class="battle-history"><small>(The Matrix lost <abbr title="−68/399">17.0%</abbr> of its health!)</small><br></div><div class="battle-history"><small>The opposing Landorus knocked off The Matrix's Leftovers!</small><br></div><div class="spacer battle-history"><br></div><h2 class="battle-history">Turn 3</h2><div class="spacer battle-history"><br></div><div class="battle-history">The opposing Landorus used <strong>U-turn</strong>!<br></div><div class="battle-history"><small>It's not very effective...</small><br></div><div class="battle-history"><small>(The Matrix lost <abbr title="−14/399">3.5%</abbr> of its health!)</small><br></div><div class="chat chatmessage-aausma"><strong style="color:#18a81f"><small>☆</small><span class="username" data-name="aausma">aausma</span>:</strong> <em>i</em></div><div class="chat chatmessage-aausma"><strong style="color:#18a81f"><small>☆</small><span class="username" data-name="aausma">aausma</span>:</strong> <em>misclicked</em></div><div class="chat chatmessage-aausma"><strong style="color:#18a81f"><small>☆</small><span class="username" data-name="aausma">aausma</span>:</strong> <em>a</em></div><div class="chat chatmessage-aausma"><strong style="color:#18a81f"><small>☆</small><span class="username" data-name="aausma">aausma</span>:</strong> <em>okj</em></div><div class="spacer battle-history"><br></div><div class="battle-history">The opposing Landorus went back to aausma!<br></div><div class="battle-history">aausma sent out CAMO EEL (<strong>Eelektross</strong>)!<br></div><div class="spacer battle-history"><br></div><div class="battle-history">The Matrix used <strong>U-turn</strong>!<br></div><div class="battle-history"><small>(The opposing CAMO EEL lost 14% of its health!)</small><br></div><div class="chat chatmessage-aausma"><strong style="color:#18a81f"><small>☆</small><span class="username" data-name="aausma">aausma</span>:</strong> <em>yeah</em></div><div class="chat chatmessage-aausma"><strong style="color:#18a81f"><small>☆</small><span class="username" data-name="aausma">aausma</span>:</strong> <em>i knew that was coming out</em></div><div class="chat chatmessage-aausma"><strong style="color:#18a81f"><small>☆</small><span class="username" data-name="aausma">aausma</span>:</strong> <em>nooooooo</em></div><div class="chat chatmessage-aausma"><strong style="color:#18a81f"><small>☆</small><span class="username" data-name="aausma">aausma</span>:</strong> <em>i clicked rocks</em></div><div class="spacer battle-history"><br></div><div class="battle-history">The Matrix went back to Hematemesis!<br></div><div class="battle-history">Go! American Pie (<strong>Rotom-Heat</strong>)!<br></div><div class="spacer battle-history"><br></div><h2 class="battle-history">Turn 4</h2><div class="chat"><small> zxgzxg joined</small></div><div class="spacer battle-history"><br></div><div class="battle-history"><small>The opposing CAMO EEL's Eelektrossite is reacting to the Key Stone!</small><br>The opposing CAMO EEL has Mega Evolved into Mega Eelektross!<br></div><div class="battle-history">[The opposing CAMO EEL's Luster Swap]<br></div><div class="battle-history"><small>CAMO EEL can't hit American Pie super effectively!</small><br></div><div class="chat"><ul class="utilichart"><li class="result"><span class="col numcol">Illegal</span> <span class="col pokemonnamecol" style="white-space: nowrap">Eelektross-Mega</span> <span class="col typecol"><img src="https://play.pokemonshowdown.com/sprites/types/Electric.png" alt="Electric" height="14" width="32"></span> <span style="float: left ; min-height: 26px"><span class="col abilitycol">Luster Swap</span><span class="col abilitycol"></span></span><span style="float: left ; min-height: 26px"><span class="col statcol"><em>HP</em><br>85</span> <span class="col statcol"><em>Atk</em><br>125</span> <span class="col statcol"><em>Def</em><br>100</span> <span class="col statcol"><em>SpA</em><br>125</span> <span class="col statcol"><em>SpD</em><br>100</span> <span class="col statcol"><em>Spe</em><br>80</span> </span></li><li style="clear: both"></li></ul></div><div class="spacer battle-history"><br></div><div class="battle-history">American Pie used <strong>Volt Switch</strong>!<br></div><div class="battle-history"><small>It's not very effective...</small><br></div><div class="battle-history"><small>(The opposing CAMO EEL lost 11% of its health!)</small><br></div><div class="spacer battle-history"><br></div><div class="battle-history">American Pie went back to Hematemesis!<br></div><div class="battle-history">Go! Office Space (<strong>Hippowdon</strong>)!<br></div><div class="battle-history">[Office Space's Sand Stream]<br><small>A sandstorm kicked up!</small><br></div><div class="spacer battle-history"><br></div><div class="battle-history">The opposing CAMO EEL used <strong>Knock Off</strong>!<br></div><div class="battle-history"><small>(Office Space lost <abbr title="−62/419">14.8%</abbr> of its health!)</small><br></div><div class="battle-history"><small>The opposing CAMO EEL knocked off Office Space's Leftovers!</small><br></div><div class="spacer battle-history"><br></div><div class="battle-history"><small>(The sandstorm is raging.)</small><br></div><div class="battle-history"><small>The opposing CAMO EEL is buffeted by the sandstorm!</small><br></div><div class="spacer battle-history"><br></div><h2 class="battle-history">Turn 5</h2><div class="spacer battle-history"><br></div><div class="battle-history">aausma withdrew CAMO EEL!<br></div><div class="battle-history">aausma sent out <strong>Tapu Fini</strong>!<br></div><div class="battle-history">[The opposing Tapu Fini's Misty Surge]<br><small>Mist swirled around the battlefield!</small><br></div><div class="spacer battle-history"><br></div><div class="battle-history">Office Space used <strong>Stealth Rock</strong>!<br></div><div class="battle-history"><small>Pointed stones float in the air around the opposing team!</small><br></div><div class="spacer battle-history"><br></div><div class="battle-history"><small>(The sandstorm is raging.)</small><br></div><div class="battle-history"><small>The opposing Tapu Fini is buffeted by the sandstorm!</small><br></div><div class="battle-history"><small>The opposing Tapu Fini restored a little HP using its Leftovers!</small><br></div><div class="spacer battle-history"><br></div><h2 class="battle-history">Turn 6</h2><div class="spacer battle-history"><br></div><div class="battle-history">Office Space, come back!<br></div><div class="battle-history">Go! American Pie (<strong>Rotom-Heat</strong>)!<br></div><div class="spacer battle-history"><br></div><div class="battle-history">The opposing Tapu Fini used <strong>Surf</strong>!<br></div><div class="battle-history"><small>It's super effective!</small><br></div><div class="battle-history"><small>(American Pie lost <abbr title="−192/241">79.7%</abbr> of its health!)</small><br></div><div class="spacer battle-history"><br></div><div class="battle-history"><small>(The sandstorm is raging.)</small><br></div><div class="battle-history"><small>American Pie is buffeted by the sandstorm!</small><br></div><div class="battle-history"><small>The opposing Tapu Fini is buffeted by the sandstorm!</small><br></div><div class="battle-history"><small>The opposing Tapu Fini restored a little HP using its Leftovers!</small><br></div><div class="spacer battle-history"><br></div><h2 class="battle-history">Turn 7</h2><div class="spacer battle-history"><br></div><div class="battle-history">aausma withdrew Tapu Fini!<br></div><div class="battle-history">aausma sent out Landorus (<strong>Landorus-Therian</strong>)!<br></div><div class="battle-history"><small>Pointed stones dug into the opposing Landorus!</small><br></div><div class="battle-history">[The opposing Landorus's Intimidate]<br></div><div class="battle-history"><small>American Pie's Attack fell!</small><br></div><div class="spacer battle-history"><br></div><div class="battle-history">American Pie used <strong>Trick</strong>!<br></div><div class="battle-history"><small>American Pie switched items with its target!</small><br></div><div class="battle-history"><small>The opposing Landorus obtained one Choice Scarf.</small><br></div><div class="battle-history"><small>American Pie obtained one Rocky Helmet.</small><br></div><div class="spacer battle-history"><br></div><div class="battle-history"><small>(The sandstorm is raging.)</small><br></div><div class="battle-history"><small>American Pie is buffeted by the sandstorm!</small><br></div><div class="spacer battle-history"><br></div><h2 class="battle-history">Turn 8</h2><div class="spacer battle-history"><br></div><div class="battle-history">The opposing Landorus used <strong>U-turn</strong>!<br></div><div class="battle-history"><small>It's not very effective...</small><br></div><div class="battle-history"><small>(American Pie lost <abbr title="−19/241">7.9%</abbr> of its health!)</small><br></div><div class="battle-history"><small>The opposing Landorus was hurt by the Rocky Helmet!</small><br></div><div class="spacer battle-history"><br></div><div class="battle-history">American Pie fainted!<br></div><div class="spacer battle-history"><br></div><div class="battle-history">The opposing Landorus went back to aausma!<br></div><div class="battle-history">aausma sent out <strong>Serperior</strong>!<br></div><div class="battle-history"><small>Pointed stones dug into the opposing Serperior!</small><br></div><div class="spacer battle-history"><br></div><div class="battle-history"><small>The sandstorm subsided.</small><br></div><div class="spacer battle-history"><br></div><div class="battle-history">Go! Boondock Saints (<strong>Dragapult</strong>)!<br></div><div class="spacer battle-history"><br></div><h2 class="battle-history">Turn 9</h2><div class="spacer battle-history"><br></div><div class="battle-history">The opposing Serperior used <strong>Glare</strong>!<br></div><div class="battle-history"><small>Boondock Saints surrounds itself with a protective mist!</small><br></div><div class="spacer battle-history"><br></div><div class="battle-history">Boondock Saints used <strong>Dragon Dance</strong>!<br></div><div class="battle-history"><small>Boondock Saints's Attack rose!</small><br></div><div class="battle-history"><small>Boondock Saints's Speed rose!</small><br></div><div class="spacer battle-history"><br></div><div class="battle-history"><small>The mist disappeared from the battlefield.</small><br></div><div class="spacer battle-history"><br></div><h2 class="battle-history">Turn 10</h2><div class="chat chatmessage-aausma"><strong style="color:#18a81f"><small>☆</small><span class="username" data-name="aausma">aausma</span>:</strong> <em>well</em></div><div class="chat chatmessage-aausma"><strong style="color:#18a81f"><small>☆</small><span class="username" data-name="aausma">aausma</span>:</strong> <em>im a clown</em></div><div class="spacer battle-history"><br></div><div class="battle-history">Boondock Saints used <strong>Phantom Force</strong>!<br></div><div class="battle-history">Boondock Saints vanished instantly!<br></div><div class="spacer battle-history"><br></div><div class="battle-history">The opposing Serperior used <strong>Glare</strong>!<br></div><div class="battle-history"><small>Boondock Saints avoided the attack!</small><br></div><div class="spacer battle-history"><br></div><h2 class="battle-history">Turn 11</h2><div class="spacer battle-history"><br></div><div class="battle-history">Boondock Saints used <strong>Phantom Force</strong>!<br></div><div class="battle-history"><small>(The opposing Serperior lost 81% of its health!)</small><br></div><div class="spacer battle-history"><br></div><div class="battle-history">The opposing Serperior used <strong>Glare</strong>!<br></div><div class="battle-history"><small>Boondock Saints is paralyzed! It may be unable to move!</small><br></div><div class="spacer battle-history"><br></div><h2 class="battle-history">Turn 12</h2><div class="spacer battle-history"><br></div><div class="battle-history">aausma withdrew Serperior!<br></div><div class="battle-history">aausma sent out <strong>Tapu Fini</strong>!<br></div><div class="battle-history"><small>Pointed stones dug into the opposing Tapu Fini!</small><br></div><div class="battle-history">[The opposing Tapu Fini's Misty Surge]<br><small>Mist swirled around the battlefield!</small><br></div><div class="spacer battle-history"><br></div><div class="battle-history">Boondock Saints is paralyzed! It can't move!<br></div><div class="spacer battle-history"><br></div><div class="battle-history"><small>The opposing Tapu Fini restored a little HP using its Leftovers!</small><br></div><div class="spacer battle-history"><br></div><h2 class="battle-history">Turn 13</h2><div class="spacer battle-history"><br></div><div class="battle-history">Boondock Saints, come back!<br></div><div class="battle-history">Go! American Beauty (<strong>Clefable</strong>)!<br></div><div class="spacer battle-history"><br></div><div class="battle-history">The opposing Tapu Fini used <strong>Moonblast</strong>!<br></div><div class="battle-history"><small>(American Beauty lost <abbr title="−90/393">22.9%</abbr> of its health!)</small><br></div><div class="spacer battle-history"><br></div><div class="battle-history"><small>The opposing Tapu Fini restored a little HP using its Leftovers!</small><br></div><div class="battle-history"><small>American Beauty restored a little HP using its Leftovers!</small><br></div><div class="spacer battle-history"><br></div><h2 class="battle-history">Turn 14</h2><div class="spacer battle-history"><br></div><div class="battle-history">The opposing Tapu Fini used <strong>Taunt</strong>!<br></div><div class="battle-history"><small>American Beauty fell for the taunt!</small><br></div><div class="spacer battle-history"><br></div><div class="battle-history">American Beauty used <strong>Moonblast</strong>!<br></div><div class="battle-history"><small>(The opposing Tapu Fini lost 24% of its health!)</small><br></div><div class="spacer battle-history"><br></div><div class="battle-history"><small>The opposing Tapu Fini restored a little HP using its Leftovers!</small><br></div><div class="battle-history"><small>American Beauty restored a little HP using its Leftovers!</small><br></div><div class="spacer battle-history"><br></div><h2 class="battle-history">Turn 15</h2><div class="spacer battle-history"><br></div><div class="battle-history">aausma withdrew Tapu Fini!<br></div><div class="battle-history">aausma sent out <strong>Melmetal</strong>!<br></div><div class="battle-history"><small>Pointed stones dug into the opposing Melmetal!</small><br></div><div class="spacer battle-history"><br></div><div class="battle-history">American Beauty used <strong>Moonblast</strong>!<br></div><div class="battle-history"><small>It's not very effective...</small><br></div><div class="battle-history"><small>(The opposing Melmetal lost 17% of its health!)</small><br></div><div class="spacer battle-history"><br></div><div class="battle-history"><small>American Beauty restored a little HP using its Leftovers!</small><br></div><div class="spacer battle-history"><br></div><h2 class="battle-history">Turn 16</h2><div class="spacer battle-history"><br></div><div class="battle-history">American Beauty, come back!<br></div><div class="battle-history">Go! Office Space (<strong>Hippowdon</strong>)!<br></div><div class="battle-history">[Office Space's Sand Stream]<br><small>A sandstorm kicked up!</small><br></div><div class="spacer battle-history"><br></div><div class="battle-history">The opposing Melmetal used <strong>Thunder Punch</strong>!<br></div><div class="battle-history"><small>It doesn't affect Office Space...</small><br></div><div class="spacer battle-history"><br></div><div class="battle-history"><small>(The sandstorm is raging.)</small><br></div><div class="battle-history"><small>The mist disappeared from the battlefield.</small><br></div><div class="spacer battle-history"><br></div><h2 class="battle-history">Turn 17</h2><div class="chat chatmessage-hematemesis mine"><strong style="color:#9412d5"><small>☆</small><span class="username" data-name="Hematemesis">Hematemesis</span>:</strong> <em>dangit darts woulda killed I think</em></div><div class="spacer battle-history"><br></div><div class="battle-history">aausma withdrew Melmetal!<br></div><div class="battle-history">aausma sent out Landorus (<strong>Landorus-Therian</strong>)!<br></div><div class="battle-history"><small>Pointed stones dug into the opposing Landorus!</small><br></div><div class="battle-history">[The opposing Landorus's Intimidate]<br></div><div class="battle-history"><small>Office Space's Attack fell!</small><br></div><div class="spacer battle-history"><br></div><div class="battle-history">Office Space used <strong>Whirlwind</strong>!<br></div><div class="spacer battle-history"><br></div><div class="battle-history"><strong>Serperior</strong> was dragged out!<br></div><div class="battle-history"><small>Pointed stones dug into the opposing Serperior!</small><br></div><div class="spacer battle-history"><br></div><div class="battle-history">The opposing Serperior fainted!<br></div><div class="spacer battle-history"><br></div><div class="battle-history"><small>(The sandstorm is raging.)</small><br></div><div class="spacer battle-history"><br></div><div class="battle-history">aausma sent out CAMO EEL (<strong>Eelektross-Mega</strong>)!<br></div><div class="battle-history"><small>Pointed stones dug into the opposing CAMO EEL!</small><br></div><div class="battle-history">[The opposing CAMO EEL's Luster Swap]<br></div><div class="battle-history"><small>CAMO EEL can't hit Office Space super effectively!</small><br></div><div class="spacer battle-history"><br></div><h2 class="battle-history">Turn 18</h2><div class="chat"><small> shadowpeashooter7 joined</small></div><div class="spacer battle-history"><br></div><div class="battle-history">The opposing CAMO EEL used <strong>Recover</strong>!<br></div><div class="battle-history"><small>The opposing CAMO EEL had its HP restored.</small><br></div><div class="spacer battle-history"><br></div><div class="battle-history">Office Space used <strong>Whirlwind</strong>!<br></div><div class="spacer battle-history"><br></div><div class="battle-history"><strong>Melmetal</strong> was dragged out!<br></div><div class="battle-history"><small>Pointed stones dug into the opposing Melmetal!</small><br></div><div class="spacer battle-history"><br></div><div class="battle-history"><small>(The sandstorm is raging.)</small><br></div><div class="spacer battle-history"><br></div><h2 class="battle-history">Turn 19</h2><div class="chat"><small> shadowpeashooter7 left</small></div><div class="spacer battle-history"><br></div><div class="battle-history">The opposing Melmetal used <strong>Double Iron Bash</strong>!<br></div><div class="battle-history"><small>(Office Space lost <abbr title="−145/419">34.6%</abbr> of its health!)</small><br></div><div class="battle-history"><small>(Office Space lost <abbr title="−141/419">33.7%</abbr> of its health!)</small><br></div><div class="battle-history"><small>The Pokémon was hit 2 times!</small><br></div><div class="spacer battle-history"><br></div><div class="battle-history">Office Space used <strong>Whirlwind</strong>!<br></div><div class="spacer battle-history"><br></div><div class="battle-history">CAMO EEL (<strong>Eelektross-Mega</strong>) was dragged out!<br></div><div class="battle-history"><small>Pointed stones dug into the opposing CAMO EEL!</small><br></div><div class="battle-history">[The opposing CAMO EEL's Luster Swap]<br></div><div class="battle-history"><small>CAMO EEL can't hit Office Space super effectively!</small><br></div><div class="spacer battle-history"><br></div><div class="battle-history"><small>(The sandstorm is raging.)</small><br></div><div class="battle-history"><small>The opposing CAMO EEL is buffeted by the sandstorm!</small><br></div><div class="spacer battle-history"><br></div><h2 class="battle-history">Turn 20</h2><div class="spacer battle-history"><br></div><div class="battle-history">The opposing CAMO EEL used <strong>Flamethrower</strong>!<br></div><div class="battle-history"><small>(Office Space lost <abbr title="−71/419">16.9%</abbr> of its health!)</small><br></div><div class="spacer battle-history"><br></div><div class="battle-history">Office Space fainted!<br></div><div class="spacer battle-history"><br></div><div class="battle-history"><small>The sandstorm subsided.</small><br></div><div class="spacer battle-history"><br></div><div class="battle-history">Go! Fight Club (<strong>Lycanroc-Midnight</strong>)!<br></div><div class="spacer battle-history"><br></div><h2 class="battle-history">Turn 21</h2><div class="spacer battle-history"><br></div><div class="battle-history">aausma withdrew CAMO EEL!<br></div><div class="battle-history">aausma sent out Landorus (<strong>Landorus-Therian</strong>)!<br></div><div class="battle-history"><small>Pointed stones dug into the opposing Landorus!</small><br></div><div class="battle-history">[The opposing Landorus's Intimidate]<br></div><div class="battle-history"><small>Fight Club's Attack fell!</small><br></div><div class="spacer battle-history"><br></div><div class="battle-history">Fight Club used <strong>Rock Polish</strong>!<br></div><div class="battle-history"><small>Fight Club's Speed rose sharply!</small><br></div><div class="spacer battle-history"><br></div><h2 class="battle-history">Turn 22</h2><div class="chat chatmessage-aausma"><strong style="color:#18a81f"><small>☆</small><span class="username" data-name="aausma">aausma</span>:</strong> <em>shiiiiiit</em></div><div class="spacer battle-history"><br></div><div class="battle-history"><small>Fight Club's Lycanite is reacting to the Key Stone!</small><br>Fight Club has Mega Evolved into Mega Lycanroc!<br></div><div class="chat"><ul class="utilichart"><li class="result"><span class="col numcol">PU</span> <span class="col pokemonnamecol" style="white-space: nowrap">Lycanroc-Midnight-Mega</span> <span class="col typecol"><img src="https://play.pokemonshowdown.com/sprites/types/Rock.png" alt="Rock" height="14" width="32"><img src="https://play.pokemonshowdown.com/sprites/types/Dark.png" alt="Dark" height="14" width="32"></span> <span style="float: left ; min-height: 26px"><span class="col abilitycol">Reckless</span><span class="col abilitycol"></span></span><span style="float: left ; min-height: 26px"><span class="col statcol"><em>HP</em><br>85</span> <span class="col statcol"><em>Atk</em><br>155</span> <span class="col statcol"><em>Def</em><br>115</span> <span class="col statcol"><em>SpA</em><br>65</span> <span class="col statcol"><em>SpD</em><br>75</span> <span class="col statcol"><em>Spe</em><br>92</span> </span></li><li style="clear: both"></li></ul></div><div class="spacer battle-history"><br></div><div class="battle-history">Fight Club used <strong>Head Smash</strong>!<br></div><div class="battle-history"><small>(The opposing Landorus lost 47% of its health!)</small><br></div><div class="battle-history"><small>Fight Club was damaged by the recoil!</small><br></div><div class="spacer battle-history"><br></div><div class="battle-history">The opposing Landorus fainted!<br></div><div class="spacer battle-history"><br></div><div class="battle-history">aausma sent out <strong>Melmetal</strong>!<br></div><div class="battle-history"><small>Pointed stones dug into the opposing Melmetal!</small><br></div><div class="spacer battle-history"><br></div><h2 class="battle-history">Turn 23</h2><div class="spacer battle-history"><br></div><div class="battle-history">Fight Club used <strong>Close Combat</strong>!<br></div><div class="battle-history"><small>It's super effective!</small><br></div><div class="battle-history"><small>(The opposing Melmetal lost 35% of its health!)</small><br></div><div class="battle-history"><small>Fight Club's Defense fell!</small><br></div><div class="battle-history"><small>Fight Club's Sp. Def fell!</small><br></div><div class="spacer battle-history"><br></div><div class="battle-history">The opposing Melmetal used <strong>Double Iron Bash</strong>!<br></div><div class="battle-history"><small>It's super effective!</small><br></div><div class="battle-history"><small>(Fight Club lost <abbr title="−222/311">71.4%</abbr> of its health!)</small><br></div><div class="battle-history"><small>The Pokémon was hit 1 time!</small><br></div><div class="spacer battle-history"><br></div><div class="battle-history">Fight Club fainted!<br></div><div class="spacer battle-history"><br></div><div class="battle-history">Go! Boondock Saints (<strong>Dragapult</strong>)!<br></div><div class="spacer battle-history"><br></div><h2 class="battle-history">Turn 24</h2><div class="spacer battle-history"><br></div><div class="battle-history">aausma withdrew Melmetal!<br></div><div class="battle-history">aausma sent out CAMO EEL (<strong>Eelektross-Mega</strong>)!<br></div><div class="battle-history"><small>Pointed stones dug into the opposing CAMO EEL!</small><br></div><div class="battle-history">[The opposing CAMO EEL's Luster Swap]<br></div><div class="battle-history"><small>CAMO EEL changed its type to match its Knock Off!</small><br></div><div class="battle-history"><small>The opposing CAMO EEL's type changed to Dark!</small><br></div><div class="spacer battle-history"><br></div><div class="battle-history">Boondock Saints is paralyzed! It can't move!<br></div><div class="spacer battle-history"><br></div><h2 class="battle-history">Turn 25</h2><div class="spacer battle-history"><br></div><div class="battle-history">Boondock Saints, come back!<br></div><div class="battle-history">Go! American Beauty (<strong>Clefable</strong>)!<br></div><div class="spacer battle-history"><br></div><div class="battle-history">The opposing CAMO EEL used <strong>Knock Off</strong>!<br></div><div class="battle-history"><small>It's not very effective...</small><br></div><div class="battle-history"><small>(American Beauty lost <abbr title="−87/393">22.1%</abbr> of its health!)</small><br></div><div class="battle-history"><small>The opposing CAMO EEL knocked off American Beauty's Leftovers!</small><br></div><div class="spacer battle-history"><br></div><h2 class="battle-history">Turn 26</h2><div class="spacer battle-history"><br></div><div class="battle-history">The opposing CAMO EEL used <strong>U-turn</strong>!<br></div><div class="battle-history"><small>It's not very effective...</small><br></div><div class="battle-history"><small>(American Beauty lost <abbr title="−39/393">9.9%</abbr> of its health!)</small><br></div><div class="spacer battle-history"><br></div><div class="battle-history">The opposing CAMO EEL went back to aausma!<br></div><div class="battle-history">aausma sent out <strong>Melmetal</strong>!<br></div><div class="battle-history"><small>Pointed stones dug into the opposing Melmetal!</small><br></div><div class="spacer battle-history"><br></div><div class="battle-history">American Beauty used <strong>Moonblast</strong>!<br></div><div class="battle-history"><small>It's not very effective...</small><br></div><div class="battle-history"><small>(The opposing Melmetal lost 16% of its health!)</small><br></div><div class="spacer battle-history"><br></div><h2 class="battle-history">Turn 27</h2><div class="chat chatmessage-aausma"><strong style="color:#18a81f"><small>☆</small><span class="username" data-name="aausma">aausma</span>:</strong> <em>oh i misclicked</em></div><div class="chat chatmessage-aausma"><strong style="color:#18a81f"><small>☆</small><span class="username" data-name="aausma">aausma</span>:</strong> <em>agian</em></div><div class="chat chatmessage-aausma"><strong style="color:#18a81f"><small>☆</small><span class="username" data-name="aausma">aausma</span>:</strong> <em> fuck</em></div><div class="spacer battle-history"><br></div><div class="battle-history">American Beauty, come back!<br></div><div class="battle-history">Go! The Matrix (<strong>Corviknight</strong>)!<br></div><div class="battle-history">[The Matrix's Pressure]<br><small>The Matrix is exerting its pressure!</small><br></div><div class="spacer battle-history"><br></div><div class="battle-history">The opposing Melmetal used <strong>Double Iron Bash</strong>!<br></div><div class="battle-history"><small>It's not very effective...</small><br></div><div class="battle-history"><small>(The Matrix lost <abbr title="−75/399">18.8%</abbr> of its health!)</small><br></div><div class="battle-history"><small>It's not very effective...</small><br></div><div class="battle-history"><small>(The Matrix lost <abbr title="−84/399">21.1%</abbr> of its health!)</small><br></div><div class="battle-history"><small>The Pokémon was hit 2 times!</small><br></div><div class="spacer battle-history"><br></div><h2 class="battle-history">Turn 28</h2><div class="spacer battle-history"><br></div><div class="battle-history">The Matrix used <strong>Roost</strong>!<br></div><div class="battle-history"><small>The Matrix had its HP restored.</small><br></div><div class="battle-history"><small>(The Matrix loses Flying type this turn.)</small><br></div><div class="spacer battle-history"><br></div><div class="battle-history">The opposing Melmetal used <strong>Double Iron Bash</strong>!<br></div><div class="battle-history"><small>It's not very effective...</small><br></div><div class="battle-history"><small>(The Matrix lost <abbr title="−86/399">21.6%</abbr> of its health!)</small><br></div><div class="battle-history"><small>It's not very effective...</small><br></div><div class="battle-history"><small>(The Matrix lost <abbr title="−75/399">18.8%</abbr> of its health!)</small><br></div><div class="battle-history"><small>The Pokémon was hit 2 times!</small><br></div><div class="spacer battle-history"><br></div><h2 class="battle-history">Turn 29</h2><div class="spacer battle-history"><br></div><div class="battle-history">aausma withdrew Melmetal!<br></div><div class="battle-history">aausma sent out CAMO EEL (<strong>Eelektross-Mega</strong>)!<br></div><div class="battle-history"><small>Pointed stones dug into the opposing CAMO EEL!</small><br></div><div class="battle-history">[The opposing CAMO EEL's Luster Swap]<br></div><div class="battle-history"><small>CAMO EEL changed its type to match its Flamethrower!</small><br></div><div class="battle-history"><small>The opposing CAMO EEL's type changed to Fire!</small><br></div><div class="spacer battle-history"><br></div><div class="battle-history">The Matrix used <strong>Roost</strong>!<br></div><div class="battle-history"><small>The Matrix had its HP restored.</small><br></div><div class="battle-history"><small>(The Matrix loses Flying type this turn.)</small><br></div><div class="spacer battle-history"><br></div><h2 class="battle-history">Turn 30</h2><div class="spacer battle-history"><br></div><div class="battle-history">The Matrix, come back!<br></div><div class="battle-history">Go! American Beauty (<strong>Clefable</strong>)!<br></div><div class="spacer battle-history"><br></div><div class="battle-history">The opposing CAMO EEL used <strong>Flamethrower</strong>!<br></div><div class="battle-history"><small>(American Beauty lost <abbr title="−102/393">26.0%</abbr> of its health!)</small><br></div><div class="battle-history"><small>American Beauty was burned!</small><br></div><div class="spacer battle-history"><br></div><h2 class="battle-history">Turn 31</h2><div class="spacer battle-history"><br></div><div class="battle-history">The opposing CAMO EEL used <strong>Recover</strong>!<br></div><div class="battle-history"><small>The opposing CAMO EEL had its HP restored.</small><br></div><div class="spacer battle-history"><br></div><div class="battle-history">American Beauty used <strong>Wish</strong>!<br></div><div class="spacer battle-history"><br></div><h2 class="battle-history">Turn 32</h2><div class="spacer battle-history"><br></div><div class="battle-history">aausma withdrew CAMO EEL!<br></div><div class="battle-history">aausma sent out <strong>Volcarona</strong>!<br></div><div class="spacer battle-history"><br></div><div class="battle-history">American Beauty used <strong>Moonblast</strong>!<br></div><div class="battle-history"><small>It's not very effective...</small><br></div><div class="battle-history"><small>(The opposing Volcarona lost 17% of its health!)</small><br></div><div class="spacer battle-history"><br></div><div class="battle-history"><small>American Beauty's wish came true!</small><br></div><div class="spacer battle-history"><br></div><h2 class="battle-history">Turn 33</h2><div class="spacer battle-history"><br></div><div class="battle-history">The opposing Volcarona used <strong>Quiver Dance</strong>!<br></div><div class="battle-history"><small>The opposing Volcarona's Sp. Atk rose!</small><br></div><div class="battle-history"><small>The opposing Volcarona's Sp. Def rose!</small><br></div><div class="battle-history"><small>The opposing Volcarona's Speed rose!</small><br></div><div class="spacer battle-history"><br></div><div class="battle-history">American Beauty used <strong>Teleport</strong>!<br></div><div class="spacer battle-history"><br></div><div class="battle-history">American Beauty, come back!<br></div><div class="battle-history">Go! Boondock Saints (<strong>Dragapult</strong>)!<br></div><div class="spacer battle-history"><br></div><h2 class="battle-history">Turn 34</h2><div class="chat chatmessage-hematemesis mine"><strong style="color:#9412d5"><small>☆</small><span class="username" data-name="Hematemesis">Hematemesis</span>:</strong> <em>time to lose</em></div><div class="spacer battle-history"><br></div><div class="battle-history">The opposing Volcarona used <strong>Quiver Dance</strong>!<br></div><div class="battle-history"><small>The opposing Volcarona's Sp. Atk rose!</small><br></div><div class="battle-history"><small>The opposing Volcarona's Sp. Def rose!</small><br></div><div class="battle-history"><small>The opposing Volcarona's Speed rose!</small><br></div><div class="battle-history"><small>Boondock Saints surrounded itself with its Z-Power!</small><br></div><div class="spacer battle-history"><br></div><div class="battle-history"><small>Boondock Saints unleashes its full-force Z-Move!</small><br>Boondock Saints used <strong>Never-Ending Nightmare</strong>!<br></div><div class="battle-history"><small>(The opposing Volcarona lost 83% of its health!)</small><br></div><div class="spacer battle-history"><br></div><div class="battle-history">The opposing Volcarona fainted!<br></div><div class="spacer battle-history"><br></div><div class="battle-history">aausma sent out CAMO EEL (<strong>Eelektross-Mega</strong>)!<br></div><div class="battle-history"><small>Pointed stones dug into the opposing CAMO EEL!</small><br></div><div class="battle-history">[The opposing CAMO EEL's Luster Swap]<br></div><div class="battle-history"><small>CAMO EEL changed its type to match its Knock Off!</small><br></div><div class="battle-history"><small>The opposing CAMO EEL's type changed to Dark!</small><br></div><div class="spacer battle-history"><br></div><h2 class="battle-history">Turn 35</h2><div class="spacer battle-history"><br></div><div class="battle-history">Boondock Saints, come back!<br></div><div class="battle-history">Go! American Beauty (<strong>Clefable</strong>)!<br></div><div class="spacer battle-history"><br></div><div class="battle-history">The opposing CAMO EEL used <strong>U-turn</strong>!<br></div><div class="battle-history"><small>It's not very effective...</small><br></div><div class="battle-history"><small>(American Beauty lost <abbr title="−42/393">10.7%</abbr> of its health!)</small><br></div><div class="spacer battle-history"><br></div><div class="battle-history">The opposing CAMO EEL went back to aausma!<br></div><div class="battle-history">aausma sent out <strong>Tapu Fini</strong>!<br></div><div class="battle-history"><small>Pointed stones dug into the opposing Tapu Fini!</small><br></div><div class="battle-history">[The opposing Tapu Fini's Misty Surge]<br><small>Mist swirled around the battlefield!</small><br></div><div class="spacer battle-history"><br></div><div class="battle-history"><small>The opposing Tapu Fini restored a little HP using its Leftovers!</small><br></div><div class="spacer battle-history"><br></div><h2 class="battle-history">Turn 36</h2><div class="spacer battle-history"><br></div><div class="battle-history">American Beauty, come back!<br></div><div class="battle-history">Go! The Matrix (<strong>Corviknight</strong>)!<br></div><div class="battle-history">[The Matrix's Pressure]<br><small>The Matrix is exerting its pressure!</small><br></div><div class="spacer battle-history"><br></div><div class="battle-history">The opposing Tapu Fini used <strong>Nature's Madness</strong>!<br></div><div class="battle-history"><small>(The Matrix lost <abbr title="−198/399">49.6%</abbr> of its health!)</small><br></div><div class="spacer battle-history"><br></div><div class="battle-history"><small>The opposing Tapu Fini restored a little HP using its Leftovers!</small><br></div><div class="spacer battle-history"><br></div><h2 class="battle-history">Turn 37</h2><div class="spacer battle-history"><br></div><div class="battle-history">The opposing Tapu Fini used <strong>Taunt</strong>!<br></div><div class="battle-history"><small>The Matrix fell for the taunt!</small><br></div><div class="spacer battle-history"><br></div><div class="battle-history">The Matrix used <strong>Brave Bird</strong>!<br></div><div class="battle-history"><small>(The opposing Tapu Fini lost 23% of its health!)</small><br></div><div class="battle-history"><small>The Matrix was damaged by the recoil!</small><br></div><div class="spacer battle-history"><br></div><div class="battle-history"><small>The opposing Tapu Fini restored a little HP using its Leftovers!</small><br></div><div class="spacer battle-history"><br></div><h2 class="battle-history">Turn 38</h2><div class="spacer battle-history"><br></div><div class="battle-history">The opposing Tapu Fini used <strong>Nature's Madness</strong>!<br></div><div class="battle-history"><small>(The Matrix lost <abbr title="−86/399">21.6%</abbr> of its health!)</small><br></div><div class="spacer battle-history"><br></div><div class="battle-history">The Matrix used <strong>Brave Bird</strong>!<br></div><div class="battle-history"><small>(The opposing Tapu Fini lost 27% of its health!)</small><br></div><div class="battle-history"><small>The Matrix was damaged by the recoil!</small><br></div><div class="spacer battle-history"><br></div><div class="battle-history"><small>The opposing Tapu Fini restored a little HP using its Leftovers!</small><br></div><div class="spacer battle-history"><br></div><h2 class="battle-history">Turn 39</h2><div class="spacer battle-history"><br></div><div class="battle-history">The opposing Tapu Fini used <strong>Surf</strong>!<br></div><div class="battle-history"><small>(The Matrix lost <abbr title="−57/399">14.3%</abbr> of its health!)</small><br></div><div class="spacer battle-history"><br></div><div class="battle-history">The Matrix fainted!<br></div><div class="spacer battle-history"><br></div><div class="battle-history"><small>The opposing Tapu Fini restored a little HP using its Leftovers!</small><br></div><div class="battle-history"><small>The mist disappeared from the battlefield.</small><br></div><div class="spacer battle-history"><br></div><div class="battle-history">Go! American Beauty (<strong>Clefable</strong>)!<br></div><div class="spacer battle-history"><br></div><h2 class="battle-history">Turn 40</h2><div class="spacer battle-history"><br></div><div class="battle-history">The opposing Tapu Fini used <strong>Nature's Madness</strong>!<br></div><div class="battle-history"><small>(American Beauty lost <abbr title="−150/393">38.2%</abbr> of its health!)</small><br></div><div class="spacer battle-history"><br></div><div class="battle-history">American Beauty used <strong>Moonblast</strong>!<br></div><div class="battle-history"><small>(The opposing Tapu Fini lost 26% of its health!)</small><br></div><div class="spacer battle-history"><br></div><div class="battle-history"><small>The opposing Tapu Fini restored a little HP using its Leftovers!</small><br></div><div class="spacer battle-history"><br></div><h2 class="battle-history">Turn 41</h2><div class="spacer battle-history"><br></div><div class="battle-history">The opposing Tapu Fini used <strong>Taunt</strong>!<br></div><div class="battle-history"><small>American Beauty fell for the taunt!</small><br></div><div class="spacer battle-history"><br></div><div class="battle-history">American Beauty used <strong>Moonblast</strong>!<br></div><div class="battle-history"><small>(The opposing Tapu Fini lost 27% of its health!)</small><br></div><div class="spacer battle-history"><br></div><div class="battle-history"><small>The opposing Tapu Fini restored a little HP using its Leftovers!</small><br></div><div class="spacer battle-history"><br></div><h2 class="battle-history">Turn 42</h2><div class="spacer battle-history"><br></div><div class="battle-history">The opposing Tapu Fini used <strong>Moonblast</strong>!<br></div><div class="battle-history"><small>(American Beauty lost <abbr title="−87/393">22.1%</abbr> of its health!)</small><br></div><div class="spacer battle-history"><br></div><div class="battle-history">American Beauty used <strong>Moonblast</strong>!<br></div><div class="battle-history"><small>(The opposing Tapu Fini lost 8% of its health!)</small><br></div><div class="spacer battle-history"><br></div><div class="battle-history">The opposing Tapu Fini fainted!<br></div><div class="spacer battle-history"><br></div><div class="battle-history">aausma sent out CAMO EEL (<strong>Eelektross-Mega</strong>)!<br></div><div class="battle-history"><small>Pointed stones dug into the opposing CAMO EEL!</small><br></div><div class="battle-history">[The opposing CAMO EEL's Luster Swap]<br></div><div class="battle-history"><small>CAMO EEL can't hit American Beauty super effectively!</small><br></div><div class="spacer battle-history"><br></div><h2 class="battle-history">Turn 43</h2><div class="spacer battle-history"><br></div><div class="battle-history">The opposing CAMO EEL used <strong>Flamethrower</strong>!<br></div><div class="battle-history"><small>(American Beauty lost <abbr title="−64/393">16.3%</abbr> of its health!)</small><br></div><div class="spacer battle-history"><br></div><div class="battle-history">American Beauty fainted!<br></div><div class="spacer battle-history"><br></div><div class="battle-history">Go! Boondock Saints (<strong>Dragapult</strong>)!<br></div><div class="spacer battle-history"><br></div><h2 class="battle-history">Turn 44</h2><div class="spacer battle-history"><br></div><div class="battle-history">aausma withdrew CAMO EEL!<br></div><div class="battle-history">aausma sent out <strong>Melmetal</strong>!<br></div><div class="battle-history"><small>Pointed stones dug into the opposing Melmetal!</small><br></div><div class="spacer battle-history"><br></div><div class="battle-history">Boondock Saints used <strong>Dragon Dance</strong>!<br></div><div class="battle-history"><small>Boondock Saints's Attack rose!</small><br></div><div class="battle-history"><small>Boondock Saints's Speed rose!</small><br></div><div class="spacer battle-history"><br></div><h2 class="battle-history">Turn 45</h2><div class="spacer battle-history"><br></div><div class="battle-history">Boondock Saints used <strong>Dragon Darts</strong>!<br></div><div class="battle-history"><small>It's not very effective...</small><br></div><div class="battle-history"><small>(The opposing Melmetal lost 1% of its health!)</small><br></div><div class="spacer battle-history"><br></div><div class="battle-history">The opposing Melmetal fainted!<br></div><div class="spacer battle-history"><br></div><div class="battle-history">aausma sent out CAMO EEL (<strong>Eelektross-Mega</strong>)!<br></div><div class="battle-history"><small>Pointed stones dug into the opposing CAMO EEL!</small><br></div><div class="battle-history">[The opposing CAMO EEL's Luster Swap]<br></div><div class="battle-history"><small>CAMO EEL changed its type to match its Knock Off!</small><br></div><div class="battle-history"><small>The opposing CAMO EEL's type changed to Dark!</small><br></div><div class="spacer battle-history"><br></div><h2 class="battle-history">Turn 46</h2><div class="spacer battle-history"><br></div><div class="battle-history">Boondock Saints used <strong>Dragon Darts</strong>!<br></div><div class="battle-history"><small>(The opposing CAMO EEL lost 35% of its health!)</small><br></div><div class="battle-history"><small>(The opposing CAMO EEL lost 29% of its health!)</small><br></div><div class="spacer battle-history"><br></div><div class="battle-history">The opposing CAMO EEL fainted!<br></div><div class="spacer battle-history"><br></div><div class="battle-history"><strong>Hematemesis</strong> won the battle!<br></div><div class="chat chatmessage-aausma"><strong style="color:#18a81f"><small>☆</small><span class="username" data-name="aausma">aausma</span>:</strong> <em>gg</em></div><div class="chat chatmessage-hematemesis mine"><strong style="color:#9412d5"><small>☆</small><span class="username" data-name="Hematemesis">Hematemesis</span>:</strong> <em>gg</em></div><div class="chat chatmessage-hematemesis mine"><strong style="color:#9412d5"><small>☆</small><span class="username" data-name="Hematemesis">Hematemesis</span>:</strong> <em>had to get lucky to win that</em></div><div class="chat chatmessage-aausma"><strong style="color:#18a81f"><small>☆</small><span class="username" data-name="aausma">aausma</span>:</strong> <em>that misclick early on was rough</em></div></div><div class="inner-preempt message-log"></div></div></div>
</div>
<script>
let daily = Math.floor(Date.now()/1000/60/60/24);document.write('<script src="https://play.pokemonshowdown.com/js/replay-embed.js?version'+daily+'"></'+'script>');
</script>
