<!DOCTYPE html>
<meta charset="utf-8" />
<!-- version 1 -->
<title>[Gen 8] M4A Monotype replay: ViZarPKMN vs. CCMegaFlareon</title>
<style>
html,body {font-family:Verdana, sans-serif;font-size:10pt;margin:0;padding:0;}body{padding:12px 0;} .battle-log {font-family:Verdana, sans-serif;font-size:10pt;} .battle-log-inline {border:1px solid #AAAAAA;background:#EEF2F5;color:black;max-width:640px;margin:0 auto 80px;padding-bottom:5px;} .battle-log .inner {padding:4px 8px 0px 8px;} .battle-log .inner-preempt {padding:0 8px 4px 8px;} .battle-log .inner-after {margin-top:0.5em;} .battle-log h2 {margin:0.5em -8px;padding:4px 8px;border:1px solid #AAAAAA;background:#E0E7EA;border-left:0;border-right:0;font-family:Verdana, sans-serif;font-size:13pt;} .battle-log .chat {vertical-align:middle;padding:3px 0 3px 0;font-size:8pt;} .battle-log .chat strong {color:#40576A;} .battle-log .chat em {padding:1px 4px 1px 3px;color:#000000;font-style:normal;} .chat.mine {background:rgba(0,0,0,0.05);margin-left:-8px;margin-right:-8px;padding-left:8px;padding-right:8px;} .spoiler {color:#BBBBBB;background:#BBBBBB;padding:0px 3px;} .spoiler:hover, .spoiler:active, .spoiler-shown {color:#000000;background:#E2E2E2;padding:0px 3px;} .spoiler a {color:#BBBBBB;} .spoiler:hover a, .spoiler:active a, .spoiler-shown a {color:#2288CC;} .chat code, .chat .spoiler:hover code, .chat .spoiler:active code, .chat .spoiler-shown code {border:1px solid #C0C0C0;background:#EEEEEE;color:black;padding:0 2px;} .chat .spoiler code {border:1px solid #CCCCCC;background:#CCCCCC;color:#CCCCCC;} .battle-log .rated {padding:3px 4px;} .battle-log .rated strong {color:white;background:#89A;padding:1px 4px;border-radius:4px;} .spacer {margin-top:0.5em;} .message-announce {background:#6688AA;color:white;padding:1px 4px 2px;} .message-announce a, .broadcast-green a, .broadcast-blue a, .broadcast-red a {color:#DDEEFF;} .broadcast-green {background-color:#559955;color:white;padding:2px 4px;} .broadcast-blue {background-color:#6688AA;color:white;padding:2px 4px;} .infobox {border:1px solid #6688AA;padding:2px 4px;} .infobox-limited {max-height:200px;overflow:auto;overflow-x:hidden;} .broadcast-red {background-color:#AA5544;color:white;padding:2px 4px;} .message-learn-canlearn {font-weight:bold;color:#228822;text-decoration:underline;} .message-learn-cannotlearn {font-weight:bold;color:#CC2222;text-decoration:underline;} .message-effect-weak {font-weight:bold;color:#CC2222;} .message-effect-resist {font-weight:bold;color:#6688AA;} .message-effect-immune {font-weight:bold;color:#666666;} .message-learn-list {margin-top:0;margin-bottom:0;} .message-throttle-notice, .message-error {color:#992222;} .message-overflow, .chat small.message-overflow {font-size:0pt;} .message-overflow::before {font-size:9pt;content:'...';} .subtle {color:#3A4A66;}
</style>
<div class="wrapper replay-wrapper" style="max-width:1180px;margin:0 auto">
<input type="hidden" name="replayid" value="dragonheaven-gen8m4amonotype-910" />
<div class="battle"></div><div class="battle-log"></div><div class="replay-controls"></div><div class="replay-controls-2"></div>
<h1 style="font-weight:normal;text-align:center"><strong>[Gen 8] M4A Monotype</strong><br /><a href="http://pokemonshowdown.com/users/vizarpkmn" class="subtle" target="_blank">ViZarPKMN</a> vs. <a href="http://pokemonshowdown.com/users/ccmegaflareon" class="subtle" target="_blank">CCMegaFlareon</a></h1>
<script type="text/plain" class="battle-log-data">|j|☆ViZarPKMN

|j|☆CCMegaFlareon
|t:|1609280828
|player|p1|ViZarPKMN|benga|
|player|p2|CCMegaFlareon|giovanni|
|teamsize|p1|6
|teamsize|p2|6
|gametype|singles
|gen|8
|tier|[Gen 8] M4A Monotype
|rule|Same Type Clause: Pokémon in a team must share a type
|clearpoke
|poke|p1|Dhelmise|
|poke|p1|Spectrier|
|poke|p1|Marowak-Alola, M|
|poke|p1|Aegislash, F|
|poke|p1|Mimikyu, F|
|poke|p1|Blacephalon|
|poke|p2|Weezing-Galar, M|
|poke|p2|Toxapex, F|
|poke|p2|Amoonguss, M|
|poke|p2|Skuntank, F|
|poke|p2|Nidoqueen, F|
|poke|p2|Nidoking, M|
|rule|HP Percentage Mod: HP is shown in percentages
|rule|Endless Battle Clause: Forcing endless battles is banned
|rule|OHKO Clause: OHKO moves are banned
|rule|Evasion Moves Clause: Evasion moves are banned
|rule|Species Clause: Limit one of each Pokémon
|rule|Dynamax Clause: You cannot dynamax
|rule|Sleep Clause Mod: Limit one foe put to sleep
|rule|Freeze Clause Mod: Limit one foe frozen
|teampreview
|c|☆ViZarPKMN|glhf
|
|t:|1609280846
|start
|switch|p1a: Ich Will|Dhelmise|339\/339
|switch|p2a: Amoonguss|Amoonguss, M|100\/100
|turn|1
|
|t:|1609280853
|detailschange|p1a: Ich Will|Dhelmise-Mega
|-mega|p1a: Ich Will|Dhelmise|Dhelmite
|-weather|PrimordialSea|[from] ability: Primordial Sea|[of] p1a: Ich Will
|-start|p1a: Ich Will|typechange|Ghost\/Steel|[silent]
|raw|<ul class="utilichart"><li class="result"><span class="col pokemonnamecol" style="white-space: nowrap">Dhelmise-Mega<\/span> <span class="col typecol"><img src="https:\/\/play.pokemonshowdown.com\/sprites\/types\/Ghost.png" alt="Ghost" height="14" width="32"><img src="https:\/\/play.pokemonshowdown.com\/sprites\/types\/Steel.png" alt="Steel" height="14" width="32"><\/span> <span style="float: left ; min-height: 26px"><span class="col abilitycol">Primordial Sea<\/span><span class="col abilitycol"><\/span><\/span><span style="float: left ; min-height: 26px"><span class="col statcol"><em>HP<\/em><br>70<\/span> <span class="col statcol"><em>Atk<\/em><br>151<\/span> <span class="col statcol"><em>Def<\/em><br>110<\/span> <span class="col statcol"><em>SpA<\/em><br>86<\/span> <span class="col statcol"><em>SpD<\/em><br>110<\/span> <span class="col statcol"><em>Spe<\/em><br>90<\/span> <\/span><\/li><li style="clear: both"><\/li><\/ul>
|move|p1a: Ich Will|Anchor Shot|p2a: Amoonguss
|-damage|p2a: Amoonguss|66\/100
|-activate|p2a: Amoonguss|trapped
|move|p2a: Amoonguss|Spore|p1a: Ich Will
|-status|p1a: Ich Will|slp|[from] move: Spore
|
|-weather|PrimordialSea|[upkeep]
|-heal|p2a: Amoonguss|72\/100|[from] item: Black Sludge
|upkeep
|turn|2
|
|t:|1609280866
|cant|p1a: Ich Will|slp
|move|p2a: Amoonguss|Foul Play|p1a: Ich Will
|-supereffective|p1a: Ich Will
|-damage|p1a: Ich Will|85\/339 slp
|
|-weather|PrimordialSea|[upkeep]
|-heal|p2a: Amoonguss|78\/100|[from] item: Black Sludge
|upkeep
|turn|3
|
|t:|1609280875
|-weather|none
|switch|p1a: Sonne|Spectrier|341\/341
|move|p2a: Amoonguss|Foul Play|p1a: Sonne
|-supereffective|p1a: Sonne
|-damage|p1a: Sonne|219\/341
|
|-heal|p2a: Amoonguss|85\/100|[from] item: Black Sludge
|upkeep
|turn|4
|
|t:|1609280886
|switch|p2a: Skuntank|Skuntank, F|100\/100
|move|p1a: Sonne|Shadow Ball|p2a: Skuntank
|-resisted|p2a: Skuntank
|-damage|p2a: Skuntank|73\/100
|-unboost|p2a: Skuntank|spd|1
|
|-heal|p2a: Skuntank|79\/100|[from] item: Black Sludge
|upkeep
|turn|5
|
|t:|1609280895
|move|p1a: Sonne|Shadow Ball|p2a: Skuntank
|-resisted|p2a: Skuntank
|-damage|p2a: Skuntank|41\/100
|move|p2a: Skuntank|Crunch|p1a: Sonne
|-supereffective|p1a: Sonne
|-damage|p1a: Sonne|0 fnt
|faint|p1a: Sonne
|
|-heal|p2a: Skuntank|47\/100|[from] item: Black Sludge
|upkeep
|
|t:|1609280908
|switch|p1a: Feuer frei!|Blacephalon|247\/247
|turn|6
|
|t:|1609280920
|move|p2a: Skuntank|Sucker Punch|p1a: Feuer frei!
|-supereffective|p1a: Feuer frei!
|-damage|p1a: Feuer frei!|11\/247
|move|p1a: Feuer frei!|Shadow Ball|p2a: Skuntank
|-resisted|p2a: Skuntank
|-damage|p2a: Skuntank|16\/100
|-unboost|p2a: Skuntank|spd|1
|
|-heal|p2a: Skuntank|22\/100|[from] item: Black Sludge
|upkeep
|turn|7
|
|t:|1609280930
|move|p2a: Skuntank|Sucker Punch|p1a: Feuer frei!
|-supereffective|p1a: Feuer frei!
|-damage|p1a: Feuer frei!|0 fnt
|faint|p1a: Feuer frei!
|
|-heal|p2a: Skuntank|28\/100|[from] item: Black Sludge
|upkeep
|
|t:|1609280936
|switch|p1a: Spieluhr|Mimikyu, F|251\/251
|turn|8
|
|t:|1609280942
|move|p1a: Spieluhr|Play Rough|p2a: Skuntank
|-damage|p2a: Skuntank|0 fnt
|-damage|p1a: Spieluhr|189\/251|[from] ability: Aftermath|[of] p2a: Skuntank
|-damage|p1a: Spieluhr|164\/251|[from] item: Life Orb
|faint|p2a: Skuntank
|
|upkeep
|j| inkbug1
|
|t:|1609280957
|switch|p2a: Weezing|Weezing-Galar, M|100\/100
|turn|9
|
|t:|1609280990
|move|p1a: Spieluhr|Swords Dance|p1a: Spieluhr
|-boost|p1a: Spieluhr|atk|2
|move|p2a: Weezing|Will-O-Wisp|p1a: Spieluhr|[miss]
|-miss|p2a: Weezing|p1a: Spieluhr
|
|upkeep
|turn|10
|
|t:|1609280996
|move|p1a: Spieluhr|Shadow Claw|p2a: Weezing
|-damage|p2a: Weezing|48\/100
|-damage|p1a: Spieluhr|139\/251|[from] item: Life Orb
|move|p2a: Weezing|Will-O-Wisp|p1a: Spieluhr
|-status|p1a: Spieluhr|brn
|
|-heal|p2a: Weezing|54\/100|[from] item: Black Sludge
|-damage|p1a: Spieluhr|124\/251 brn|[from] brn
|upkeep
|turn|11
|
|t:|1609281013
|move|p1a: Spieluhr|Swords Dance|p1a: Spieluhr
|-boost|p1a: Spieluhr|atk|2
|move|p2a: Weezing|Strange Steam|p1a: Spieluhr
|-activate|p1a: Spieluhr|ability: Disguise
|-damage|p1a: Spieluhr|124\/251 brn
|detailschange|p1a: Spieluhr|Mimikyu-Busted, F
|-damage|p1a: Spieluhr|93\/251 brn|[from] pokemon: Mimikyu-Busted
|
|-heal|p2a: Weezing|60\/100|[from] item: Black Sludge
|-damage|p1a: Spieluhr|78\/251 brn|[from] brn
|upkeep
|turn|12
|
|t:|1609281024
|move|p1a: Spieluhr|Shadow Claw|p2a: Weezing
|-damage|p2a: Weezing|24\/100
|-damage|p1a: Spieluhr|53\/251 brn|[from] item: Life Orb
|move|p2a: Weezing|Strange Steam|p1a: Spieluhr
|-damage|p1a: Spieluhr|0 fnt
|faint|p1a: Spieluhr
|
|-heal|p2a: Weezing|30\/100|[from] item: Black Sludge
|upkeep
|
|t:|1609281031
|switch|p1a: Ich Will|Dhelmise-Mega|85\/339 slp
|-start|p1a: Ich Will|typechange|Ghost\/Steel|[silent]
|-weather|PrimordialSea|[from] ability: Primordial Sea|[of] p1a: Ich Will
|turn|13
|
|t:|1609281040
|switch|p2a: Nidoking|Nidoking, M|100\/100
|-curestatus|p1a: Ich Will|slp|[msg]
|move|p1a: Ich Will|Flip Turn|p2a: Nidoking
|-supereffective|p2a: Nidoking
|-damage|p2a: Nidoking|0 fnt
|faint|p2a: Nidoking
|
|t:|1609281047
|-weather|none
|switch|p1a: Links 2 3 4|Aegislash, F|324\/324
|
|upkeep
|
|t:|1609281056
|switch|p2a: Amoonguss|Amoonguss, M|100\/100
|turn|14
|
|t:|1609281064
|switch|p1a: Ich Will|Dhelmise-Mega|85\/339
|-start|p1a: Ich Will|typechange|Ghost\/Steel|[silent]
|-weather|PrimordialSea|[from] ability: Primordial Sea|[of] p1a: Ich Will
|move|p2a: Amoonguss|Spore|p1a: Ich Will
|-status|p1a: Ich Will|slp|[from] move: Spore
|
|-weather|PrimordialSea|[upkeep]
|upkeep
|turn|15
|
|t:|1609281071
|cant|p1a: Ich Will|slp
|move|p2a: Amoonguss|Foul Play|p1a: Ich Will
|-supereffective|p1a: Ich Will
|-damage|p1a: Ich Will|0 fnt
|faint|p1a: Ich Will
|-weather|none
|
|upkeep
|
|t:|1609281075
|switch|p1a: Mutter|Marowak-Alola, M|283\/283
|turn|16
|
|t:|1609281088
|switch|p2a: Weezing|Weezing-Galar, M|30\/100
|move|p1a: Mutter|Flare Blitz|p2a: Weezing
|-damage|p2a: Weezing|0 fnt
|faint|p2a: Weezing
|
|upkeep
|
|t:|1609281095
|switch|p2a: Toxapex|Toxapex, F|100\/100
|turn|17
|
|t:|1609281099
|move|p1a: Mutter|Earthquake|p2a: Toxapex
|-supereffective|p2a: Toxapex
|-damage|p2a: Toxapex|18\/100
|move|p2a: Toxapex|Scald|p1a: Mutter
|-supereffective|p1a: Mutter
|-damage|p1a: Mutter|155\/283
|
|-heal|p2a: Toxapex|24\/100|[from] item: Black Sludge
|upkeep
|turn|18
|
|t:|1609281107
|move|p1a: Mutter|Earthquake|p2a: Toxapex
|-supereffective|p2a: Toxapex
|-damage|p2a: Toxapex|0 fnt
|faint|p2a: Toxapex
|
|upkeep
|
|t:|1609281112
|switch|p2a: Nidoqueen|Nidoqueen, F|100\/100
|turn|19
|
|t:|1609281117
|switch|p1a: Links 2 3 4|Aegislash, F|324\/324
|detailschange|p2a: Nidoqueen|Nidoqueen-Mega, F
|-mega|p2a: Nidoqueen|Nidoqueen|Nidoqueenite
|-start|p2a: Nidoqueen|typechange|Poison\/Ground|[silent]
|raw|<ul class="utilichart"><li class="result"><span class="col pokemonnamecol" style="white-space: nowrap">Nidoqueen-Mega<\/span> <span class="col typecol"><img src="https:\/\/play.pokemonshowdown.com\/sprites\/types\/Poison.png" alt="Poison" height="14" width="32"><img src="https:\/\/play.pokemonshowdown.com\/sprites\/types\/Ground.png" alt="Ground" height="14" width="32"><\/span> <span style="float: left ; min-height: 26px"><span class="col abilitycol">Stamina<\/span><span class="col abilitycol"><\/span><\/span><span style="float: left ; min-height: 26px"><span class="col statcol"><em>HP<\/em><br>90<\/span> <span class="col statcol"><em>Atk<\/em><br>122<\/span> <span class="col statcol"><em>Def<\/em><br>127<\/span> <span class="col statcol"><em>SpA<\/em><br>75<\/span> <span class="col statcol"><em>SpD<\/em><br>115<\/span> <span class="col statcol"><em>Spe<\/em><br>76<\/span> <\/span><\/li><li style="clear: both"><\/li><\/ul>
|move|p2a: Nidoqueen|Earthquake|p1a: Links 2 3 4
|-supereffective|p1a: Links 2 3 4
|-damage|p1a: Links 2 3 4|108\/324
|
|-heal|p1a: Links 2 3 4|128\/324|[from] item: Leftovers
|upkeep
|turn|20
|
|t:|1609281126
|move|p2a: Nidoqueen|Stealth Rock|p1a: Links 2 3 4
|-sidestart|p1: ViZarPKMN|move: Stealth Rock
|-formechange|p1a: Links 2 3 4|Aegislash-Blade||[from] ability: Stance Change
|move|p1a: Links 2 3 4|Shadow Claw|p2a: Nidoqueen
|-damage|p2a: Nidoqueen|76\/100
|-ability|p2a: Nidoqueen|Stamina|boost
|-boost|p2a: Nidoqueen|def|1
|
|-heal|p1a: Links 2 3 4|148\/324|[from] item: Leftovers
|upkeep
|turn|21
|
|t:|1609281139
|-formechange|p1a: Links 2 3 4|Aegislash||[from] ability: Stance Change
|move|p1a: Links 2 3 4|King's Shield|p1a: Links 2 3 4
|-singleturn|p1a: Links 2 3 4|Protect
|move|p2a: Nidoqueen|Earthquake|p1a: Links 2 3 4
|-activate|p1a: Links 2 3 4|move: Protect
|
|-heal|p1a: Links 2 3 4|168\/324|[from] item: Leftovers
|upkeep
|turn|22
|
|t:|1609281148
|move|p2a: Nidoqueen|Earthquake|p1a: Links 2 3 4
|-supereffective|p1a: Links 2 3 4
|-damage|p1a: Links 2 3 4|0 fnt
|faint|p1a: Links 2 3 4
|
|upkeep
|
|t:|1609281158
|switch|p1a: Mutter|Marowak-Alola, M|155\/283
|-damage|p1a: Mutter|85\/283|[from] Stealth Rock
|turn|23
|
|t:|1609281162
|move|p2a: Nidoqueen|Earthquake|p1a: Mutter
|-supereffective|p1a: Mutter
|-damage|p1a: Mutter|0 fnt
|faint|p1a: Mutter
|
|win|CCMegaFlareon
|c|☆CCMegaFlareon|gg
|c|☆ViZarPKMN|gg</script>
</div>
<div class="battle-log battle-log-inline"><div class="inner"><div class="battle-options"><div style="padding-top: 3px; padding-right: 3px; text-align: right"><button class="icon button" name="openBattleOptions" title="Options">Battle Options</button></div></div><div class="inner message-log"><div class="chat"><small>☆ViZarPKMN and ☆CCMegaFlareon joined</small></div><div class=""><small>Format:</small> <br><strong>[Gen 8] M4A Monotype</strong></div><div class=""><small><em>Same Type Clause:</em> Pokémon in a team must share a type</small></div><div class=""><small><em>HP Percentage Mod:</em> HP is shown in percentages</small></div><div class=""><small><em>Endless Battle Clause:</em> Forcing endless battles is banned</small></div><div class=""><small><em>OHKO Clause:</em> OHKO moves are banned</small></div><div class=""><small><em>Evasion Moves Clause:</em> Evasion moves are banned</small></div><div class=""><small><em>Species Clause:</em> Limit one of each Pokémon</small></div><div class=""><small><em>Dynamax Clause:</em> You cannot dynamax</small></div><div class=""><small><em>Sleep Clause Mod:</em> Limit one foe put to sleep</small></div><div class=""><small><em>Freeze Clause Mod:</em> Limit one foe frozen</small></div><div class="chat battle-history"><strong>ViZarPKMN's team:</strong> <em style="color:#445566;display:block;">Dhelmise / Spectrier / Marowak-Alola / Aegislash / Mimikyu / Blacephalon</em></div><div class="chat battle-history"><strong>CCMegaFlareon's team:</strong> <em style="color:#445566;display:block;">Weezing-Galar / Toxapex / Amoonguss / Skuntank / Nidoqueen / Nidoking</em></div><div class="chat chatmessage-vizarpkmn mine"><strong style="color:#4f78c0"><small>☆</small><span class="username" data-name="ViZarPKMN">ViZarPKMN</span>:</strong> <em>glhf</em></div><div class="spacer battle-history"><br></div><div class="battle-history">Battle started between ViZarPKMN and CCMegaFlareon!<br></div><div class="spacer battle-history"><br></div><div class="battle-history">Go! Ich Will (<strong>Dhelmise</strong>)!<br></div><div class="spacer battle-history"><br></div><div class="battle-history">CCMegaFlareon sent out <strong>Amoonguss</strong>!<br></div><div class="spacer battle-history"><br></div><h2 class="battle-history">Turn 1</h2><div class="spacer battle-history"><br></div><div class="battle-history"><small>Ich Will's Dhelmite is reacting to the Key Stone!</small><br>Ich Will has Mega Evolved into Mega Dhelmise!<br></div><div class="battle-history">[Ich Will's Primordial Sea]<br><small>A heavy rain began to fall!</small><br></div><div class="chat"><ul class="utilichart"><li class="result"><span class="col pokemonnamecol" style="white-space: nowrap">Dhelmise-Mega</span> <span class="col typecol"><img src="https://play.pokemonshowdown.com/sprites/types/Ghost.png" alt="Ghost" height="14" width="32"><img src="https://play.pokemonshowdown.com/sprites/types/Steel.png" alt="Steel" height="14" width="32"></span> <span style="float: left ; min-height: 26px"><span class="col abilitycol">Primordial Sea</span><span class="col abilitycol"></span></span><span style="float: left ; min-height: 26px"><span class="col statcol"><em>HP</em><br>70</span> <span class="col statcol"><em>Atk</em><br>151</span> <span class="col statcol"><em>Def</em><br>110</span> <span class="col statcol"><em>SpA</em><br>86</span> <span class="col statcol"><em>SpD</em><br>110</span> <span class="col statcol"><em>Spe</em><br>90</span> </span></li><li style="clear: both"></li></ul></div><div class="spacer battle-history"><br></div><div class="battle-history">Ich Will used <strong>Anchor Shot</strong>!<br></div><div class="battle-history"><small>(The opposing Amoonguss lost 34% of its health!)</small><br></div><div class="battle-history"><small>The opposing Amoonguss can no longer escape!</small><br></div><div class="spacer battle-history"><br></div><div class="battle-history">The opposing Amoonguss used <strong>Spore</strong>!<br></div><div class="battle-history"><small>Ich Will fell asleep!</small><br></div><div class="spacer battle-history"><br></div><div class="battle-history"><small>The opposing Amoonguss restored a little HP using its Black Sludge!</small><br></div><div class="spacer battle-history"><br></div><h2 class="battle-history">Turn 2</h2><div class="spacer battle-history"><br></div><div class="battle-history">Ich Will is fast asleep.<br></div><div class="spacer battle-history"><br></div><div class="battle-history">The opposing Amoonguss used <strong>Foul Play</strong>!<br></div><div class="battle-history"><small>It's super effective!</small><br></div><div class="battle-history"><small>(Ich Will lost <abbr title="−254/339">74.9%</abbr> of its health!)</small><br></div><div class="spacer battle-history"><br></div><div class="battle-history"><small>The opposing Amoonguss restored a little HP using its Black Sludge!</small><br></div><div class="spacer battle-history"><br></div><h2 class="battle-history">Turn 3</h2><div class="spacer battle-history"><br></div><div class="battle-history"><small>The heavy rain has lifted!</small><br></div><div class="spacer battle-history"><br></div><div class="battle-history">Ich Will, come back!<br></div><div class="battle-history">Go! Sonne (<strong>Spectrier</strong>)!<br></div><div class="spacer battle-history"><br></div><div class="battle-history">The opposing Amoonguss used <strong>Foul Play</strong>!<br></div><div class="battle-history"><small>It's super effective!</small><br></div><div class="battle-history"><small>(Sonne lost <abbr title="−122/341">35.8%</abbr> of its health!)</small><br></div><div class="spacer battle-history"><br></div><div class="battle-history"><small>The opposing Amoonguss restored a little HP using its Black Sludge!</small><br></div><div class="spacer battle-history"><br></div><h2 class="battle-history">Turn 4</h2><div class="spacer battle-history"><br></div><div class="battle-history">CCMegaFlareon withdrew Amoonguss!<br></div><div class="battle-history">CCMegaFlareon sent out <strong>Skuntank</strong>!<br></div><div class="spacer battle-history"><br></div><div class="battle-history">Sonne used <strong>Shadow Ball</strong>!<br></div><div class="battle-history"><small>It's not very effective...</small><br></div><div class="battle-history"><small>(The opposing Skuntank lost 27% of its health!)</small><br></div><div class="battle-history"><small>The opposing Skuntank's Sp. Def fell!</small><br></div><div class="spacer battle-history"><br></div><div class="battle-history"><small>The opposing Skuntank restored a little HP using its Black Sludge!</small><br></div><div class="spacer battle-history"><br></div><h2 class="battle-history">Turn 5</h2><div class="spacer battle-history"><br></div><div class="battle-history">Sonne used <strong>Shadow Ball</strong>!<br></div><div class="battle-history"><small>It's not very effective...</small><br></div><div class="battle-history"><small>(The opposing Skuntank lost 38% of its health!)</small><br></div><div class="spacer battle-history"><br></div><div class="battle-history">The opposing Skuntank used <strong>Crunch</strong>!<br></div><div class="battle-history"><small>It's super effective!</small><br></div><div class="battle-history"><small>(Sonne lost <abbr title="−219/341">64.2%</abbr> of its health!)</small><br></div><div class="spacer battle-history"><br></div><div class="battle-history">Sonne fainted!<br></div><div class="spacer battle-history"><br></div><div class="battle-history"><small>The opposing Skuntank restored a little HP using its Black Sludge!</small><br></div><div class="spacer battle-history"><br></div><div class="battle-history">Go! Feuer frei! (<strong>Blacephalon</strong>)!<br></div><div class="spacer battle-history"><br></div><h2 class="battle-history">Turn 6</h2><div class="spacer battle-history"><br></div><div class="battle-history">The opposing Skuntank used <strong>Sucker Punch</strong>!<br></div><div class="battle-history"><small>It's super effective!</small><br></div><div class="battle-history"><small>(Feuer frei! lost <abbr title="−236/247">95.5%</abbr> of its health!)</small><br></div><div class="spacer battle-history"><br></div><div class="battle-history">Feuer frei! used <strong>Shadow Ball</strong>!<br></div><div class="battle-history"><small>It's not very effective...</small><br></div><div class="battle-history"><small>(The opposing Skuntank lost 31% of its health!)</small><br></div><div class="battle-history"><small>The opposing Skuntank's Sp. Def fell!</small><br></div><div class="spacer battle-history"><br></div><div class="battle-history"><small>The opposing Skuntank restored a little HP using its Black Sludge!</small><br></div><div class="spacer battle-history"><br></div><h2 class="battle-history">Turn 7</h2><div class="spacer battle-history"><br></div><div class="battle-history">The opposing Skuntank used <strong>Sucker Punch</strong>!<br></div><div class="battle-history"><small>It's super effective!</small><br></div><div class="battle-history"><small>(Feuer frei! lost <abbr title="−11/247">4.5%</abbr> of its health!)</small><br></div><div class="spacer battle-history"><br></div><div class="battle-history">Feuer frei! fainted!<br></div><div class="spacer battle-history"><br></div><div class="battle-history"><small>The opposing Skuntank restored a little HP using its Black Sludge!</small><br></div><div class="spacer battle-history"><br></div><div class="battle-history">Go! Spieluhr (<strong>Mimikyu</strong>)!<br></div><div class="spacer battle-history"><br></div><h2 class="battle-history">Turn 8</h2><div class="spacer battle-history"><br></div><div class="battle-history">Spieluhr used <strong>Play Rough</strong>!<br></div><div class="battle-history"><small>(The opposing Skuntank lost 28% of its health!)</small><br></div><div class="battle-history">[The opposing Skuntank's Aftermath]<br><small>Spieluhr was hurt!</small><br></div><div class="battle-history"><small>Spieluhr lost some of its HP!</small><br></div><div class="spacer battle-history"><br></div><div class="battle-history">The opposing Skuntank fainted!<br></div><div class="chat"><small> inkbug1 joined</small></div><div class="spacer battle-history"><br></div><div class="battle-history">CCMegaFlareon sent out Weezing (<strong>Weezing-Galar</strong>)!<br></div><div class="spacer battle-history"><br></div><h2 class="battle-history">Turn 9</h2><div class="spacer battle-history"><br></div><div class="battle-history">Spieluhr used <strong>Swords Dance</strong>!<br></div><div class="battle-history"><small>Spieluhr's Attack rose sharply!</small><br></div><div class="spacer battle-history"><br></div><div class="battle-history">The opposing Weezing used <strong>Will-O-Wisp</strong>!<br></div><div class="battle-history"><small>Spieluhr avoided the attack!</small><br></div><div class="spacer battle-history"><br></div><h2 class="battle-history">Turn 10</h2><div class="spacer battle-history"><br></div><div class="battle-history">Spieluhr used <strong>Shadow Claw</strong>!<br></div><div class="battle-history"><small>(The opposing Weezing lost 52% of its health!)</small><br></div><div class="battle-history"><small>Spieluhr lost some of its HP!</small><br></div><div class="spacer battle-history"><br></div><div class="battle-history">The opposing Weezing used <strong>Will-O-Wisp</strong>!<br></div><div class="battle-history"><small>Spieluhr was burned!</small><br></div><div class="spacer battle-history"><br></div><div class="battle-history"><small>The opposing Weezing restored a little HP using its Black Sludge!</small><br></div><div class="battle-history"><small>Spieluhr was hurt by its burn!</small><br></div><div class="spacer battle-history"><br></div><h2 class="battle-history">Turn 11</h2><div class="spacer battle-history"><br></div><div class="battle-history">Spieluhr used <strong>Swords Dance</strong>!<br></div><div class="battle-history"><small>Spieluhr's Attack rose sharply!</small><br></div><div class="spacer battle-history"><br></div><div class="battle-history">The opposing Weezing used <strong>Strange Steam</strong>!<br></div><div class="battle-history">[Spieluhr's Disguise]<br><small>Its disguise served it as a decoy!</small><br></div><div class="battle-history"><small>(Spieluhr lost <abbr title="0/251">0%</abbr> of its health!)</small><br></div><div class="battle-history">Spieluhr's disguise was busted!<br></div><div class="battle-history"><small>(Spieluhr was hurt!)</small><br></div><div class="spacer battle-history"><br></div><div class="battle-history"><small>The opposing Weezing restored a little HP using its Black Sludge!</small><br></div><div class="battle-history"><small>Spieluhr was hurt by its burn!</small><br></div><div class="spacer battle-history"><br></div><h2 class="battle-history">Turn 12</h2><div class="spacer battle-history"><br></div><div class="battle-history">Spieluhr used <strong>Shadow Claw</strong>!<br></div><div class="battle-history"><small>(The opposing Weezing lost 36% of its health!)</small><br></div><div class="battle-history"><small>Spieluhr lost some of its HP!</small><br></div><div class="spacer battle-history"><br></div><div class="battle-history">The opposing Weezing used <strong>Strange Steam</strong>!<br></div><div class="battle-history"><small>(Spieluhr lost <abbr title="−53/251">21.1%</abbr> of its health!)</small><br></div><div class="spacer battle-history"><br></div><div class="battle-history">Spieluhr fainted!<br></div><div class="spacer battle-history"><br></div><div class="battle-history"><small>The opposing Weezing restored a little HP using its Black Sludge!</small><br></div><div class="spacer battle-history"><br></div><div class="battle-history">Go! Ich Will (<strong>Dhelmise-Mega</strong>)!<br></div><div class="battle-history">[Ich Will's Primordial Sea]<br><small>A heavy rain began to fall!</small><br></div><div class="spacer battle-history"><br></div><h2 class="battle-history">Turn 13</h2><div class="spacer battle-history"><br></div><div class="battle-history">CCMegaFlareon withdrew Weezing!<br></div><div class="battle-history">CCMegaFlareon sent out <strong>Nidoking</strong>!<br></div><div class="battle-history"><small>Ich Will woke up!</small><br></div><div class="spacer battle-history"><br></div><div class="battle-history">Ich Will used <strong>Flip Turn</strong>!<br></div><div class="battle-history"><small>It's super effective!</small><br></div><div class="battle-history"><small>(The opposing Nidoking lost 100% of its health!)</small><br></div><div class="spacer battle-history"><br></div><div class="battle-history">The opposing Nidoking fainted!<br></div><div class="spacer battle-history"><br></div><div class="battle-history"><small>The heavy rain has lifted!</small><br></div><div class="spacer battle-history"><br></div><div class="battle-history">Ich Will, come back!<br></div><div class="battle-history">Go! Links 2 3 4 (<strong>Aegislash</strong>)!<br></div><div class="spacer battle-history"><br></div><div class="battle-history">CCMegaFlareon sent out <strong>Amoonguss</strong>!<br></div><div class="spacer battle-history"><br></div><h2 class="battle-history">Turn 14</h2><div class="spacer battle-history"><br></div><div class="battle-history">Links 2 3 4, come back!<br></div><div class="battle-history">Go! Ich Will (<strong>Dhelmise-Mega</strong>)!<br></div><div class="battle-history">[Ich Will's Primordial Sea]<br><small>A heavy rain began to fall!</small><br></div><div class="spacer battle-history"><br></div><div class="battle-history">The opposing Amoonguss used <strong>Spore</strong>!<br></div><div class="battle-history"><small>Ich Will fell asleep!</small><br></div><div class="spacer battle-history"><br></div><h2 class="battle-history">Turn 15</h2><div class="spacer battle-history"><br></div><div class="battle-history">Ich Will is fast asleep.<br></div><div class="spacer battle-history"><br></div><div class="battle-history">The opposing Amoonguss used <strong>Foul Play</strong>!<br></div><div class="battle-history"><small>It's super effective!</small><br></div><div class="battle-history"><small>(Ich Will lost <abbr title="−85/339">25.1%</abbr> of its health!)</small><br></div><div class="spacer battle-history"><br></div><div class="battle-history">Ich Will fainted!<br></div><div class="battle-history"><small>The heavy rain has lifted!</small><br></div><div class="spacer battle-history"><br></div><div class="battle-history">Go! Mutter (<strong>Marowak-Alola</strong>)!<br></div><div class="spacer battle-history"><br></div><h2 class="battle-history">Turn 16</h2><div class="spacer battle-history"><br></div><div class="battle-history">CCMegaFlareon withdrew Amoonguss!<br></div><div class="battle-history">CCMegaFlareon sent out Weezing (<strong>Weezing-Galar</strong>)!<br></div><div class="spacer battle-history"><br></div><div class="battle-history">Mutter used <strong>Flare Blitz</strong>!<br></div><div class="battle-history"><small>(The opposing Weezing lost 30% of its health!)</small><br></div><div class="spacer battle-history"><br></div><div class="battle-history">The opposing Weezing fainted!<br></div><div class="spacer battle-history"><br></div><div class="battle-history">CCMegaFlareon sent out <strong>Toxapex</strong>!<br></div><div class="spacer battle-history"><br></div><h2 class="battle-history">Turn 17</h2><div class="spacer battle-history"><br></div><div class="battle-history">Mutter used <strong>Earthquake</strong>!<br></div><div class="battle-history"><small>It's super effective!</small><br></div><div class="battle-history"><small>(The opposing Toxapex lost 82% of its health!)</small><br></div><div class="spacer battle-history"><br></div><div class="battle-history">The opposing Toxapex used <strong>Scald</strong>!<br></div><div class="battle-history"><small>It's super effective!</small><br></div><div class="battle-history"><small>(Mutter lost <abbr title="−128/283">45.2%</abbr> of its health!)</small><br></div><div class="spacer battle-history"><br></div><div class="battle-history"><small>The opposing Toxapex restored a little HP using its Black Sludge!</small><br></div><div class="spacer battle-history"><br></div><h2 class="battle-history">Turn 18</h2><div class="spacer battle-history"><br></div><div class="battle-history">Mutter used <strong>Earthquake</strong>!<br></div><div class="battle-history"><small>It's super effective!</small><br></div><div class="battle-history"><small>(The opposing Toxapex lost 24% of its health!)</small><br></div><div class="spacer battle-history"><br></div><div class="battle-history">The opposing Toxapex fainted!<br></div><div class="spacer battle-history"><br></div><div class="battle-history">CCMegaFlareon sent out <strong>Nidoqueen</strong>!<br></div><div class="spacer battle-history"><br></div><h2 class="battle-history">Turn 19</h2><div class="spacer battle-history"><br></div><div class="battle-history">Mutter, come back!<br></div><div class="battle-history">Go! Links 2 3 4 (<strong>Aegislash</strong>)!<br></div><div class="spacer battle-history"><br></div><div class="battle-history"><small>The opposing Nidoqueen's Nidoqueenite is reacting to the Key Stone!</small><br>The opposing Nidoqueen has Mega Evolved into Mega Nidoqueen!<br></div><div class="chat"><ul class="utilichart"><li class="result"><span class="col pokemonnamecol" style="white-space: nowrap">Nidoqueen-Mega</span> <span class="col typecol"><img src="https://play.pokemonshowdown.com/sprites/types/Poison.png" alt="Poison" height="14" width="32"><img src="https://play.pokemonshowdown.com/sprites/types/Ground.png" alt="Ground" height="14" width="32"></span> <span style="float: left ; min-height: 26px"><span class="col abilitycol">Stamina</span><span class="col abilitycol"></span></span><span style="float: left ; min-height: 26px"><span class="col statcol"><em>HP</em><br>90</span> <span class="col statcol"><em>Atk</em><br>122</span> <span class="col statcol"><em>Def</em><br>127</span> <span class="col statcol"><em>SpA</em><br>75</span> <span class="col statcol"><em>SpD</em><br>115</span> <span class="col statcol"><em>Spe</em><br>76</span> </span></li><li style="clear: both"></li></ul></div><div class="spacer battle-history"><br></div><div class="battle-history">The opposing Nidoqueen used <strong>Earthquake</strong>!<br></div><div class="battle-history"><small>It's super effective!</small><br></div><div class="battle-history"><small>(Links 2 3 4 lost <abbr title="−216/324">66.7%</abbr> of its health!)</small><br></div><div class="spacer battle-history"><br></div><div class="battle-history"><small>Links 2 3 4 restored a little HP using its Leftovers!</small><br></div><div class="spacer battle-history"><br></div><h2 class="battle-history">Turn 20</h2><div class="spacer battle-history"><br></div><div class="battle-history">The opposing Nidoqueen used <strong>Stealth Rock</strong>!<br></div><div class="battle-history"><small>Pointed stones float in the air around your team!</small><br></div><div class="battle-history">[Links 2 3 4's Stance Change]<br>Changed to Blade Forme!<br></div><div class="spacer battle-history"><br></div><div class="battle-history">Links 2 3 4 used <strong>Shadow Claw</strong>!<br></div><div class="battle-history"><small>(The opposing Nidoqueen lost 24% of its health!)</small><br></div><div class="battle-history">[The opposing Nidoqueen's Stamina]<br></div><div class="battle-history"><small>The opposing Nidoqueen's Defense rose!</small><br></div><div class="spacer battle-history"><br></div><div class="battle-history"><small>Links 2 3 4 restored a little HP using its Leftovers!</small><br></div><div class="spacer battle-history"><br></div><h2 class="battle-history">Turn 21</h2><div class="spacer battle-history"><br></div><div class="battle-history">[Links 2 3 4's Stance Change]<br>Changed to Shield Forme!<br></div><div class="spacer battle-history"><br></div><div class="battle-history">Links 2 3 4 used <strong>King's Shield</strong>!<br></div><div class="battle-history"><small>Links 2 3 4 protected itself!</small><br></div><div class="spacer battle-history"><br></div><div class="battle-history">The opposing Nidoqueen used <strong>Earthquake</strong>!<br></div><div class="battle-history"><small>Links 2 3 4 protected itself!</small><br></div><div class="spacer battle-history"><br></div><div class="battle-history"><small>Links 2 3 4 restored a little HP using its Leftovers!</small><br></div><div class="spacer battle-history"><br></div><h2 class="battle-history">Turn 22</h2><div class="spacer battle-history"><br></div><div class="battle-history">The opposing Nidoqueen used <strong>Earthquake</strong>!<br></div><div class="battle-history"><small>It's super effective!</small><br></div><div class="battle-history"><small>(Links 2 3 4 lost <abbr title="−168/324">51.9%</abbr> of its health!)</small><br></div><div class="spacer battle-history"><br></div><div class="battle-history">Links 2 3 4 fainted!<br></div><div class="spacer battle-history"><br></div><div class="battle-history">Go! Mutter (<strong>Marowak-Alola</strong>)!<br></div><div class="battle-history"><small>Pointed stones dug into Mutter!</small><br></div><div class="spacer battle-history"><br></div><h2 class="battle-history">Turn 23</h2><div class="spacer battle-history"><br></div><div class="battle-history">The opposing Nidoqueen used <strong>Earthquake</strong>!<br></div><div class="battle-history"><small>It's super effective!</small><br></div><div class="battle-history"><small>(Mutter lost <abbr title="−85/283">30.0%</abbr> of its health!)</small><br></div><div class="spacer battle-history"><br></div><div class="battle-history">Mutter fainted!<br></div><div class="spacer battle-history"><br></div><div class="battle-history"><strong>CCMegaFlareon</strong> won the battle!<br></div><div class="chat chatmessage-ccmegaflareon"><strong style="color:#ac36b5"><small>☆</small><span class="username" data-name="CCMegaFlareon">CCMegaFlareon</span>:</strong> <em>gg</em></div><div class="chat chatmessage-vizarpkmn mine"><strong style="color:#4f78c0"><small>☆</small><span class="username" data-name="ViZarPKMN">ViZarPKMN</span>:</strong> <em>gg</em></div></div><div class="inner-preempt message-log"></div></div></div>
</div>
<script>
let daily = Math.floor(Date.now()/1000/60/60/24);document.write('<script src="https://dragonheaven.herokuapp.com/js/replay-embed.js?version'+daily+'"></'+'script>');
</script>
