<!DOCTYPE html>
<meta charset="utf-8" />
<!-- version 1 -->
<title>[Gen 8] Megas for All replay: BotwNerd745 vs. ViZarPKMN</title>
<style>
html,body {font-family:Verdana, sans-serif;font-size:10pt;margin:0;padding:0;}body{padding:12px 0;} .battle-log {font-family:Verdana, sans-serif;font-size:10pt;} .battle-log-inline {border:1px solid #AAAAAA;background:#EEF2F5;color:black;max-width:640px;margin:0 auto 80px;padding-bottom:5px;} .battle-log .inner {padding:4px 8px 0px 8px;} .battle-log .inner-preempt {padding:0 8px 4px 8px;} .battle-log .inner-after {margin-top:0.5em;} .battle-log h2 {margin:0.5em -8px;padding:4px 8px;border:1px solid #AAAAAA;background:#E0E7EA;border-left:0;border-right:0;font-family:Verdana, sans-serif;font-size:13pt;} .battle-log .chat {vertical-align:middle;padding:3px 0 3px 0;font-size:8pt;} .battle-log .chat strong {color:#40576A;} .battle-log .chat em {padding:1px 4px 1px 3px;color:#000000;font-style:normal;} .chat.mine {background:rgba(0,0,0,0.05);margin-left:-8px;margin-right:-8px;padding-left:8px;padding-right:8px;} .spoiler {color:#BBBBBB;background:#BBBBBB;padding:0px 3px;} .spoiler:hover, .spoiler:active, .spoiler-shown {color:#000000;background:#E2E2E2;padding:0px 3px;} .spoiler a {color:#BBBBBB;} .spoiler:hover a, .spoiler:active a, .spoiler-shown a {color:#2288CC;} .chat code, .chat .spoiler:hover code, .chat .spoiler:active code, .chat .spoiler-shown code {border:1px solid #C0C0C0;background:#EEEEEE;color:black;padding:0 2px;} .chat .spoiler code {border:1px solid #CCCCCC;background:#CCCCCC;color:#CCCCCC;} .battle-log .rated {padding:3px 4px;} .battle-log .rated strong {color:white;background:#89A;padding:1px 4px;border-radius:4px;} .spacer {margin-top:0.5em;} .message-announce {background:#6688AA;color:white;padding:1px 4px 2px;} .message-announce a, .broadcast-green a, .broadcast-blue a, .broadcast-red a {color:#DDEEFF;} .broadcast-green {background-color:#559955;color:white;padding:2px 4px;} .broadcast-blue {background-color:#6688AA;color:white;padding:2px 4px;} .infobox {border:1px solid #6688AA;padding:2px 4px;} .infobox-limited {max-height:200px;overflow:auto;overflow-x:hidden;} .broadcast-red {background-color:#AA5544;color:white;padding:2px 4px;} .message-learn-canlearn {font-weight:bold;color:#228822;text-decoration:underline;} .message-learn-cannotlearn {font-weight:bold;color:#CC2222;text-decoration:underline;} .message-effect-weak {font-weight:bold;color:#CC2222;} .message-effect-resist {font-weight:bold;color:#6688AA;} .message-effect-immune {font-weight:bold;color:#666666;} .message-learn-list {margin-top:0;margin-bottom:0;} .message-throttle-notice, .message-error {color:#992222;} .message-overflow, .chat small.message-overflow {font-size:0pt;} .message-overflow::before {font-size:9pt;content:'...';} .subtle {color:#3A4A66;}
</style>
<div class="wrapper replay-wrapper" style="max-width:1180px;margin:0 auto">
<input type="hidden" name="replayid" value="dragonheaven-gen8megasforall-1050" />
<div class="battle"></div><div class="battle-log"></div><div class="replay-controls"></div><div class="replay-controls-2"></div>
<h1 style="font-weight:normal;text-align:center"><strong>[Gen 8] Megas for All</strong><br /><a href="http://pokemonshowdown.com/users/botwnerd745" class="subtle" target="_blank">BotwNerd745</a> vs. <a href="http://pokemonshowdown.com/users/vizarpkmn" class="subtle" target="_blank">ViZarPKMN</a></h1>
<script type="text/plain" class="battle-log-data">|j|☆BotwNerd745
|j|☆ViZarPKMN

|t:|1609626833
|player|p1|BotwNerd745|hilda-dueldisk|
|player|p2|ViZarPKMN|benga|
|teamsize|p1|6
|teamsize|p2|6
|gametype|singles
|gen|8
|tier|[Gen 8] Megas for All
|clearpoke
|poke|p1|Vikavolt, M|
|poke|p1|Terrakion|
|poke|p1|Tsareena, F|
|poke|p1|Incineroar, M|
|poke|p1|Rotom-Wash|
|poke|p1|Zapdos-Galar|
|poke|p2|Archeops, F|
|poke|p2|Greninja, M|
|poke|p2|Excadrill, M|
|poke|p2|Staraptor, F|
|poke|p2|Zapdos|
|poke|p2|Latios, M|
|rule|HP Percentage Mod: HP is shown in percentages
|rule|Endless Battle Clause: Forcing endless battles is banned
|rule|OHKO Clause: OHKO moves are banned
|rule|Evasion Moves Clause: Evasion moves are banned
|rule|Species Clause: Limit one of each Pokémon
|rule|Dynamax Clause: You cannot dynamax
|rule|Sleep Clause Mod: Limit one foe put to sleep
|rule|Freeze Clause Mod: Limit one foe frozen
|teampreview
|c|☆ViZarPKMN|glhf
|
|t:|1609626849
|start
|switch|p1a: Buggy|Vikavolt, M|100\/100
|switch|p2a: Brave Bird go brrr|Staraptor, F|311\/311
|-ability|p2a: Brave Bird go brrr|Intimidate|boost
|-unboost|p1a: Buggy|atk|1
|turn|1
|j| inkbug1
|
|t:|1609626861
|detailschange|p1a: Buggy|Vikavolt-Mega, M
|-mega|p1a: Buggy|Vikavolt|Vikavoltite
|-ability|p1a: Buggy|Download|boost
|-boost|p1a: Buggy|spa|1
|-start|p1a: Buggy|typechange|Bug\/Electric|[silent]
|raw|<ul class="utilichart"><li class="result"><span class="col pokemonnamecol" style="white-space: nowrap">Vikavolt-Mega<\/span> <span class="col typecol"><img src="https:\/\/play.pokemonshowdown.com\/sprites\/types\/Bug.png" alt="Bug" height="14" width="32"><img src="https:\/\/play.pokemonshowdown.com\/sprites\/types\/Electric.png" alt="Electric" height="14" width="32"><\/span> <span style="float: left ; min-height: 26px"><span class="col abilitycol">Download<\/span><span class="col abilitycol"><\/span><\/span><span style="float: left ; min-height: 26px"><span class="col statcol"><em>HP<\/em><br>77<\/span> <span class="col statcol"><em>Atk<\/em><br>145<\/span> <span class="col statcol"><em>Def<\/em><br>90<\/span> <span class="col statcol"><em>SpA<\/em><br>145<\/span> <span class="col statcol"><em>SpD<\/em><br>75<\/span> <span class="col statcol"><em>Spe<\/em><br>68<\/span> <\/span><\/li><li style="clear: both"><\/li><\/ul>
|move|p2a: Brave Bird go brrr|U-turn|p1a: Buggy
|-damage|p1a: Buggy|75\/100
|
|t:|1609626866
|switch|p2a: Fear the Drill|Excadrill, M|424\/424
|-ability|p2a: Fear the Drill|Mold Breaker
|move|p1a: Buggy|Thunder Cage|p2a: Fear the Drill
|-immune|p2a: Fear the Drill
|
|upkeep
|turn|2
|
|t:|1609626904
|move|p2a: Fear the Drill|Stealth Rock|p1a: Buggy
|-sidestart|p1: BotwNerd745|move: Stealth Rock
|move|p1a: Buggy|Energy Ball|p2a: Fear the Drill
|-damage|p2a: Fear the Drill|192\/424
|
|-heal|p2a: Fear the Drill|218\/424|[from] item: Leftovers
|upkeep
|turn|3
|
|t:|1609626916
|switch|p2a: ThUnDeRuS-tHeRiAn.|Zapdos|321\/321
|move|p1a: Buggy|Energy Ball|p2a: ThUnDeRuS-tHeRiAn.
|-resisted|p2a: ThUnDeRuS-tHeRiAn.
|-damage|p2a: ThUnDeRuS-tHeRiAn.|224\/321
|-unboost|p2a: ThUnDeRuS-tHeRiAn.|spd|1
|
|upkeep
|turn|4
|
|t:|1609626941
|move|p2a: ThUnDeRuS-tHeRiAn.|Hurricane|p1a: Buggy
|-damage|p1a: Buggy|8\/100
|move|p1a: Buggy|Thunder Cage|p2a: ThUnDeRuS-tHeRiAn.
|-damage|p2a: ThUnDeRuS-tHeRiAn.|0 fnt
|faint|p2a: ThUnDeRuS-tHeRiAn.
|
|upkeep
|
|t:|1609626948
|switch|p2a: Brave Bird go brrr|Staraptor, F|311\/311
|-ability|p2a: Brave Bird go brrr|Intimidate|boost
|-unboost|p1a: Buggy|atk|1
|turn|5
|c|☆ViZarPKMN|wrong ability ...
|j| Coppersmith
|
|t:|1609626993
|switch|p1a: Terrakion|Terrakion|100\/100
|-damage|p1a: Terrakion|94\/100|[from] Stealth Rock
|move|p2a: Brave Bird go brrr|U-turn|p1a: Terrakion
|-resisted|p1a: Terrakion
|-damage|p1a: Terrakion|80\/100
|-damage|p2a: Brave Bird go brrr|260\/311|[from] item: Rocky Helmet|[of] p1a: Terrakion
|
|t:|1609626996
|switch|p2a: Spinjutsu|Greninja, M|285\/285
|
|upkeep
|turn|6
|c|☆ViZarPKMN|Rocky Helmet Terrakion sounds fun tbh
|
|t:|1609627027
|switch|p1a: SplishSplash|Rotom-Wash|100\/100
|-damage|p1a: SplishSplash|88\/100|[from] Stealth Rock
|move|p2a: Spinjutsu|Hydro Pump|p1a: SplishSplash|[miss]
|-miss|p2a: Spinjutsu|p1a: SplishSplash
|
|-heal|p1a: SplishSplash|94\/100|[from] item: Leftovers
|upkeep
|turn|7
|
|t:|1609627037
|switch|p2a: LaTiAs-MeGa.|Latios, M|364\/364
|move|p1a: SplishSplash|Thunderbolt|p2a: LaTiAs-MeGa.
|-resisted|p2a: LaTiAs-MeGa.
|-damage|p2a: LaTiAs-MeGa.|296\/364
|
|-heal|p2a: LaTiAs-MeGa.|318\/364|[from] item: Leftovers
|-heal|p1a: SplishSplash|100\/100|[from] item: Leftovers
|upkeep
|turn|8
|
|t:|1609627061
|move|p2a: LaTiAs-MeGa.|Aura Sphere|p1a: SplishSplash
|-damage|p1a: SplishSplash|71\/100
|move|p1a: SplishSplash|Volt Switch|p2a: LaTiAs-MeGa.
|-resisted|p2a: LaTiAs-MeGa.
|-damage|p2a: LaTiAs-MeGa.|271\/364
|l| Coppersmith
|
|t:|1609627092
|switch|p1a: Mittens|Incineroar, M|100\/100|[from]move: Volt Switch
|-damage|p1a: Mittens|76\/100|[from] Stealth Rock
|-ability|p1a: Mittens|Intimidate|boost
|-unboost|p2a: LaTiAs-MeGa.|atk|1
|
|-heal|p2a: LaTiAs-MeGa.|293\/364|[from] item: Leftovers
|upkeep
|turn|9
|
|t:|1609627101
|switch|p2a: Fear the Drill|Excadrill, M|218\/424
|-ability|p2a: Fear the Drill|Mold Breaker
|-zpower|p1a: Mittens
|move|p1a: Mittens|Z-Parting Shot|p2a: Fear the Drill|[anim]Parting Shot
|-unboost|p2a: Fear the Drill|atk|1
|-unboost|p2a: Fear the Drill|spa|1
|-activate|p1a: Mittens|healreplacement
|
|t:|1609627111
|switch|p1a: Buggy|Vikavolt-Mega, M|8\/100|[from]move: Parting Shot
|-heal|p1a: Buggy|100\/100|[from] move: Parting Shot|[zeffect]
|-start|p1a: Buggy|typechange|Bug\/Electric|[silent]
|-damage|p1a: Buggy|76\/100|[from] Stealth Rock
|-ability|p1a: Buggy|Download|boost
|-boost|p1a: Buggy|atk|1
|
|-heal|p2a: Fear the Drill|244\/424|[from] item: Leftovers
|upkeep
|turn|10
|j| pokisokis
|
|t:|1609627121
|move|p2a: Fear the Drill|Toxic|p1a: Buggy
|-status|p1a: Buggy|tox
|move|p1a: Buggy|Energy Ball|p2a: Fear the Drill
|-damage|p2a: Fear the Drill|79\/424
|
|-heal|p2a: Fear the Drill|105\/424|[from] item: Leftovers
|-damage|p1a: Buggy|70\/100 tox|[from] psn
|upkeep
|turn|11
|l| pokisokis
|
|t:|1609627157
|move|p2a: Fear the Drill|High Horsepower|p1a: Buggy
|-damage|p1a: Buggy|39\/100 tox
|move|p1a: Buggy|Energy Ball|p2a: Fear the Drill
|-damage|p2a: Fear the Drill|0 fnt
|faint|p2a: Fear the Drill
|
|-damage|p1a: Buggy|27\/100 tox|[from] psn
|upkeep
|
|t:|1609627165
|switch|p2a: Kamekaze|Archeops, F|291\/291
|turn|12
|
|t:|1609627187
|detailschange|p2a: Kamekaze|Archeops-Mega, F
|-mega|p2a: Kamekaze|Archeops|Archeonite
|-start|p2a: Kamekaze|typechange|Rock\/Flying|[silent]
|raw|<ul class="utilichart"><li class="result"><span class="col pokemonnamecol" style="white-space: nowrap">Archeops-Mega<\/span> <span class="col typecol"><img src="https:\/\/play.pokemonshowdown.com\/sprites\/types\/Rock.png" alt="Rock" height="14" width="32"><img src="https:\/\/play.pokemonshowdown.com\/sprites\/types\/Flying.png" alt="Flying" height="14" width="32"><\/span> <span style="float: left ; min-height: 26px"><span class="col abilitycol">Second Wind<\/span><span class="col abilitycol"><\/span><\/span><span style="float: left ; min-height: 26px"><span class="col statcol"><em>HP<\/em><br>75<\/span> <span class="col statcol"><em>Atk<\/em><br>190<\/span> <span class="col statcol"><em>Def<\/em><br>65<\/span> <span class="col statcol"><em>SpA<\/em><br>127<\/span> <span class="col statcol"><em>SpD<\/em><br>65<\/span> <span class="col statcol"><em>Spe<\/em><br>145<\/span> <\/span><\/li><li style="clear: both"><\/li><\/ul>
|move|p2a: Kamekaze|Brave Bird|p1a: Buggy
|-crit|p1a: Buggy
|-damage|p1a: Buggy|0 fnt
|-damage|p2a: Kamekaze|263\/291|[from] Recoil
|faint|p1a: Buggy
|
|upkeep
|
|t:|1609627196
|switch|p1a: SplishSplash|Rotom-Wash|71\/100
|-damage|p1a: SplishSplash|58\/100|[from] Stealth Rock
|turn|13
|
|t:|1609627205
|switch|p2a: LaTiAs-MeGa.|Latios, M|293\/364
|move|p1a: SplishSplash|Thunderbolt|p2a: LaTiAs-MeGa.
|-resisted|p2a: LaTiAs-MeGa.
|-damage|p2a: LaTiAs-MeGa.|227\/364
|
|-heal|p2a: LaTiAs-MeGa.|249\/364|[from] item: Leftovers
|-heal|p1a: SplishSplash|64\/100|[from] item: Leftovers
|upkeep
|turn|14
|c|☆ViZarPKMN|Wait I should've waited
|
|t:|1609627239
|move|p2a: LaTiAs-MeGa.|Calm Mind|p2a: LaTiAs-MeGa.
|-boost|p2a: LaTiAs-MeGa.|spa|1
|-boost|p2a: LaTiAs-MeGa.|spd|1
|move|p1a: SplishSplash|Volt Switch|p2a: LaTiAs-MeGa.
|-resisted|p2a: LaTiAs-MeGa.
|-damage|p2a: LaTiAs-MeGa.|215\/364
|
|t:|1609627271
|switch|p1a: Mittens|Incineroar, M|76\/100|[from]move: Volt Switch
|-damage|p1a: Mittens|51\/100|[from] Stealth Rock
|-ability|p1a: Mittens|Intimidate|boost
|-unboost|p2a: LaTiAs-MeGa.|atk|1
|
|-heal|p2a: LaTiAs-MeGa.|237\/364|[from] item: Leftovers
|upkeep
|turn|15
|
|t:|1609627289
|move|p2a: LaTiAs-MeGa.|Aura Sphere|p1a: Mittens
|-supereffective|p1a: Mittens
|-damage|p1a: Mittens|3\/100
|move|p1a: Mittens|Darkest Lariat|p2a: LaTiAs-MeGa.
|-supereffective|p2a: LaTiAs-MeGa.
|-damage|p2a: LaTiAs-MeGa.|0 fnt
|faint|p2a: LaTiAs-MeGa.
|
|upkeep
|
|t:|1609627296
|switch|p2a: Spinjutsu|Greninja, M|285\/285
|turn|16
|
|t:|1609627305
|switch|p1a: Citrus|Zapdos-Galar|100\/100
|-damage|p1a: Citrus|88\/100|[from] Stealth Rock
|move|p2a: Spinjutsu|Dark Pulse|p1a: Citrus
|-resisted|p1a: Citrus
|-damage|p1a: Citrus|59\/100
|
|upkeep
|turn|17
|c|☆ViZarPKMN|wp
|
|t:|1609627313
|switch|p2a: Kamekaze|Archeops-Mega, F|263\/291
|-start|p2a: Kamekaze|typechange|Rock\/Flying|[silent]
|move|p1a: Citrus|Thunderous Kick|p2a: Kamekaze
|-damage|p2a: Kamekaze|0 fnt
|-damage|p1a: Citrus|49\/100|[from] item: Life Orb
|faint|p2a: Kamekaze
|
|upkeep
|
|t:|1609627322
|switch|p2a: Spinjutsu|Greninja, M|285\/285
|turn|18
|
|t:|1609627332
|move|p2a: Spinjutsu|Dark Pulse|p1a: Citrus
|-resisted|p1a: Citrus
|-damage|p1a: Citrus|18\/100
|move|p1a: Citrus|Thunderous Kick|p2a: Spinjutsu
|-supereffective|p2a: Spinjutsu
|-damage|p2a: Spinjutsu|0 fnt
|-damage|p1a: Citrus|8\/100|[from] item: Life Orb
|faint|p2a: Spinjutsu
|
|upkeep
|c|☆ViZarPKMN|gg
|-message|ViZarPKMN forfeited.
|
|win|BotwNerd745</script>
</div>
<div class="battle-log battle-log-inline"><div class="inner"><div class="battle-options"><div style="padding-top: 3px; padding-right: 3px; text-align: right"><button class="icon button" name="openBattleOptions" title="Options">Battle Options</button></div></div><div class="inner message-log"><div class="chat"><small>☆BotwNerd745 and ☆ViZarPKMN joined</small></div><div class=""><small>Format:</small> <br><strong>[Gen 8] Megas for All</strong></div><div class=""><small><em>HP Percentage Mod:</em> HP is shown in percentages</small></div><div class=""><small><em>Endless Battle Clause:</em> Forcing endless battles is banned</small></div><div class=""><small><em>OHKO Clause:</em> OHKO moves are banned</small></div><div class=""><small><em>Evasion Moves Clause:</em> Evasion moves are banned</small></div><div class=""><small><em>Species Clause:</em> Limit one of each Pokémon</small></div><div class=""><small><em>Dynamax Clause:</em> You cannot dynamax</small></div><div class=""><small><em>Sleep Clause Mod:</em> Limit one foe put to sleep</small></div><div class=""><small><em>Freeze Clause Mod:</em> Limit one foe frozen</small></div><div class="chat battle-history"><strong>BotwNerd745's team:</strong> <em style="color:#445566;display:block;">Vikavolt / Terrakion / Tsareena / Incineroar / Rotom-Wash / Zapdos-Galar</em></div><div class="chat battle-history"><strong>ViZarPKMN's team:</strong> <em style="color:#445566;display:block;">Archeops / Greninja / Excadrill / Staraptor / Zapdos / Latios</em></div><div class="chat chatmessage-vizarpkmn mine"><strong style="color:#4f78c0"><small>☆</small><span class="username" data-name="ViZarPKMN">ViZarPKMN</span>:</strong> <em>glhf</em></div><div class="spacer battle-history"><br></div><div class="battle-history">Battle started between BotwNerd745 and ViZarPKMN!<br></div><div class="spacer battle-history"><br></div><div class="battle-history">BotwNerd745 sent out Buggy (<strong>Vikavolt</strong>)!<br></div><div class="spacer battle-history"><br></div><div class="battle-history">Go! Brave Bird go brrr (<strong>Staraptor</strong>)!<br></div><div class="battle-history">[Brave Bird go brrr's Intimidate]<br></div><div class="battle-history"><small>The opposing Buggy's Attack fell!</small><br></div><div class="spacer battle-history"><br></div><h2 class="battle-history">Turn 1</h2><div class="chat"><small> inkbug1 joined</small></div><div class="spacer battle-history"><br></div><div class="battle-history"><small>The opposing Buggy's Vikavoltite is reacting to the Key Stone!</small><br>The opposing Buggy has Mega Evolved into Mega Vikavolt!<br></div><div class="battle-history">[The opposing Buggy's Download]<br></div><div class="battle-history"><small>The opposing Buggy's Sp. Atk rose!</small><br></div><div class="chat"><ul class="utilichart"><li class="result"><span class="col pokemonnamecol" style="white-space: nowrap">Vikavolt-Mega</span> <span class="col typecol"><img src="https://play.pokemonshowdown.com/sprites/types/Bug.png" alt="Bug" height="14" width="32"><img src="https://play.pokemonshowdown.com/sprites/types/Electric.png" alt="Electric" height="14" width="32"></span> <span style="float: left ; min-height: 26px"><span class="col abilitycol">Download</span><span class="col abilitycol"></span></span><span style="float: left ; min-height: 26px"><span class="col statcol"><em>HP</em><br>77</span> <span class="col statcol"><em>Atk</em><br>145</span> <span class="col statcol"><em>Def</em><br>90</span> <span class="col statcol"><em>SpA</em><br>145</span> <span class="col statcol"><em>SpD</em><br>75</span> <span class="col statcol"><em>Spe</em><br>68</span> </span></li><li style="clear: both"></li></ul></div><div class="spacer battle-history"><br></div><div class="battle-history">Brave Bird go brrr used <strong>U-turn</strong>!<br></div><div class="battle-history"><small>(The opposing Buggy lost 25% of its health!)</small><br></div><div class="spacer battle-history"><br></div><div class="battle-history">Brave Bird go brrr went back to ViZarPKMN!<br></div><div class="battle-history">Go! Fear the Drill (<strong>Excadrill</strong>)!<br></div><div class="battle-history">[Fear the Drill's Mold Breaker]<br><small>Fear the Drill breaks the mold!</small><br></div><div class="spacer battle-history"><br></div><div class="battle-history">The opposing Buggy used <strong>Thunder Cage</strong>!<br></div><div class="battle-history"><small>It doesn't affect Fear the Drill...</small><br></div><div class="spacer battle-history"><br></div><h2 class="battle-history">Turn 2</h2><div class="spacer battle-history"><br></div><div class="battle-history">Fear the Drill used <strong>Stealth Rock</strong>!<br></div><div class="battle-history"><small>Pointed stones float in the air around the opposing team!</small><br></div><div class="spacer battle-history"><br></div><div class="battle-history">The opposing Buggy used <strong>Energy Ball</strong>!<br></div><div class="battle-history"><small>(Fear the Drill lost <abbr title="−232/424">54.7%</abbr> of its health!)</small><br></div><div class="spacer battle-history"><br></div><div class="battle-history"><small>Fear the Drill restored a little HP using its Leftovers!</small><br></div><div class="spacer battle-history"><br></div><h2 class="battle-history">Turn 3</h2><div class="spacer battle-history"><br></div><div class="battle-history">Fear the Drill, come back!<br></div><div class="battle-history">Go! ThUnDeRuS-tHeRiAn. (<strong>Zapdos</strong>)!<br></div><div class="spacer battle-history"><br></div><div class="battle-history">The opposing Buggy used <strong>Energy Ball</strong>!<br></div><div class="battle-history"><small>It's not very effective...</small><br></div><div class="battle-history"><small>(ThUnDeRuS-tHeRiAn. lost <abbr title="−97/321">30.2%</abbr> of its health!)</small><br></div><div class="battle-history"><small>ThUnDeRuS-tHeRiAn.'s Sp. Def fell!</small><br></div><div class="spacer battle-history"><br></div><h2 class="battle-history">Turn 4</h2><div class="spacer battle-history"><br></div><div class="battle-history">ThUnDeRuS-tHeRiAn. used <strong>Hurricane</strong>!<br></div><div class="battle-history"><small>(The opposing Buggy lost 67% of its health!)</small><br></div><div class="spacer battle-history"><br></div><div class="battle-history">The opposing Buggy used <strong>Thunder Cage</strong>!<br></div><div class="battle-history"><small>(ThUnDeRuS-tHeRiAn. lost <abbr title="−224/321">69.8%</abbr> of its health!)</small><br></div><div class="spacer battle-history"><br></div><div class="battle-history">ThUnDeRuS-tHeRiAn. fainted!<br></div><div class="spacer battle-history"><br></div><div class="battle-history">Go! Brave Bird go brrr (<strong>Staraptor</strong>)!<br></div><div class="battle-history">[Brave Bird go brrr's Intimidate]<br></div><div class="battle-history"><small>The opposing Buggy's Attack fell!</small><br></div><div class="spacer battle-history"><br></div><h2 class="battle-history">Turn 5</h2><div class="chat chatmessage-vizarpkmn mine"><strong style="color:#4f78c0"><small>☆</small><span class="username" data-name="ViZarPKMN">ViZarPKMN</span>:</strong> <em>wrong ability ...</em></div><div class="chat"><small> Coppersmith joined</small></div><div class="spacer battle-history"><br></div><div class="battle-history">BotwNerd745 withdrew Buggy!<br></div><div class="battle-history">BotwNerd745 sent out <strong>Terrakion</strong>!<br></div><div class="battle-history"><small>Pointed stones dug into the opposing Terrakion!</small><br></div><div class="spacer battle-history"><br></div><div class="battle-history">Brave Bird go brrr used <strong>U-turn</strong>!<br></div><div class="battle-history"><small>It's not very effective...</small><br></div><div class="battle-history"><small>(The opposing Terrakion lost 14% of its health!)</small><br></div><div class="battle-history"><small>Brave Bird go brrr was hurt by the Rocky Helmet!</small><br></div><div class="spacer battle-history"><br></div><div class="battle-history">Brave Bird go brrr went back to ViZarPKMN!<br></div><div class="battle-history">Go! Spinjutsu (<strong>Greninja</strong>)!<br></div><div class="spacer battle-history"><br></div><h2 class="battle-history">Turn 6</h2><div class="chat chatmessage-vizarpkmn mine"><strong style="color:#4f78c0"><small>☆</small><span class="username" data-name="ViZarPKMN">ViZarPKMN</span>:</strong> <em>Rocky Helmet Terrakion sounds fun tbh</em></div><div class="spacer battle-history"><br></div><div class="battle-history">BotwNerd745 withdrew Terrakion!<br></div><div class="battle-history">BotwNerd745 sent out SplishSplash (<strong>Rotom-Wash</strong>)!<br></div><div class="battle-history"><small>Pointed stones dug into the opposing SplishSplash!</small><br></div><div class="spacer battle-history"><br></div><div class="battle-history">Spinjutsu used <strong>Hydro Pump</strong>!<br></div><div class="battle-history"><small>The opposing SplishSplash avoided the attack!</small><br></div><div class="spacer battle-history"><br></div><div class="battle-history"><small>The opposing SplishSplash restored a little HP using its Leftovers!</small><br></div><div class="spacer battle-history"><br></div><h2 class="battle-history">Turn 7</h2><div class="spacer battle-history"><br></div><div class="battle-history">Spinjutsu, come back!<br></div><div class="battle-history">Go! LaTiAs-MeGa. (<strong>Latios</strong>)!<br></div><div class="spacer battle-history"><br></div><div class="battle-history">The opposing SplishSplash used <strong>Thunderbolt</strong>!<br></div><div class="battle-history"><small>It's not very effective...</small><br></div><div class="battle-history"><small>(LaTiAs-MeGa. lost <abbr title="−68/364">18.7%</abbr> of its health!)</small><br></div><div class="spacer battle-history"><br></div><div class="battle-history"><small>LaTiAs-MeGa. restored a little HP using its Leftovers!</small><br></div><div class="battle-history"><small>The opposing SplishSplash restored a little HP using its Leftovers!</small><br></div><div class="spacer battle-history"><br></div><h2 class="battle-history">Turn 8</h2><div class="spacer battle-history"><br></div><div class="battle-history">LaTiAs-MeGa. used <strong>Aura Sphere</strong>!<br></div><div class="battle-history"><small>(The opposing SplishSplash lost 29% of its health!)</small><br></div><div class="spacer battle-history"><br></div><div class="battle-history">The opposing SplishSplash used <strong>Volt Switch</strong>!<br></div><div class="battle-history"><small>It's not very effective...</small><br></div><div class="battle-history"><small>(LaTiAs-MeGa. lost <abbr title="−47/364">12.9%</abbr> of its health!)</small><br></div><div class="chat"><small> Coppersmith left</small></div><div class="spacer battle-history"><br></div><div class="battle-history">The opposing SplishSplash went back to BotwNerd745!<br></div><div class="battle-history">BotwNerd745 sent out Mittens (<strong>Incineroar</strong>)!<br></div><div class="battle-history"><small>Pointed stones dug into the opposing Mittens!</small><br></div><div class="battle-history">[The opposing Mittens's Intimidate]<br></div><div class="battle-history"><small>LaTiAs-MeGa.'s Attack fell!</small><br></div><div class="spacer battle-history"><br></div><div class="battle-history"><small>LaTiAs-MeGa. restored a little HP using its Leftovers!</small><br></div><div class="spacer battle-history"><br></div><h2 class="battle-history">Turn 9</h2><div class="spacer battle-history"><br></div><div class="battle-history">LaTiAs-MeGa., come back!<br></div><div class="battle-history">Go! Fear the Drill (<strong>Excadrill</strong>)!<br></div><div class="battle-history">[Fear the Drill's Mold Breaker]<br><small>Fear the Drill breaks the mold!</small><br></div><div class="battle-history"><small>The opposing Mittens surrounded itself with its Z-Power!</small><br></div><div class="spacer battle-history"><br></div><div class="battle-history">The opposing Mittens used <strong>Z-Parting Shot</strong>!<br></div><div class="battle-history"><small>Fear the Drill's Attack fell!</small><br></div><div class="battle-history"><small>Fear the Drill's Sp. Atk fell!</small><br></div><div class="battle-history"><small>The opposing Mittens will restore its replacement's HP using its Z-Power!</small><br></div><div class="spacer battle-history"><br></div><div class="battle-history">BotwNerd745 withdrew Mittens!<br></div><div class="battle-history">BotwNerd745 sent out Buggy (<strong>Vikavolt-Mega</strong>)!<br></div><div class="battle-history"><small>The opposing Buggy's HP was restored by the Z-Power!</small><br></div><div class="battle-history"><small>Pointed stones dug into the opposing Buggy!</small><br></div><div class="battle-history">[The opposing Buggy's Download]<br></div><div class="battle-history"><small>The opposing Buggy's Attack rose!</small><br></div><div class="spacer battle-history"><br></div><div class="battle-history"><small>Fear the Drill restored a little HP using its Leftovers!</small><br></div><div class="spacer battle-history"><br></div><h2 class="battle-history">Turn 10</h2><div class="chat"><small> pokisokis joined</small></div><div class="spacer battle-history"><br></div><div class="battle-history">Fear the Drill used <strong>Toxic</strong>!<br></div><div class="battle-history"><small>The opposing Buggy was badly poisoned!</small><br></div><div class="spacer battle-history"><br></div><div class="battle-history">The opposing Buggy used <strong>Energy Ball</strong>!<br></div><div class="battle-history"><small>(Fear the Drill lost <abbr title="−165/424">38.9%</abbr> of its health!)</small><br></div><div class="spacer battle-history"><br></div><div class="battle-history"><small>Fear the Drill restored a little HP using its Leftovers!</small><br></div><div class="battle-history"><small>The opposing Buggy was hurt by poison!</small><br></div><div class="spacer battle-history"><br></div><h2 class="battle-history">Turn 11</h2><div class="chat"><small> pokisokis left</small></div><div class="spacer battle-history"><br></div><div class="battle-history">Fear the Drill used <strong>High Horsepower</strong>!<br></div><div class="battle-history"><small>(The opposing Buggy lost 31% of its health!)</small><br></div><div class="spacer battle-history"><br></div><div class="battle-history">The opposing Buggy used <strong>Energy Ball</strong>!<br></div><div class="battle-history"><small>(Fear the Drill lost <abbr title="−105/424">24.8%</abbr> of its health!)</small><br></div><div class="spacer battle-history"><br></div><div class="battle-history">Fear the Drill fainted!<br></div><div class="spacer battle-history"><br></div><div class="battle-history"><small>The opposing Buggy was hurt by poison!</small><br></div><div class="spacer battle-history"><br></div><div class="battle-history">Go! Kamekaze (<strong>Archeops</strong>)!<br></div><div class="spacer battle-history"><br></div><h2 class="battle-history">Turn 12</h2><div class="spacer battle-history"><br></div><div class="battle-history"><small>Kamekaze's Archeonite is reacting to the Key Stone!</small><br>Kamekaze has Mega Evolved into Mega Archeops!<br></div><div class="chat"><ul class="utilichart"><li class="result"><span class="col pokemonnamecol" style="white-space: nowrap">Archeops-Mega</span> <span class="col typecol"><img src="https://play.pokemonshowdown.com/sprites/types/Rock.png" alt="Rock" height="14" width="32"><img src="https://play.pokemonshowdown.com/sprites/types/Flying.png" alt="Flying" height="14" width="32"></span> <span style="float: left ; min-height: 26px"><span class="col abilitycol">Second Wind</span><span class="col abilitycol"></span></span><span style="float: left ; min-height: 26px"><span class="col statcol"><em>HP</em><br>75</span> <span class="col statcol"><em>Atk</em><br>190</span> <span class="col statcol"><em>Def</em><br>65</span> <span class="col statcol"><em>SpA</em><br>127</span> <span class="col statcol"><em>SpD</em><br>65</span> <span class="col statcol"><em>Spe</em><br>145</span> </span></li><li style="clear: both"></li></ul></div><div class="spacer battle-history"><br></div><div class="battle-history">Kamekaze used <strong>Brave Bird</strong>!<br></div><div class="battle-history"><small>A critical hit!</small><br></div><div class="battle-history"><small>(The opposing Buggy lost 27% of its health!)</small><br></div><div class="battle-history"><small>Kamekaze was damaged by the recoil!</small><br></div><div class="spacer battle-history"><br></div><div class="battle-history">The opposing Buggy fainted!<br></div><div class="spacer battle-history"><br></div><div class="battle-history">BotwNerd745 sent out SplishSplash (<strong>Rotom-Wash</strong>)!<br></div><div class="battle-history"><small>Pointed stones dug into the opposing SplishSplash!</small><br></div><div class="spacer battle-history"><br></div><h2 class="battle-history">Turn 13</h2><div class="spacer battle-history"><br></div><div class="battle-history">Kamekaze, come back!<br></div><div class="battle-history">Go! LaTiAs-MeGa. (<strong>Latios</strong>)!<br></div><div class="spacer battle-history"><br></div><div class="battle-history">The opposing SplishSplash used <strong>Thunderbolt</strong>!<br></div><div class="battle-history"><small>It's not very effective...</small><br></div><div class="battle-history"><small>(LaTiAs-MeGa. lost <abbr title="−66/364">18.1%</abbr> of its health!)</small><br></div><div class="spacer battle-history"><br></div><div class="battle-history"><small>LaTiAs-MeGa. restored a little HP using its Leftovers!</small><br></div><div class="battle-history"><small>The opposing SplishSplash restored a little HP using its Leftovers!</small><br></div><div class="spacer battle-history"><br></div><h2 class="battle-history">Turn 14</h2><div class="chat chatmessage-vizarpkmn mine"><strong style="color:#4f78c0"><small>☆</small><span class="username" data-name="ViZarPKMN">ViZarPKMN</span>:</strong> <em>Wait I should've waited</em></div><div class="spacer battle-history"><br></div><div class="battle-history">LaTiAs-MeGa. used <strong>Calm Mind</strong>!<br></div><div class="battle-history"><small>LaTiAs-MeGa.'s Sp. Atk rose!</small><br></div><div class="battle-history"><small>LaTiAs-MeGa.'s Sp. Def rose!</small><br></div><div class="spacer battle-history"><br></div><div class="battle-history">The opposing SplishSplash used <strong>Volt Switch</strong>!<br></div><div class="battle-history"><small>It's not very effective...</small><br></div><div class="battle-history"><small>(LaTiAs-MeGa. lost <abbr title="−34/364">9.3%</abbr> of its health!)</small><br></div><div class="spacer battle-history"><br></div><div class="battle-history">The opposing SplishSplash went back to BotwNerd745!<br></div><div class="battle-history">BotwNerd745 sent out Mittens (<strong>Incineroar</strong>)!<br></div><div class="battle-history"><small>Pointed stones dug into the opposing Mittens!</small><br></div><div class="battle-history">[The opposing Mittens's Intimidate]<br></div><div class="battle-history"><small>LaTiAs-MeGa.'s Attack fell!</small><br></div><div class="spacer battle-history"><br></div><div class="battle-history"><small>LaTiAs-MeGa. restored a little HP using its Leftovers!</small><br></div><div class="spacer battle-history"><br></div><h2 class="battle-history">Turn 15</h2><div class="spacer battle-history"><br></div><div class="battle-history">LaTiAs-MeGa. used <strong>Aura Sphere</strong>!<br></div><div class="battle-history"><small>It's super effective!</small><br></div><div class="battle-history"><small>(The opposing Mittens lost 48% of its health!)</small><br></div><div class="spacer battle-history"><br></div><div class="battle-history">The opposing Mittens used <strong>Darkest Lariat</strong>!<br></div><div class="battle-history"><small>It's super effective!</small><br></div><div class="battle-history"><small>(LaTiAs-MeGa. lost <abbr title="−237/364">65.1%</abbr> of its health!)</small><br></div><div class="spacer battle-history"><br></div><div class="battle-history">LaTiAs-MeGa. fainted!<br></div><div class="spacer battle-history"><br></div><div class="battle-history">Go! Spinjutsu (<strong>Greninja</strong>)!<br></div><div class="spacer battle-history"><br></div><h2 class="battle-history">Turn 16</h2><div class="spacer battle-history"><br></div><div class="battle-history">BotwNerd745 withdrew Mittens!<br></div><div class="battle-history">BotwNerd745 sent out Citrus (<strong>Zapdos-Galar</strong>)!<br></div><div class="battle-history"><small>Pointed stones dug into the opposing Citrus!</small><br></div><div class="spacer battle-history"><br></div><div class="battle-history">Spinjutsu used <strong>Dark Pulse</strong>!<br></div><div class="battle-history"><small>It's not very effective...</small><br></div><div class="battle-history"><small>(The opposing Citrus lost 29% of its health!)</small><br></div><div class="spacer battle-history"><br></div><h2 class="battle-history">Turn 17</h2><div class="chat chatmessage-vizarpkmn mine"><strong style="color:#4f78c0"><small>☆</small><span class="username" data-name="ViZarPKMN">ViZarPKMN</span>:</strong> <em>wp</em></div><div class="spacer battle-history"><br></div><div class="battle-history">Spinjutsu, come back!<br></div><div class="battle-history">Go! Kamekaze (<strong>Archeops-Mega</strong>)!<br></div><div class="spacer battle-history"><br></div><div class="battle-history">The opposing Citrus used <strong>Thunderous Kick</strong>!<br></div><div class="battle-history"><small>(Kamekaze lost <abbr title="−263/291">90.4%</abbr> of its health!)</small><br></div><div class="battle-history"><small>The opposing Citrus lost some of its HP!</small><br></div><div class="spacer battle-history"><br></div><div class="battle-history">Kamekaze fainted!<br></div><div class="spacer battle-history"><br></div><div class="battle-history">Go! Spinjutsu (<strong>Greninja</strong>)!<br></div><div class="spacer battle-history"><br></div><h2 class="battle-history">Turn 18</h2><div class="spacer battle-history"><br></div><div class="battle-history">Spinjutsu used <strong>Dark Pulse</strong>!<br></div><div class="battle-history"><small>It's not very effective...</small><br></div><div class="battle-history"><small>(The opposing Citrus lost 31% of its health!)</small><br></div><div class="spacer battle-history"><br></div><div class="battle-history">The opposing Citrus used <strong>Thunderous Kick</strong>!<br></div><div class="battle-history"><small>It's super effective!</small><br></div><div class="battle-history"><small>(Spinjutsu lost <abbr title="−285/285">100%</abbr> of its health!)</small><br></div><div class="battle-history"><small>The opposing Citrus lost some of its HP!</small><br></div><div class="spacer battle-history"><br></div><div class="battle-history">Spinjutsu fainted!<br></div><div class="chat chatmessage-vizarpkmn mine"><strong style="color:#4f78c0"><small>☆</small><span class="username" data-name="ViZarPKMN">ViZarPKMN</span>:</strong> <em>gg</em></div><div class="spacer battle-history"><br></div><div class="battle-history"><small>ViZarPKMN forfeited.</small><br></div><div class="spacer battle-history"><br></div><div class="battle-history"><strong>BotwNerd745</strong> won the battle!<br></div></div><div class="inner-preempt message-log"></div></div></div>
</div>
<script>
let daily = Math.floor(Date.now()/1000/60/60/24);document.write('<script src="https://dragonheaven.herokuapp.com/js/replay-embed.js?version'+daily+'"></'+'script>');
</script>
