<!DOCTYPE html>
<meta charset="utf-8" />
<!-- version 1 -->
<title>[Gen 8] Megas for All replay: inkbug1 vs. H2OPulse</title>
<style>
html,body {font-family:Verdana, sans-serif;font-size:10pt;margin:0;padding:0;}body{padding:12px 0;} .battle-log {font-family:Verdana, sans-serif;font-size:10pt;} .battle-log-inline {border:1px solid #AAAAAA;background:#EEF2F5;color:black;max-width:640px;margin:0 auto 80px;padding-bottom:5px;} .battle-log .inner {padding:4px 8px 0px 8px;} .battle-log .inner-preempt {padding:0 8px 4px 8px;} .battle-log .inner-after {margin-top:0.5em;} .battle-log h2 {margin:0.5em -8px;padding:4px 8px;border:1px solid #AAAAAA;background:#E0E7EA;border-left:0;border-right:0;font-family:Verdana, sans-serif;font-size:13pt;} .battle-log .chat {vertical-align:middle;padding:3px 0 3px 0;font-size:8pt;} .battle-log .chat strong {color:#40576A;} .battle-log .chat em {padding:1px 4px 1px 3px;color:#000000;font-style:normal;} .chat.mine {background:rgba(0,0,0,0.05);margin-left:-8px;margin-right:-8px;padding-left:8px;padding-right:8px;} .spoiler {color:#BBBBBB;background:#BBBBBB;padding:0px 3px;} .spoiler:hover, .spoiler:active, .spoiler-shown {color:#000000;background:#E2E2E2;padding:0px 3px;} .spoiler a {color:#BBBBBB;} .spoiler:hover a, .spoiler:active a, .spoiler-shown a {color:#2288CC;} .chat code, .chat .spoiler:hover code, .chat .spoiler:active code, .chat .spoiler-shown code {border:1px solid #C0C0C0;background:#EEEEEE;color:black;padding:0 2px;} .chat .spoiler code {border:1px solid #CCCCCC;background:#CCCCCC;color:#CCCCCC;} .battle-log .rated {padding:3px 4px;} .battle-log .rated strong {color:white;background:#89A;padding:1px 4px;border-radius:4px;} .spacer {margin-top:0.5em;} .message-announce {background:#6688AA;color:white;padding:1px 4px 2px;} .message-announce a, .broadcast-green a, .broadcast-blue a, .broadcast-red a {color:#DDEEFF;} .broadcast-green {background-color:#559955;color:white;padding:2px 4px;} .broadcast-blue {background-color:#6688AA;color:white;padding:2px 4px;} .infobox {border:1px solid #6688AA;padding:2px 4px;} .infobox-limited {max-height:200px;overflow:auto;overflow-x:hidden;} .broadcast-red {background-color:#AA5544;color:white;padding:2px 4px;} .message-learn-canlearn {font-weight:bold;color:#228822;text-decoration:underline;} .message-learn-cannotlearn {font-weight:bold;color:#CC2222;text-decoration:underline;} .message-effect-weak {font-weight:bold;color:#CC2222;} .message-effect-resist {font-weight:bold;color:#6688AA;} .message-effect-immune {font-weight:bold;color:#666666;} .message-learn-list {margin-top:0;margin-bottom:0;} .message-throttle-notice, .message-error {color:#992222;} .message-overflow, .chat small.message-overflow {font-size:0pt;} .message-overflow::before {font-size:9pt;content:'...';} .subtle {color:#3A4A66;}
</style>
<div class="wrapper replay-wrapper" style="max-width:1180px;margin:0 auto">
<input type="hidden" name="replayid" value="dragonheaven-gen8megasforall-809" />
<div class="battle"></div><div class="battle-log"></div><div class="replay-controls"></div><div class="replay-controls-2"></div>
<h1 style="font-weight:normal;text-align:center"><strong>[Gen 8] Megas for All</strong><br /><a href="http://pokemonshowdown.com/users/inkbug1" class="subtle" target="_blank">inkbug1</a> vs. <a href="http://pokemonshowdown.com/users/h2opulse" class="subtle" target="_blank">H2OPulse</a></h1>
<script type="text/plain" class="battle-log-data">|j|☆inkbug1

|j|☆H2OPulse
|t:|1609131970
|player|p1|inkbug1|burgh|
|player|p2|H2OPulse|aetherfoundation|
|teamsize|p1|6
|teamsize|p2|6
|gametype|singles
|gen|8
|tier|[Gen 8] Megas for All
|clearpoke
|poke|p1|Minior-Yellow|
|poke|p1|Jolteon, M|
|poke|p1|Eldegoss, M|
|poke|p1|Comfey, F|
|poke|p1|Falinks|
|poke|p1|Mawile, F|
|poke|p2|Vileplume, F|
|poke|p2|Gliscor, M|
|poke|p2|Hydreigon, F|
|poke|p2|Delphox, M|
|poke|p2|Bisharp, F|
|poke|p2|Araquanid, M|
|rule|HP Percentage Mod: HP is shown in percentages
|rule|Endless Battle Clause: Forcing endless battles is banned
|rule|OHKO Clause: OHKO moves are banned
|rule|Evasion Moves Clause: Evasion moves are banned
|rule|Species Clause: Limit one of each Pokémon
|rule|Dynamax Clause: You cannot dynamax
|rule|Sleep Clause Mod: Limit one foe put to sleep
|rule|Freeze Clause Mod: Limit one foe frozen
|teampreview
|c|☆H2OPulse|Ooooo okay fun
|c|☆inkbug1|hm i think this is a situation where my lead loses
|c|☆H2OPulse|See you say that but do I want to send Spilly in on a Minior either
|
|t:|1609132008
|start
|switch|p1a: Lemon Drop|Minior-Yellow|261\/261
|switch|p2a: Sword Lily|Bisharp, F|100\/100
|-formechange|p1a: Lemon Drop|Minior-Meteor||[from] ability: Shields Down
|turn|1
|c|☆inkbug1|oh! 
|c|☆inkbug1|generous
|
|t:|1609132021
|move|p1a: Lemon Drop|Shell Smash|p1a: Lemon Drop
|-unboost|p1a: Lemon Drop|def|1
|-unboost|p1a: Lemon Drop|spd|1
|-boost|p1a: Lemon Drop|atk|2
|-boost|p1a: Lemon Drop|spa|2
|-boost|p1a: Lemon Drop|spe|2
|-enditem|p1a: Lemon Drop|White Herb
|-clearnegativeboost|p1a: Lemon Drop|[silent]
|move|p2a: Sword Lily|Iron Head|p1a: Lemon Drop
|-supereffective|p1a: Lemon Drop
|-crit|p1a: Lemon Drop
|-damage|p1a: Lemon Drop|0 fnt
|faint|p1a: Lemon Drop
|
|upkeep
|c|☆H2OPulse|questionably but
|c|☆inkbug1|or 
|c|☆inkbug1|or not
|c|☆inkbug1|ok
|
|t:|1609132049
|switch|p1a: Collin|Jolteon, M|271\/271
|turn|2
|c|☆H2OPulse|okay nothing on my team is comfortable with both of the moves you could use here
|
|t:|1609132129
|detailschange|p1a: Collin|Jolteon-Mega, M
|-mega|p1a: Collin|Jolteon|Jolteonite
|-ability|p1a: Collin|Tempestuous|boost
|-boost|p1a: Collin|spd|1
|-start|p1a: Collin|typechange|Electric|[silent]
|raw|<ul class="utilichart"><li class="result"><span class="col pokemonnamecol" style="white-space: nowrap">Jolteon-Mega<\/span> <span class="col typecol"><img src="https:\/\/play.pokemonshowdown.com\/sprites\/types\/Electric.png" alt="Electric" height="14" width="32"><\/span> <span style="float: left ; min-height: 26px"><span class="col abilitycol">Tempestuous<\/span><span class="col abilitycol"><\/span><\/span><span style="float: left ; min-height: 26px"><span class="col statcol"><em>HP<\/em><br>65<\/span> <span class="col statcol"><em>Atk<\/em><br>65<\/span> <span class="col statcol"><em>Def<\/em><br>60<\/span> <span class="col statcol"><em>SpA<\/em><br>160<\/span> <span class="col statcol"><em>SpD<\/em><br>125<\/span> <span class="col statcol"><em>Spe<\/em><br>150<\/span> <\/span><\/li><li style="clear: both"><\/li><\/ul>
|move|p2a: Sword Lily|Sucker Punch|p1a: Collin
|-damage|p1a: Collin|9\/271
|move|p1a: Collin|Charge Beam|p2a: Sword Lily
|-damage|p2a: Sword Lily|13\/100
|-boost|p1a: Collin|spa|1
|
|upkeep
|turn|3
|c|☆H2OPulse|okay
|c|☆inkbug1|OW
|
|t:|1609132141
|move|p2a: Sword Lily|Sucker Punch||[still]
|-fail|p2a: Sword Lily
|move|p1a: Collin|Calm Mind|p1a: Collin
|-boost|p1a: Collin|spa|1
|-boost|p1a: Collin|spd|1
|
|upkeep
|turn|4
|c|☆H2OPulse|yeah fair
|
|t:|1609132169
|move|p2a: Sword Lily|Sucker Punch||[still]
|-fail|p2a: Sword Lily
|move|p1a: Collin|Calm Mind|p1a: Collin
|-boost|p1a: Collin|spa|1
|-boost|p1a: Collin|spd|1
|
|upkeep
|turn|5
|
|t:|1609132177
|move|p1a: Collin|Charge Beam|p2a: Sword Lily
|-damage|p2a: Sword Lily|0 fnt
|-boost|p1a: Collin|spa|1
|faint|p2a: Sword Lily
|
|upkeep
|c|☆H2OPulse|yeah okay
|c|☆inkbug1|WORKS EVERY TIME
|
|t:|1609132183
|switch|p2a: Phace|Gliscor, M|100\/100
|turn|6
|
|t:|1609132192
|move|p1a: Collin|Hidden Power|p2a: Phace
|-supereffective|p2a: Phace
|-crit|p2a: Phace
|-damage|p2a: Phace|0 fnt
|faint|p2a: Phace
|
|upkeep
|c|☆H2OPulse|gosh if I lose here
|c|☆H2OPulse|good game :'D
|
|t:|1609132196
|switch|p2a: Glove|Delphox, M|100\/100
|turn|7
|c|☆inkbug1|oh my god mega jolteon i missed u so much
|
|t:|1609132206
|move|p1a: Collin|Charge Beam|p2a: Glove
|-crit|p2a: Glove
|-damage|p2a: Glove|0 fnt
|faint|p2a: Glove
|
|upkeep
|
|t:|1609132210
|switch|p2a: Sansevieria|Hydreigon, F|100\/100
|turn|8
|
|t:|1609132213
|detailschange|p2a: Sansevieria|Hydreigon-Mega, F
|-mega|p2a: Sansevieria|Hydreigon|Hydreigonite
|-start|p2a: Sansevieria|typechange|Dark\/Dragon|[silent]
|raw|<ul class="utilichart"><li class="result"><span class="col pokemonnamecol" style="white-space: nowrap">Hydreigon-Mega<\/span> <span class="col typecol"><img src="https:\/\/play.pokemonshowdown.com\/sprites\/types\/Dark.png" alt="Dark" height="14" width="32"><img src="https:\/\/play.pokemonshowdown.com\/sprites\/types\/Dragon.png" alt="Dragon" height="14" width="32"><\/span> <span style="float: left ; min-height: 26px"><span class="col abilitycol">Berserk<\/span><span class="col abilitycol"><\/span><\/span><span style="float: left ; min-height: 26px"><span class="col statcol"><em>HP<\/em><br>92<\/span> <span class="col statcol"><em>Atk<\/em><br>125<\/span> <span class="col statcol"><em>Def<\/em><br>110<\/span> <span class="col statcol"><em>SpA<\/em><br>165<\/span> <span class="col statcol"><em>SpD<\/em><br>90<\/span> <span class="col statcol"><em>Spe<\/em><br>118<\/span> <\/span><\/li><li style="clear: both"><\/li><\/ul>
|move|p1a: Collin|Hidden Power|p2a: Sansevieria
|-supereffective|p2a: Sansevieria
|-damage|p2a: Sansevieria|0 fnt
|faint|p2a: Sansevieria
|
|upkeep
|
|t:|1609132217
|switch|p2a: Raffles|Vileplume, F|100\/100
|turn|9
|c|☆inkbug1|gg sorry :'D 
|c|☆H2OPulse|Ppfffff
|
|t:|1609132223
|move|p1a: Collin|Hidden Power|p2a: Raffles
|-supereffective|p2a: Raffles
|-damage|p2a: Raffles|0 fnt
|faint|p2a: Raffles
|
|upkeep
|
|t:|1609132227
|switch|p2a: Spilly|Araquanid, M|100\/100
|turn|10
|
|t:|1609132234
|move|p1a: Collin|Charge Beam|p2a: Spilly|[miss]
|-miss|p1a: Collin|p2a: Spilly
|move|p2a: Spilly|Leech Life|p1a: Collin
|-damage|p1a: Collin|0 fnt
|faint|p1a: Collin
|
|upkeep
|c|☆H2OPulse|oH
|c|☆inkbug1|okay ! cool
|c|☆H2OPulse|I mean I still
|c|☆H2OPulse|lose
|c|☆H2OPulse|unambiguously
|c|☆H2OPulse|but
|c|☆H2OPulse|that was
|
|t:|1609132245
|switch|p1a: Cheri|Comfey, F|302\/302
|turn|11
|c|☆H2OPulse|hilarious
|
|t:|1609132251
|move|p1a: Cheri|Giga Drain|p2a: Spilly
|-damage|p2a: Spilly|76\/100
|-damage|p1a: Cheri|272\/302|[from] item: Life Orb
|move|p2a: Spilly|Liquidation|p1a: Cheri
|-damage|p1a: Cheri|20\/302
|-unboost|p1a: Cheri|def|1
|
|upkeep
|turn|12
|c|☆inkbug1|i love mega jolteon i hope u know that
|
|t:|1609132261
|move|p1a: Cheri|Giga Drain|p2a: Spilly
|-damage|p2a: Spilly|53\/100
|-heal|p1a: Cheri|55\/302|[from] drain|[of] p2a: Spilly
|-damage|p1a: Cheri|25\/302|[from] item: Life Orb
|move|p2a: Spilly|Leech Life|p1a: Cheri
|-resisted|p1a: Cheri
|-damage|p1a: Cheri|0 fnt
|-heal|p2a: Spilly|57\/100|[from] drain|[of] p1a: Cheri
|faint|p1a: Cheri
|
|upkeep
|c|☆H2OPulse|and by I still lose unambiguously I mean I love you Araquanid
|c|☆H2OPulse|but still
|c|☆H2OPulse|Also thank you <3
|
|t:|1609132272
|switch|p1a: January|Mawile, F|303\/303
|-ability|p1a: January|Intimidate|boost
|-unboost|p2a: Spilly|atk|1
|turn|13
|
|t:|1609132280
|move|p2a: Spilly|Liquidation|p1a: January
|-damage|p1a: January|143\/303
|move|p1a: January|Play Rough|p2a: Spilly|[miss]
|-miss|p1a: January|p2a: Spilly
|
|upkeep
|turn|14
|c|☆inkbug1|jan
|c|☆H2OPulse|This is so
|c|☆inkbug1|babe
|
|t:|1609132290
|move|p1a: January|Sucker Punch|p2a: Spilly
|-damage|p2a: Spilly|32\/100
|move|p2a: Spilly|Liquidation|p1a: January
|-damage|p1a: January|0 fnt
|faint|p1a: January
|
|upkeep
|c|☆H2OPulse|if Spilly wins this I'm going to die
|
|t:|1609132298
|switch|p1a: Marbles|Falinks|334\/334
|turn|15
|
|t:|1609132302
|move|p1a: Marbles|Rock Slide|p2a: Spilly
|-supereffective|p2a: Spilly
|-damage|p2a: Spilly|0 fnt
|faint|p2a: Spilly
|
|win|inkbug1
|c|☆H2OPulse|yeah fair
|c|☆inkbug1|oh my god 
|c|☆H2OPulse|Good game though :' D
|c|☆inkbug1|ggs</script>
</div>
<div class="battle-log battle-log-inline"><div class="inner"><div class="battle-options"><div style="padding-top: 3px; padding-right: 3px; text-align: right"><button class="icon button" name="openBattleOptions" title="Options">Battle Options</button></div></div><div class="inner message-log"><div class="chat"><small>☆inkbug1 and ☆H2OPulse joined</small></div><div class=""><small>Format:</small> <br><strong>[Gen 8] Megas for All</strong></div><div class=""><small><em>HP Percentage Mod:</em> HP is shown in percentages</small></div><div class=""><small><em>Endless Battle Clause:</em> Forcing endless battles is banned</small></div><div class=""><small><em>OHKO Clause:</em> OHKO moves are banned</small></div><div class=""><small><em>Evasion Moves Clause:</em> Evasion moves are banned</small></div><div class=""><small><em>Species Clause:</em> Limit one of each Pokémon</small></div><div class=""><small><em>Dynamax Clause:</em> You cannot dynamax</small></div><div class=""><small><em>Sleep Clause Mod:</em> Limit one foe put to sleep</small></div><div class=""><small><em>Freeze Clause Mod:</em> Limit one foe frozen</small></div><div class="chat battle-history"><strong>inkbug1's team:</strong> <em style="color:#445566;display:block;">Minior-Yellow / Jolteon / Eldegoss / Comfey / Falinks / Mawile</em></div><div class="chat battle-history"><strong>H2OPulse's team:</strong> <em style="color:#445566;display:block;">Vileplume / Gliscor / Hydreigon / Delphox / Bisharp / Araquanid</em></div><div class="chat chatmessage-h2opulse"><strong style="color:#6e8c2b"><small>☆</small><span class="username" data-name="H2OPulse">H2OPulse</span>:</strong> <em>Ooooo okay fun</em></div><div class="chat chatmessage-inkbug1 mine"><strong style="color:#e46e0f"><small>☆</small><span class="username" data-name="inkbug1">inkbug1</span>:</strong> <em>hm i think this is a situation where my lead loses</em></div><div class="chat chatmessage-h2opulse"><strong style="color:#6e8c2b"><small>☆</small><span class="username" data-name="H2OPulse">H2OPulse</span>:</strong> <em>See you say that but do I want to send Spilly in on a Minior either</em></div><div class="spacer battle-history"><br></div><div class="battle-history">Battle started between inkbug1 and H2OPulse!<br></div><div class="spacer battle-history"><br></div><div class="battle-history">Go! Lemon Drop (<strong>Minior-Yellow</strong>)!<br></div><div class="spacer battle-history"><br></div><div class="battle-history">H2OPulse sent out Sword Lily (<strong>Bisharp</strong>)!<br></div><div class="battle-history">[Lemon Drop's Shields Down]<br>Shields Down deactivated!<br>(Lemon Drop shielded itself.)<br></div><div class="spacer battle-history"><br></div><h2 class="battle-history">Turn 1</h2><div class="chat chatmessage-inkbug1 mine"><strong style="color:#e46e0f"><small>☆</small><span class="username" data-name="inkbug1">inkbug1</span>:</strong> <em>oh! </em></div><div class="chat chatmessage-inkbug1 mine"><strong style="color:#e46e0f"><small>☆</small><span class="username" data-name="inkbug1">inkbug1</span>:</strong> <em>generous</em></div><div class="spacer battle-history"><br></div><div class="battle-history">Lemon Drop used <strong>Shell Smash</strong>!<br></div><div class="battle-history"><small>Lemon Drop's Defense fell!</small><br></div><div class="battle-history"><small>Lemon Drop's Sp. Def fell!</small><br></div><div class="battle-history"><small>Lemon Drop's Attack rose sharply!</small><br></div><div class="battle-history"><small>Lemon Drop's Sp. Atk rose sharply!</small><br></div><div class="battle-history"><small>Lemon Drop's Speed rose sharply!</small><br></div><div class="battle-history"><small>Lemon Drop returned its stats to normal using its White Herb!</small><br></div><div class="spacer battle-history"><br></div><div class="battle-history">The opposing Sword Lily used <strong>Iron Head</strong>!<br></div><div class="battle-history"><small>It's super effective!</small><br></div><div class="battle-history"><small>A critical hit!</small><br></div><div class="battle-history"><small>(Lemon Drop lost <abbr title="−261/261">100%</abbr> of its health!)</small><br></div><div class="spacer battle-history"><br></div><div class="battle-history">Lemon Drop fainted!<br></div><div class="chat chatmessage-h2opulse"><strong style="color:#6e8c2b"><small>☆</small><span class="username" data-name="H2OPulse">H2OPulse</span>:</strong> <em>questionably but</em></div><div class="chat chatmessage-inkbug1 mine"><strong style="color:#e46e0f"><small>☆</small><span class="username" data-name="inkbug1">inkbug1</span>:</strong> <em>or </em></div><div class="chat chatmessage-inkbug1 mine"><strong style="color:#e46e0f"><small>☆</small><span class="username" data-name="inkbug1">inkbug1</span>:</strong> <em>or not</em></div><div class="chat chatmessage-inkbug1 mine"><strong style="color:#e46e0f"><small>☆</small><span class="username" data-name="inkbug1">inkbug1</span>:</strong> <em>ok</em></div><div class="spacer battle-history"><br></div><div class="battle-history">Go! Collin (<strong>Jolteon</strong>)!<br></div><div class="spacer battle-history"><br></div><h2 class="battle-history">Turn 2</h2><div class="chat chatmessage-h2opulse"><strong style="color:#6e8c2b"><small>☆</small><span class="username" data-name="H2OPulse">H2OPulse</span>:</strong> <em>okay nothing on my team is comfortable with both of the moves you could use here</em></div><div class="spacer battle-history"><br></div><div class="battle-history"><small>Collin's Jolteonite is reacting to the Key Stone!</small><br>Collin has Mega Evolved into Mega Jolteon!<br></div><div class="battle-history">[Collin's Tempestuous]<br></div><div class="battle-history"><small>Collin's Sp. Def rose!</small><br></div><div class="chat"><ul class="utilichart"><li class="result"><span class="col pokemonnamecol" style="white-space: nowrap">Jolteon-Mega</span> <span class="col typecol"><img src="https://play.pokemonshowdown.com/sprites/types/Electric.png" alt="Electric" height="14" width="32"></span> <span style="float: left ; min-height: 26px"><span class="col abilitycol">Tempestuous</span><span class="col abilitycol"></span></span><span style="float: left ; min-height: 26px"><span class="col statcol"><em>HP</em><br>65</span> <span class="col statcol"><em>Atk</em><br>65</span> <span class="col statcol"><em>Def</em><br>60</span> <span class="col statcol"><em>SpA</em><br>160</span> <span class="col statcol"><em>SpD</em><br>125</span> <span class="col statcol"><em>Spe</em><br>150</span> </span></li><li style="clear: both"></li></ul></div><div class="spacer battle-history"><br></div><div class="battle-history">The opposing Sword Lily used <strong>Sucker Punch</strong>!<br></div><div class="battle-history"><small>(Collin lost <abbr title="−262/271">96.7%</abbr> of its health!)</small><br></div><div class="spacer battle-history"><br></div><div class="battle-history">Collin used <strong>Charge Beam</strong>!<br></div><div class="battle-history"><small>(The opposing Sword Lily lost 87% of its health!)</small><br></div><div class="battle-history"><small>Collin's Sp. Atk rose!</small><br></div><div class="spacer battle-history"><br></div><h2 class="battle-history">Turn 3</h2><div class="chat chatmessage-h2opulse"><strong style="color:#6e8c2b"><small>☆</small><span class="username" data-name="H2OPulse">H2OPulse</span>:</strong> <em>okay</em></div><div class="chat chatmessage-inkbug1 mine"><strong style="color:#e46e0f"><small>☆</small><span class="username" data-name="inkbug1">inkbug1</span>:</strong> <em>OW</em></div><div class="spacer battle-history"><br></div><div class="battle-history">The opposing Sword Lily used <strong>Sucker Punch</strong>!<br></div><div class="battle-history"><small>But it failed!</small><br></div><div class="spacer battle-history"><br></div><div class="battle-history">Collin used <strong>Calm Mind</strong>!<br></div><div class="battle-history"><small>Collin's Sp. Atk rose!</small><br></div><div class="battle-history"><small>Collin's Sp. Def rose!</small><br></div><div class="spacer battle-history"><br></div><h2 class="battle-history">Turn 4</h2><div class="chat chatmessage-h2opulse"><strong style="color:#6e8c2b"><small>☆</small><span class="username" data-name="H2OPulse">H2OPulse</span>:</strong> <em>yeah fair</em></div><div class="spacer battle-history"><br></div><div class="battle-history">The opposing Sword Lily used <strong>Sucker Punch</strong>!<br></div><div class="battle-history"><small>But it failed!</small><br></div><div class="spacer battle-history"><br></div><div class="battle-history">Collin used <strong>Calm Mind</strong>!<br></div><div class="battle-history"><small>Collin's Sp. Atk rose!</small><br></div><div class="battle-history"><small>Collin's Sp. Def rose!</small><br></div><div class="spacer battle-history"><br></div><h2 class="battle-history">Turn 5</h2><div class="spacer battle-history"><br></div><div class="battle-history">Collin used <strong>Charge Beam</strong>!<br></div><div class="battle-history"><small>(The opposing Sword Lily lost 13% of its health!)</small><br></div><div class="battle-history"><small>Collin's Sp. Atk rose!</small><br></div><div class="spacer battle-history"><br></div><div class="battle-history">The opposing Sword Lily fainted!<br></div><div class="chat chatmessage-h2opulse"><strong style="color:#6e8c2b"><small>☆</small><span class="username" data-name="H2OPulse">H2OPulse</span>:</strong> <em>yeah okay</em></div><div class="chat chatmessage-inkbug1 mine"><strong style="color:#e46e0f"><small>☆</small><span class="username" data-name="inkbug1">inkbug1</span>:</strong> <em>WORKS EVERY TIME</em></div><div class="spacer battle-history"><br></div><div class="battle-history">H2OPulse sent out Phace (<strong>Gliscor</strong>)!<br></div><div class="spacer battle-history"><br></div><h2 class="battle-history">Turn 6</h2><div class="spacer battle-history"><br></div><div class="battle-history">Collin used <strong>Hidden Power</strong>!<br></div><div class="battle-history"><small>It's super effective!</small><br></div><div class="battle-history"><small>A critical hit!</small><br></div><div class="battle-history"><small>(The opposing Phace lost 100% of its health!)</small><br></div><div class="spacer battle-history"><br></div><div class="battle-history">The opposing Phace fainted!<br></div><div class="chat chatmessage-h2opulse"><strong style="color:#6e8c2b"><small>☆</small><span class="username" data-name="H2OPulse">H2OPulse</span>:</strong> <em>gosh if I lose here</em></div><div class="chat chatmessage-h2opulse"><strong style="color:#6e8c2b"><small>☆</small><span class="username" data-name="H2OPulse">H2OPulse</span>:</strong> <em>good game :'D</em></div><div class="spacer battle-history"><br></div><div class="battle-history">H2OPulse sent out Glove (<strong>Delphox</strong>)!<br></div><div class="spacer battle-history"><br></div><h2 class="battle-history">Turn 7</h2><div class="chat chatmessage-inkbug1 mine"><strong style="color:#e46e0f"><small>☆</small><span class="username" data-name="inkbug1">inkbug1</span>:</strong> <em>oh my god mega jolteon i missed u so much</em></div><div class="spacer battle-history"><br></div><div class="battle-history">Collin used <strong>Charge Beam</strong>!<br></div><div class="battle-history"><small>A critical hit!</small><br></div><div class="battle-history"><small>(The opposing Glove lost 100% of its health!)</small><br></div><div class="spacer battle-history"><br></div><div class="battle-history">The opposing Glove fainted!<br></div><div class="spacer battle-history"><br></div><div class="battle-history">H2OPulse sent out Sansevieria (<strong>Hydreigon</strong>)!<br></div><div class="spacer battle-history"><br></div><h2 class="battle-history">Turn 8</h2><div class="spacer battle-history"><br></div><div class="battle-history"><small>The opposing Sansevieria's Hydreigonite is reacting to the Key Stone!</small><br>The opposing Sansevieria has Mega Evolved into Mega Hydreigon!<br></div><div class="chat"><ul class="utilichart"><li class="result"><span class="col pokemonnamecol" style="white-space: nowrap">Hydreigon-Mega</span> <span class="col typecol"><img src="https://play.pokemonshowdown.com/sprites/types/Dark.png" alt="Dark" height="14" width="32"><img src="https://play.pokemonshowdown.com/sprites/types/Dragon.png" alt="Dragon" height="14" width="32"></span> <span style="float: left ; min-height: 26px"><span class="col abilitycol">Berserk</span><span class="col abilitycol"></span></span><span style="float: left ; min-height: 26px"><span class="col statcol"><em>HP</em><br>92</span> <span class="col statcol"><em>Atk</em><br>125</span> <span class="col statcol"><em>Def</em><br>110</span> <span class="col statcol"><em>SpA</em><br>165</span> <span class="col statcol"><em>SpD</em><br>90</span> <span class="col statcol"><em>Spe</em><br>118</span> </span></li><li style="clear: both"></li></ul></div><div class="spacer battle-history"><br></div><div class="battle-history">Collin used <strong>Hidden Power</strong>!<br></div><div class="battle-history"><small>It's super effective!</small><br></div><div class="battle-history"><small>(The opposing Sansevieria lost 100% of its health!)</small><br></div><div class="spacer battle-history"><br></div><div class="battle-history">The opposing Sansevieria fainted!<br></div><div class="spacer battle-history"><br></div><div class="battle-history">H2OPulse sent out Raffles (<strong>Vileplume</strong>)!<br></div><div class="spacer battle-history"><br></div><h2 class="battle-history">Turn 9</h2><div class="chat chatmessage-inkbug1 mine"><strong style="color:#e46e0f"><small>☆</small><span class="username" data-name="inkbug1">inkbug1</span>:</strong> <em>gg sorry :'D </em></div><div class="chat chatmessage-h2opulse"><strong style="color:#6e8c2b"><small>☆</small><span class="username" data-name="H2OPulse">H2OPulse</span>:</strong> <em>Ppfffff</em></div><div class="spacer battle-history"><br></div><div class="battle-history">Collin used <strong>Hidden Power</strong>!<br></div><div class="battle-history"><small>It's super effective!</small><br></div><div class="battle-history"><small>(The opposing Raffles lost 100% of its health!)</small><br></div><div class="spacer battle-history"><br></div><div class="battle-history">The opposing Raffles fainted!<br></div><div class="spacer battle-history"><br></div><div class="battle-history">H2OPulse sent out Spilly (<strong>Araquanid</strong>)!<br></div><div class="spacer battle-history"><br></div><h2 class="battle-history">Turn 10</h2><div class="spacer battle-history"><br></div><div class="battle-history">Collin used <strong>Charge Beam</strong>!<br></div><div class="battle-history"><small>The opposing Spilly avoided the attack!</small><br></div><div class="spacer battle-history"><br></div><div class="battle-history">The opposing Spilly used <strong>Leech Life</strong>!<br></div><div class="battle-history"><small>(Collin lost <abbr title="−9/271">3.3%</abbr> of its health!)</small><br></div><div class="spacer battle-history"><br></div><div class="battle-history">Collin fainted!<br></div><div class="chat chatmessage-h2opulse"><strong style="color:#6e8c2b"><small>☆</small><span class="username" data-name="H2OPulse">H2OPulse</span>:</strong> <em>oH</em></div><div class="chat chatmessage-inkbug1 mine"><strong style="color:#e46e0f"><small>☆</small><span class="username" data-name="inkbug1">inkbug1</span>:</strong> <em>okay ! cool</em></div><div class="chat chatmessage-h2opulse"><strong style="color:#6e8c2b"><small>☆</small><span class="username" data-name="H2OPulse">H2OPulse</span>:</strong> <em>I mean I still</em></div><div class="chat chatmessage-h2opulse"><strong style="color:#6e8c2b"><small>☆</small><span class="username" data-name="H2OPulse">H2OPulse</span>:</strong> <em>lose</em></div><div class="chat chatmessage-h2opulse"><strong style="color:#6e8c2b"><small>☆</small><span class="username" data-name="H2OPulse">H2OPulse</span>:</strong> <em>unambiguously</em></div><div class="chat chatmessage-h2opulse"><strong style="color:#6e8c2b"><small>☆</small><span class="username" data-name="H2OPulse">H2OPulse</span>:</strong> <em>but</em></div><div class="chat chatmessage-h2opulse"><strong style="color:#6e8c2b"><small>☆</small><span class="username" data-name="H2OPulse">H2OPulse</span>:</strong> <em>that was</em></div><div class="spacer battle-history"><br></div><div class="battle-history">Go! Cheri (<strong>Comfey</strong>)!<br></div><div class="spacer battle-history"><br></div><h2 class="battle-history">Turn 11</h2><div class="chat chatmessage-h2opulse"><strong style="color:#6e8c2b"><small>☆</small><span class="username" data-name="H2OPulse">H2OPulse</span>:</strong> <em>hilarious</em></div><div class="spacer battle-history"><br></div><div class="battle-history">Cheri used <strong>Giga Drain</strong>!<br></div><div class="battle-history"><small>(The opposing Spilly lost 24% of its health!)</small><br></div><div class="battle-history"><small>Cheri lost some of its HP!</small><br></div><div class="spacer battle-history"><br></div><div class="battle-history">The opposing Spilly used <strong>Liquidation</strong>!<br></div><div class="battle-history"><small>(Cheri lost <abbr title="−252/302">83.4%</abbr> of its health!)</small><br></div><div class="battle-history"><small>Cheri's Defense fell!</small><br></div><div class="spacer battle-history"><br></div><h2 class="battle-history">Turn 12</h2><div class="chat chatmessage-inkbug1 mine"><strong style="color:#e46e0f"><small>☆</small><span class="username" data-name="inkbug1">inkbug1</span>:</strong> <em>i love mega jolteon i hope u know that</em></div><div class="spacer battle-history"><br></div><div class="battle-history">Cheri used <strong>Giga Drain</strong>!<br></div><div class="battle-history"><small>(The opposing Spilly lost 23% of its health!)</small><br></div><div class="battle-history"><small>The opposing Spilly had its energy drained!</small><br></div><div class="battle-history"><small>Cheri lost some of its HP!</small><br></div><div class="spacer battle-history"><br></div><div class="battle-history">The opposing Spilly used <strong>Leech Life</strong>!<br></div><div class="battle-history"><small>It's not very effective...</small><br></div><div class="battle-history"><small>(Cheri lost <abbr title="−25/302">8.3%</abbr> of its health!)</small><br></div><div class="battle-history"><small>Cheri had its energy drained!</small><br></div><div class="spacer battle-history"><br></div><div class="battle-history">Cheri fainted!<br></div><div class="chat chatmessage-h2opulse"><strong style="color:#6e8c2b"><small>☆</small><span class="username" data-name="H2OPulse">H2OPulse</span>:</strong> <em>and by I still lose unambiguously I mean I love you Araquanid</em></div><div class="chat chatmessage-h2opulse"><strong style="color:#6e8c2b"><small>☆</small><span class="username" data-name="H2OPulse">H2OPulse</span>:</strong> <em>but still</em></div><div class="chat chatmessage-h2opulse"><strong style="color:#6e8c2b"><small>☆</small><span class="username" data-name="H2OPulse">H2OPulse</span>:</strong> <em>Also thank you &lt;3</em></div><div class="spacer battle-history"><br></div><div class="battle-history">Go! January (<strong>Mawile</strong>)!<br></div><div class="battle-history">[January's Intimidate]<br></div><div class="battle-history"><small>The opposing Spilly's Attack fell!</small><br></div><div class="spacer battle-history"><br></div><h2 class="battle-history">Turn 13</h2><div class="spacer battle-history"><br></div><div class="battle-history">The opposing Spilly used <strong>Liquidation</strong>!<br></div><div class="battle-history"><small>(January lost <abbr title="−160/303">52.8%</abbr> of its health!)</small><br></div><div class="spacer battle-history"><br></div><div class="battle-history">January used <strong>Play Rough</strong>!<br></div><div class="battle-history"><small>The opposing Spilly avoided the attack!</small><br></div><div class="spacer battle-history"><br></div><h2 class="battle-history">Turn 14</h2><div class="chat chatmessage-inkbug1 mine"><strong style="color:#e46e0f"><small>☆</small><span class="username" data-name="inkbug1">inkbug1</span>:</strong> <em>jan</em></div><div class="chat chatmessage-h2opulse"><strong style="color:#6e8c2b"><small>☆</small><span class="username" data-name="H2OPulse">H2OPulse</span>:</strong> <em>This is so</em></div><div class="chat chatmessage-inkbug1 mine"><strong style="color:#e46e0f"><small>☆</small><span class="username" data-name="inkbug1">inkbug1</span>:</strong> <em>babe</em></div><div class="spacer battle-history"><br></div><div class="battle-history">January used <strong>Sucker Punch</strong>!<br></div><div class="battle-history"><small>(The opposing Spilly lost 25% of its health!)</small><br></div><div class="spacer battle-history"><br></div><div class="battle-history">The opposing Spilly used <strong>Liquidation</strong>!<br></div><div class="battle-history"><small>(January lost <abbr title="−143/303">47.2%</abbr> of its health!)</small><br></div><div class="spacer battle-history"><br></div><div class="battle-history">January fainted!<br></div><div class="chat chatmessage-h2opulse"><strong style="color:#6e8c2b"><small>☆</small><span class="username" data-name="H2OPulse">H2OPulse</span>:</strong> <em>if Spilly wins this I'm going to die</em></div><div class="spacer battle-history"><br></div><div class="battle-history">Go! Marbles (<strong>Falinks</strong>)!<br></div><div class="spacer battle-history"><br></div><h2 class="battle-history">Turn 15</h2><div class="spacer battle-history"><br></div><div class="battle-history">Marbles used <strong>Rock Slide</strong>!<br></div><div class="battle-history"><small>It's super effective!</small><br></div><div class="battle-history"><small>(The opposing Spilly lost 32% of its health!)</small><br></div><div class="spacer battle-history"><br></div><div class="battle-history">The opposing Spilly fainted!<br></div><div class="spacer battle-history"><br></div><div class="battle-history"><strong>inkbug1</strong> won the battle!<br></div><div class="chat chatmessage-h2opulse"><strong style="color:#6e8c2b"><small>☆</small><span class="username" data-name="H2OPulse">H2OPulse</span>:</strong> <em>yeah fair</em></div><div class="chat chatmessage-inkbug1 mine"><strong style="color:#e46e0f"><small>☆</small><span class="username" data-name="inkbug1">inkbug1</span>:</strong> <em>oh my god </em></div><div class="chat chatmessage-h2opulse"><strong style="color:#6e8c2b"><small>☆</small><span class="username" data-name="H2OPulse">H2OPulse</span>:</strong> <em>Good game though :' D</em></div><div class="chat chatmessage-inkbug1 mine"><strong style="color:#e46e0f"><small>☆</small><span class="username" data-name="inkbug1">inkbug1</span>:</strong> <em>ggs</em></div></div><div class="inner-preempt message-log"></div></div></div>
</div>
<script>
let daily = Math.floor(Date.now()/1000/60/60/24);document.write('<script src="https://dragonheaven.herokuapp.com/js/replay-embed.js?version'+daily+'"></'+'script>');
</script>
