<!DOCTYPE html>
<meta charset="utf-8" />
<!-- version 1 -->
<title>[Gen 8] M4A Suspect replay: TheRubySamurai vs. E6R</title>
<style>
html,body {font-family:Verdana, sans-serif;font-size:10pt;margin:0;padding:0;}body{padding:12px 0;} .battle-log {font-family:Verdana, sans-serif;font-size:10pt;} .battle-log-inline {border:1px solid #AAAAAA;background:#EEF2F5;color:black;max-width:640px;margin:0 auto 80px;padding-bottom:5px;} .battle-log .inner {padding:4px 8px 0px 8px;} .battle-log .inner-preempt {padding:0 8px 4px 8px;} .battle-log .inner-after {margin-top:0.5em;} .battle-log h2 {margin:0.5em -8px;padding:4px 8px;border:1px solid #AAAAAA;background:#E0E7EA;border-left:0;border-right:0;font-family:Verdana, sans-serif;font-size:13pt;} .battle-log .chat {vertical-align:middle;padding:3px 0 3px 0;font-size:8pt;} .battle-log .chat strong {color:#40576A;} .battle-log .chat em {padding:1px 4px 1px 3px;color:#000000;font-style:normal;} .chat.mine {background:rgba(0,0,0,0.05);margin-left:-8px;margin-right:-8px;padding-left:8px;padding-right:8px;} .spoiler {color:#BBBBBB;background:#BBBBBB;padding:0px 3px;} .spoiler:hover, .spoiler:active, .spoiler-shown {color:#000000;background:#E2E2E2;padding:0px 3px;} .spoiler a {color:#BBBBBB;} .spoiler:hover a, .spoiler:active a, .spoiler-shown a {color:#2288CC;} .chat code, .chat .spoiler:hover code, .chat .spoiler:active code, .chat .spoiler-shown code {border:1px solid #C0C0C0;background:#EEEEEE;color:black;padding:0 2px;} .chat .spoiler code {border:1px solid #CCCCCC;background:#CCCCCC;color:#CCCCCC;} .battle-log .rated {padding:3px 4px;} .battle-log .rated strong {color:white;background:#89A;padding:1px 4px;border-radius:4px;} .spacer {margin-top:0.5em;} .message-announce {background:#6688AA;color:white;padding:1px 4px 2px;} .message-announce a, .broadcast-green a, .broadcast-blue a, .broadcast-red a {color:#DDEEFF;} .broadcast-green {background-color:#559955;color:white;padding:2px 4px;} .broadcast-blue {background-color:#6688AA;color:white;padding:2px 4px;} .infobox {border:1px solid #6688AA;padding:2px 4px;} .infobox-limited {max-height:200px;overflow:auto;overflow-x:hidden;} .broadcast-red {background-color:#AA5544;color:white;padding:2px 4px;} .message-learn-canlearn {font-weight:bold;color:#228822;text-decoration:underline;} .message-learn-cannotlearn {font-weight:bold;color:#CC2222;text-decoration:underline;} .message-effect-weak {font-weight:bold;color:#CC2222;} .message-effect-resist {font-weight:bold;color:#6688AA;} .message-effect-immune {font-weight:bold;color:#666666;} .message-learn-list {margin-top:0;margin-bottom:0;} .message-throttle-notice, .message-error {color:#992222;} .message-overflow, .chat small.message-overflow {font-size:0pt;} .message-overflow::before {font-size:9pt;content:'...';} .subtle {color:#3A4A66;}
</style>
<div class="wrapper replay-wrapper" style="max-width:1180px;margin:0 auto">
<input type="hidden" name="replayid" value="dragonheaven-gen8m4asuspect-258" />
<div class="battle"></div><div class="battle-log"></div><div class="replay-controls"></div><div class="replay-controls-2"></div>
<h1 style="font-weight:normal;text-align:center"><strong>[Gen 8] M4A Suspect</strong><br /><a href="http://pokemonshowdown.com/users/therubysamurai" class="subtle" target="_blank">TheRubySamurai</a> vs. <a href="http://pokemonshowdown.com/users/e6r" class="subtle" target="_blank">E6R</a></h1>
<script type="text/plain" class="battle-log-data">|j|☆TheRubySamurai
|j|☆E6R
|t:|1621627769
|player|p1|TheRubySamurai|skyla|
|player|p2|E6R|bruno|
|teamsize|p1|6
|teamsize|p2|6
|gametype|singles
|gen|8
|tier|[Gen 8] M4A Suspect
|rated|Tournament battle
|clearpoke
|poke|p1|Clefable, M|
|poke|p1|Corviknight, M|
|poke|p1|Garchomp, M|
|poke|p1|Toxapex, F|
|poke|p1|Tangrowth, F|
|poke|p1|Greninja, M|
|poke|p2|Raichu, M|
|poke|p2|Landorus-Therian, M|
|poke|p2|Ferrothorn, M|
|poke|p2|Clefable, M|
|poke|p2|Zamazenta-Crowned|
|poke|p2|Gliscor, M|
|rule|HP Percentage Mod: HP is shown in percentages
|rule|Endless Battle Clause: Forcing endless battles is banned
|rule|OHKO Clause: OHKO moves are banned
|rule|Evasion Moves Clause: Evasion moves are banned
|rule|Species Clause: Limit one of each Pokémon
|rule|Dynamax Clause: You cannot dynamax
|rule|Sleep Clause Mod: Limit one foe put to sleep
|rule|Freeze Clause Mod: Limit one foe frozen
|raw|<img src="https:\/\/www.smogon.com\/forums\/attachments\/banner_2-png.302358\/" height="65" width="381">
|-message|Welcome to Megas for All!
|-message|This is a National Dex-based format where we aim to give a new Mega Evolution to every Pokémon.
|-message|Just like any official format, you can still only Mega Evolve one Pokémon per team!
|-message|You can find our thread and metagame resources here:
|-message|https:\/\/www.smogon.com\/forums\/threads\/3671140\/
|teampreview
|j|#inkbug1

|c|☆TheRubySamurai|glhf
|j| Regic Boat
|inactive|Battle timer is ON: inactive players will automatically lose when time's up. (requested by E6R)
|
|t:|1621627797
|start
|switch|p1a: Fidelis|Corviknight, M|100\/100
|switch|p2a: Ferrothorn|Ferrothorn, M|100\/100
|-ability|p1a: Fidelis|Pressure
|turn|1
|
|t:|1621627804
|detailschange|p1a: Fidelis|Corviknight-Mega, M
|-mega|p1a: Fidelis|Corviknight|Corviknite
|-ability|p1a: Fidelis|Intimidate|boost
|-unboost|p2a: Ferrothorn|atk|1
|-start|p1a: Fidelis|typechange|Flying\/Steel|[silent]
|raw|<ul class="utilichart"><li class="result"><span class="col pokemonnamecol" style="white-space: nowrap">Corviknight-Mega<\/span> <span class="col typecol"><img src="https:\/\/play.pokemonshowdown.com\/sprites\/types\/Flying.png" alt="Flying" height="14" width="32"><img src="https:\/\/play.pokemonshowdown.com\/sprites\/types\/Steel.png" alt="Steel" height="14" width="32"><\/span> <span style="float: left ; min-height: 26px"><span class="col abilitycol">Intimidate<\/span><span class="col abilitycol"><\/span><\/span><span style="float: left ; min-height: 26px"><span class="col statcol"><em>HP<\/em><br>98<\/span> <span class="col statcol"><em>Atk<\/em><br>117<\/span> <span class="col statcol"><em>Def<\/em><br>120<\/span> <span class="col statcol"><em>SpA<\/em><br>78<\/span> <span class="col statcol"><em>SpD<\/em><br>105<\/span> <span class="col statcol"><em>Spe<\/em><br>77<\/span> <\/span><\/li><li style="clear: both"><\/li><\/ul>
|move|p1a: Fidelis|U-turn|p2a: Ferrothorn
|-damage|p2a: Ferrothorn|90\/100
|-damage|p1a: Fidelis|88\/100|[from] ability: Iron Barbs|[of] p2a: Ferrothorn
|
|t:|1621627811
|switch|p1a: Chevy Chase|Garchomp, M|100\/100|[from]move: U-turn
|move|p2a: Ferrothorn|Stealth Rock|p1a: Chevy Chase
|-sidestart|p1: TheRubySamurai|move: Stealth Rock
|
|-heal|p2a: Ferrothorn|97\/100|[from] item: Leftovers
|upkeep
|turn|2
|
|t:|1621627820
|move|p1a: Chevy Chase|Swords Dance|p1a: Chevy Chase
|-boost|p1a: Chevy Chase|atk|2
|move|p2a: Ferrothorn|Knock Off|p1a: Chevy Chase
|-damage|p1a: Chevy Chase|90\/100
|-damage|p2a: Ferrothorn|84\/100|[from] ability: Rough Skin|[of] p1a: Chevy Chase
|
|-heal|p2a: Ferrothorn|90\/100|[from] item: Leftovers
|upkeep
|turn|3
|
|t:|1621627828
|move|p1a: Chevy Chase|Swords Dance|p1a: Chevy Chase
|-boost|p1a: Chevy Chase|atk|2
|move|p2a: Ferrothorn|Gyro Ball|p1a: Chevy Chase
|-damage|p1a: Chevy Chase|56\/100
|-damage|p2a: Ferrothorn|78\/100|[from] ability: Rough Skin|[of] p1a: Chevy Chase
|
|-heal|p2a: Ferrothorn|84\/100|[from] item: Leftovers
|upkeep
|turn|4
|
|t:|1621627833
|move|p1a: Chevy Chase|Earthquake|p2a: Ferrothorn
|-damage|p2a: Ferrothorn|0 fnt
|faint|p2a: Ferrothorn
|
|upkeep
|
|t:|1621627844
|switch|p2a: Clefable|Clefable, M|100\/100
|turn|5
|
|t:|1621627847
|move|p1a: Chevy Chase|Earthquake|p2a: Clefable
|-damage|p2a: Clefable|0 fnt
|faint|p2a: Clefable
|
|upkeep
|
|t:|1621627851
|switch|p2a: Landorus|Landorus-Therian, M|100\/100
|-ability|p2a: Landorus|Intimidate|boost
|-unboost|p1a: Chevy Chase|atk|1
|turn|6
|
|t:|1621627856
|move|p2a: Landorus|Earthquake|p1a: Chevy Chase
|-damage|p1a: Chevy Chase|0 fnt
|faint|p1a: Chevy Chase
|
|upkeep
|
|t:|1621627862
|switch|p1a: FSM|Tangrowth, F|100\/100
|-damage|p1a: FSM|88\/100|[from] Stealth Rock
|turn|7
|
|t:|1621627871
|switch|p2a: Gliscor|Gliscor, M|100\/100
|move|p1a: FSM|Sleep Powder|p2a: Gliscor|[miss]
|-miss|p1a: FSM|p2a: Gliscor
|
|-status|p2a: Gliscor|tox|[from] item: Toxic Orb
|upkeep
|turn|8
|
|t:|1621627877
|move|p2a: Gliscor|Knock Off|p1a: FSM
|-damage|p1a: FSM|72\/100
|-damage|p2a: Gliscor|84\/100 tox|[from] item: Rocky Helmet|[of] p1a: FSM
|-enditem|p1a: FSM|Rocky Helmet|[from] move: Knock Off|[of] p2a: Gliscor
|move|p1a: FSM|Hidden Power|p2a: Gliscor
|-supereffective|p2a: Gliscor
|-damage|p2a: Gliscor|3\/100 tox
|
|-heal|p2a: Gliscor|16\/100 tox|[from] ability: Poison Heal
|upkeep
|turn|9
|
|t:|1621627886
|switch|p2a: Zamazenta|Zamazenta-Crowned|100\/100
|-ability|p2a: Zamazenta|Dauntless Shield|boost
|-boost|p2a: Zamazenta|def|1
|move|p1a: FSM|Hidden Power|p2a: Zamazenta
|-resisted|p2a: Zamazenta
|-damage|p2a: Zamazenta|95\/100
|
|upkeep
|turn|10
|
|t:|1621627894
|move|p2a: Zamazenta|Behemoth Bash|p1a: FSM
|-damage|p1a: FSM|45\/100
|move|p1a: FSM|Sleep Powder|p2a: Zamazenta
|-status|p2a: Zamazenta|slp|[from] move: Sleep Powder
|
|upkeep
|turn|11
|
|t:|1621627900
|switch|p2a: Raichu|Raichu, M|100\/100
|switch|p1a: Goated|Greninja, M|100\/100
|-damage|p1a: Goated|88\/100|[from] Stealth Rock
|
|upkeep
|turn|12
|
|t:|1621627907
|switch|p1a: FSM|Tangrowth, F|78\/100
|-damage|p1a: FSM|66\/100|[from] Stealth Rock
|detailschange|p2a: Raichu|Raichu-Mega, M
|-mega|p2a: Raichu|Raichu|Raichunite
|-start|p2a: Raichu|typechange|Electric\/Fighting|[silent]
|raw|<ul class="utilichart"><li class="result"><span class="col pokemonnamecol" style="white-space: nowrap">Raichu-Mega<\/span> <span class="col typecol"><img src="https:\/\/play.pokemonshowdown.com\/sprites\/types\/Electric.png" alt="Electric" height="14" width="32"><img src="https:\/\/play.pokemonshowdown.com\/sprites\/types\/Fighting.png" alt="Fighting" height="14" width="32"><\/span> <span style="float: left ; min-height: 26px"><span class="col abilitycol">Reckless<\/span><span class="col abilitycol"><\/span><\/span><span style="float: left ; min-height: 26px"><span class="col statcol"><em>HP<\/em><br>60<\/span> <span class="col statcol"><em>Atk<\/em><br>125<\/span> <span class="col statcol"><em>Def<\/em><br>55<\/span> <span class="col statcol"><em>SpA<\/em><br>110<\/span> <span class="col statcol"><em>SpD<\/em><br>100<\/span> <span class="col statcol"><em>Spe<\/em><br>125<\/span> <\/span><\/li><li style="clear: both"><\/li><\/ul>
|move|p2a: Raichu|Volt Tackle|p1a: FSM
|-resisted|p1a: FSM
|-damage|p1a: FSM|47\/100
|-damage|p2a: Raichu|91\/100|[from] Recoil
|
|upkeep
|turn|13
|
|t:|1621627917
|move|p2a: Raichu|High Jump Kick|p1a: FSM
|-damage|p1a: FSM|8\/100
|move|p1a: FSM|Knock Off|p2a: Raichu
|-resisted|p2a: Raichu
|-damage|p2a: Raichu|76\/100
|
|upkeep
|turn|14
|
|t:|1621627922
|switch|p1a: Fidelis|Corviknight-Mega, M|88\/100
|-damage|p1a: Fidelis|76\/100|[from] Stealth Rock
|-start|p1a: Fidelis|typechange|Flying\/Steel|[silent]
|-ability|p1a: Fidelis|Intimidate|boost
|-unboost|p2a: Raichu|atk|1
|move|p2a: Raichu|Knock Off|p1a: Fidelis
|-damage|p1a: Fidelis|67\/100
|
|upkeep
|turn|15
|
|t:|1621627931
|switch|p2a: Gliscor|Gliscor, M|16\/100 tox
|move|p1a: Fidelis|U-turn|p2a: Gliscor
|-resisted|p2a: Gliscor
|-damage|p2a: Gliscor|8\/100 tox
|
|t:|1621627933
|switch|p1a: Goated|Greninja, M|88\/100|[from]move: U-turn
|-damage|p1a: Goated|76\/100|[from] Stealth Rock
|
|-heal|p2a: Gliscor|20\/100 tox|[from] ability: Poison Heal
|upkeep
|turn|16
|
|t:|1621627942
|switch|p2a: Zamazenta|Zamazenta-Crowned|95\/100 slp
|-ability|p2a: Zamazenta|Dauntless Shield|boost
|-boost|p2a: Zamazenta|def|1
|move|p1a: Goated|Hydro Pump|p2a: Zamazenta
|-damage|p2a: Zamazenta|34\/100 slp
|
|upkeep
|turn|17
|j| JosJet
|
|t:|1621627948
|cant|p2a: Zamazenta|slp
|move|p1a: Goated|Hydro Pump|p2a: Zamazenta
|-damage|p2a: Zamazenta|0 fnt
|faint|p2a: Zamazenta
|-activate|p1a: Goated|ability: Battle Bond
|detailschange|p1a: Goated|Greninja-Ash, M
|
|upkeep
|
|t:|1621627954
|switch|p2a: Raichu|Raichu-Mega, M|76\/100
|-start|p2a: Raichu|typechange|Electric\/Fighting|[silent]
|turn|18
|
|t:|1621627957
|move|p1a: Goated|Hydro Pump|p2a: Raichu
|-damage|p2a: Raichu|0 fnt
|faint|p2a: Raichu
|
|upkeep
|
|t:|1621627959
|switch|p2a: Gliscor|Gliscor, M|20\/100 tox
|turn|19
|
|t:|1621627962
|move|p1a: Goated|Hydro Pump|p2a: Gliscor|[miss]
|-miss|p1a: Goated|p2a: Gliscor
|move|p2a: Gliscor|Roost|p2a: Gliscor
|-heal|p2a: Gliscor|70\/100 tox
|-singleturn|p2a: Gliscor|move: Roost
|
|-heal|p2a: Gliscor|83\/100 tox|[from] ability: Poison Heal
|upkeep
|turn|20
|
|t:|1621627970
|move|p1a: Goated|Hydro Pump|p2a: Gliscor
|-supereffective|p2a: Gliscor
|-damage|p2a: Gliscor|0 fnt
|faint|p2a: Gliscor
|
|upkeep
|
|t:|1621627972
|switch|p2a: Landorus|Landorus-Therian, M|100\/100
|-ability|p2a: Landorus|Intimidate|boost
|-unboost|p1a: Goated|atk|1
|turn|21
|
|t:|1621627975
|switch|p1a: Fidelis|Corviknight-Mega, M|67\/100
|-damage|p1a: Fidelis|55\/100|[from] Stealth Rock
|-start|p1a: Fidelis|typechange|Flying\/Steel|[silent]
|-ability|p1a: Fidelis|Intimidate|boost
|-unboost|p2a: Landorus|atk|1
|move|p2a: Landorus|Stone Edge|p1a: Fidelis
|-damage|p1a: Fidelis|40\/100
|
|upkeep
|turn|22
|
|t:|1621627983
|move|p2a: Landorus|Stone Edge|p1a: Fidelis
|-damage|p1a: Fidelis|24\/100
|move|p1a: Fidelis|U-turn|p2a: Landorus
|-resisted|p2a: Landorus
|-damage|p2a: Landorus|90\/100
|
|t:|1621627989
|switch|p1a: FSM|Tangrowth, F|41\/100|[from]move: U-turn
|-damage|p1a: FSM|28\/100|[from] Stealth Rock
|
|upkeep
|turn|23
|
|t:|1621627995
|move|p2a: Landorus|Stone Edge|p1a: FSM
|-damage|p1a: FSM|16\/100
|move|p1a: FSM|Hidden Power|p2a: Landorus
|-supereffective|p2a: Landorus
|-damage|p2a: Landorus|19\/100
|
|upkeep
|turn|24
|
|t:|1621628002
|move|p2a: Landorus|Stone Edge|p1a: FSM
|-crit|p1a: FSM
|-damage|p1a: FSM|0 fnt
|faint|p1a: FSM
|
|upkeep
|c|☆TheRubySamurai|gg
|
|t:|1621628006
|switch|p1a: Goated|Greninja-Ash, M|76\/100
|-damage|p1a: Goated|64\/100|[from] Stealth Rock
|turn|25
|
|t:|1621628010
|move|p1a: Goated|Water Shuriken|p2a: Landorus
|-supereffective|p2a: Landorus
|-damage|p2a: Landorus|0 fnt
|-hitcount|p2a: Landorus|1
|faint|p2a: Landorus
|
|win|TheRubySamurai
|l|☆E6R</script>
</div>
<div class="battle-log battle-log-inline"><div class="inner"><div class="battle-options"><div style="padding-top: 3px; padding-right: 3px; text-align: right"><button class="icon button" name="openBattleOptions" title="Options">Battle Options</button></div></div><div class="inner message-log"><div class="chat"><small>☆TheRubySamurai and ☆E6R joined</small></div><div class=""><small>Format:</small> <br><strong>[Gen 8] M4A Suspect</strong></div><div class="rated"><strong>Tournament battle</strong></div><div class=""><small><em>HP Percentage Mod:</em> HP is shown in percentages</small></div><div class=""><small><em>Endless Battle Clause:</em> Forcing endless battles is banned</small></div><div class=""><small><em>OHKO Clause:</em> OHKO moves are banned</small></div><div class=""><small><em>Evasion Moves Clause:</em> Evasion moves are banned</small></div><div class=""><small><em>Species Clause:</em> Limit one of each Pokémon</small></div><div class=""><small><em>Dynamax Clause:</em> You cannot dynamax</small></div><div class=""><small><em>Sleep Clause Mod:</em> Limit one foe put to sleep</small></div><div class=""><small><em>Freeze Clause Mod:</em> Limit one foe frozen</small></div><div class="chat"><img src="https://www.smogon.com/forums/attachments/banner_2-png.302358/" height="65" width="381"></div><div class="spacer battle-history"><br></div><div class="battle-history"><small>Welcome to Megas for All!</small><br></div><div class="battle-history"><small>This is a National Dex-based format where we aim to give a new Mega Evolution to every Pokémon.</small><br></div><div class="battle-history"><small>Just like any official format, you can still only Mega Evolve one Pokémon per team!</small><br></div><div class="battle-history"><small>You can find our thread and metagame resources here:</small><br></div><div class="battle-history"><small>https://www.smogon.com/forums/threads/3671140/</small><br></div><div class="chat battle-history"><strong>TheRubySamurai's team:</strong> <em style="color:#445566;display:block;">Clefable / Corviknight / Garchomp / Toxapex / Tangrowth / Greninja</em></div><div class="chat battle-history"><strong>E6R's team:</strong> <em style="color:#445566;display:block;">Raichu / Landorus-Therian / Ferrothorn / Clefable / Zamazenta-Crowned / Gliscor</em></div><div class="chat"><small>#inkbug1 joined</small></div><div class="chat chatmessage-therubysamurai"><strong style="color:#de177a"><small>☆</small><span class="username" data-name="TheRubySamurai">TheRubySamurai</span>:</strong> <em>glhf</em></div><div class="chat"><small> Regic Boat joined</small></div><div class="chat message-error">Battle timer is ON: inactive players will automatically lose when time's up. (requested by E6R)</div><div class="spacer battle-history"><br></div><div class="battle-history">Battle started between TheRubySamurai and E6R!<br></div><div class="spacer battle-history"><br></div><div class="battle-history">Go! Fidelis (<strong>Corviknight</strong>)!<br></div><div class="spacer battle-history"><br></div><div class="battle-history">E6R sent out <strong>Ferrothorn</strong>!<br></div><div class="battle-history">[Fidelis's Pressure]<br><small>Fidelis is exerting its pressure!</small><br></div><div class="spacer battle-history"><br></div><h2 class="battle-history">Turn 1</h2><div class="spacer battle-history"><br></div><div class="battle-history"><small>Fidelis's Corviknite is reacting to the Key Stone!</small><br>Fidelis has Mega Evolved into Mega Corviknight!<br></div><div class="battle-history">[Fidelis's Intimidate]<br></div><div class="battle-history"><small>The opposing Ferrothorn's Attack fell!</small><br></div><div class="chat"><ul class="utilichart"><li class="result"><span class="col pokemonnamecol" style="white-space: nowrap">Corviknight-Mega</span> <span class="col typecol"><img src="https://play.pokemonshowdown.com/sprites/types/Flying.png" alt="Flying" height="14" width="32"><img src="https://play.pokemonshowdown.com/sprites/types/Steel.png" alt="Steel" height="14" width="32"></span> <span style="float: left ; min-height: 26px"><span class="col abilitycol">Intimidate</span><span class="col abilitycol"></span></span><span style="float: left ; min-height: 26px"><span class="col statcol"><em>HP</em><br>98</span> <span class="col statcol"><em>Atk</em><br>117</span> <span class="col statcol"><em>Def</em><br>120</span> <span class="col statcol"><em>SpA</em><br>78</span> <span class="col statcol"><em>SpD</em><br>105</span> <span class="col statcol"><em>Spe</em><br>77</span> </span></li><li style="clear: both"></li></ul></div><div class="spacer battle-history"><br></div><div class="battle-history">Fidelis used <strong>U-turn</strong>!<br></div><div class="battle-history"><small>(The opposing Ferrothorn lost 10% of its health!)</small><br></div><div class="battle-history">[The opposing Ferrothorn's Iron Barbs]<br><small>Fidelis was hurt!</small><br></div><div class="spacer battle-history"><br></div><div class="battle-history">Fidelis went back to TheRubySamurai!<br></div><div class="battle-history">Go! Chevy Chase (<strong>Garchomp</strong>)!<br></div><div class="spacer battle-history"><br></div><div class="battle-history">The opposing Ferrothorn used <strong>Stealth Rock</strong>!<br></div><div class="battle-history"><small>Pointed stones float in the air around your team!</small><br></div><div class="spacer battle-history"><br></div><div class="battle-history"><small>The opposing Ferrothorn restored a little HP using its Leftovers!</small><br></div><div class="spacer battle-history"><br></div><h2 class="battle-history">Turn 2</h2><div class="spacer battle-history"><br></div><div class="battle-history">Chevy Chase used <strong>Swords Dance</strong>!<br></div><div class="battle-history"><small>Chevy Chase's Attack rose sharply!</small><br></div><div class="spacer battle-history"><br></div><div class="battle-history">The opposing Ferrothorn used <strong>Knock Off</strong>!<br></div><div class="battle-history"><small>(Chevy Chase lost 10% of its health!)</small><br></div><div class="battle-history">[Chevy Chase's Rough Skin]<br><small>The opposing Ferrothorn was hurt!</small><br></div><div class="spacer battle-history"><br></div><div class="battle-history"><small>The opposing Ferrothorn restored a little HP using its Leftovers!</small><br></div><div class="spacer battle-history"><br></div><h2 class="battle-history">Turn 3</h2><div class="spacer battle-history"><br></div><div class="battle-history">Chevy Chase used <strong>Swords Dance</strong>!<br></div><div class="battle-history"><small>Chevy Chase's Attack rose sharply!</small><br></div><div class="spacer battle-history"><br></div><div class="battle-history">The opposing Ferrothorn used <strong>Gyro Ball</strong>!<br></div><div class="battle-history"><small>(Chevy Chase lost 34% of its health!)</small><br></div><div class="battle-history">[Chevy Chase's Rough Skin]<br><small>The opposing Ferrothorn was hurt!</small><br></div><div class="spacer battle-history"><br></div><div class="battle-history"><small>The opposing Ferrothorn restored a little HP using its Leftovers!</small><br></div><div class="spacer battle-history"><br></div><h2 class="battle-history">Turn 4</h2><div class="spacer battle-history"><br></div><div class="battle-history">Chevy Chase used <strong>Earthquake</strong>!<br></div><div class="battle-history"><small>(The opposing Ferrothorn lost 84% of its health!)</small><br></div><div class="spacer battle-history"><br></div><div class="battle-history">The opposing Ferrothorn fainted!<br></div><div class="spacer battle-history"><br></div><div class="battle-history">E6R sent out <strong>Clefable</strong>!<br></div><div class="spacer battle-history"><br></div><h2 class="battle-history">Turn 5</h2><div class="spacer battle-history"><br></div><div class="battle-history">Chevy Chase used <strong>Earthquake</strong>!<br></div><div class="battle-history"><small>(The opposing Clefable lost 100% of its health!)</small><br></div><div class="spacer battle-history"><br></div><div class="battle-history">The opposing Clefable fainted!<br></div><div class="spacer battle-history"><br></div><div class="battle-history">E6R sent out Landorus (<strong>Landorus-Therian</strong>)!<br></div><div class="battle-history">[The opposing Landorus's Intimidate]<br></div><div class="battle-history"><small>Chevy Chase's Attack fell!</small><br></div><div class="spacer battle-history"><br></div><h2 class="battle-history">Turn 6</h2><div class="spacer battle-history"><br></div><div class="battle-history">The opposing Landorus used <strong>Earthquake</strong>!<br></div><div class="battle-history"><small>(Chevy Chase lost 56% of its health!)</small><br></div><div class="spacer battle-history"><br></div><div class="battle-history">Chevy Chase fainted!<br></div><div class="spacer battle-history"><br></div><div class="battle-history">Go! FSM (<strong>Tangrowth</strong>)!<br></div><div class="battle-history"><small>Pointed stones dug into FSM!</small><br></div><div class="spacer battle-history"><br></div><h2 class="battle-history">Turn 7</h2><div class="spacer battle-history"><br></div><div class="battle-history">E6R withdrew Landorus!<br></div><div class="battle-history">E6R sent out <strong>Gliscor</strong>!<br></div><div class="spacer battle-history"><br></div><div class="battle-history">FSM used <strong>Sleep Powder</strong>!<br></div><div class="battle-history"><small>The opposing Gliscor avoided the attack!</small><br></div><div class="spacer battle-history"><br></div><div class="battle-history"><small>The opposing Gliscor was badly poisoned!</small><br></div><div class="spacer battle-history"><br></div><h2 class="battle-history">Turn 8</h2><div class="spacer battle-history"><br></div><div class="battle-history">The opposing Gliscor used <strong>Knock Off</strong>!<br></div><div class="battle-history"><small>(FSM lost 16% of its health!)</small><br></div><div class="battle-history"><small>The opposing Gliscor was hurt by the Rocky Helmet!</small><br></div><div class="battle-history"><small>The opposing Gliscor knocked off FSM's Rocky Helmet!</small><br></div><div class="spacer battle-history"><br></div><div class="battle-history">FSM used <strong>Hidden Power</strong>!<br></div><div class="battle-history"><small>It's super effective!</small><br></div><div class="battle-history"><small>(The opposing Gliscor lost 81% of its health!)</small><br></div><div class="spacer battle-history"><br></div><div class="battle-history">[The opposing Gliscor's Poison Heal]<br><small>The opposing Gliscor had its HP restored.</small><br></div><div class="spacer battle-history"><br></div><h2 class="battle-history">Turn 9</h2><div class="spacer battle-history"><br></div><div class="battle-history">E6R withdrew Gliscor!<br></div><div class="battle-history">E6R sent out Zamazenta (<strong>Zamazenta-Crowned</strong>)!<br></div><div class="battle-history">[The opposing Zamazenta's Dauntless Shield]<br></div><div class="battle-history"><small>The opposing Zamazenta's Defense rose!</small><br></div><div class="spacer battle-history"><br></div><div class="battle-history">FSM used <strong>Hidden Power</strong>!<br></div><div class="battle-history"><small>It's not very effective...</small><br></div><div class="battle-history"><small>(The opposing Zamazenta lost 5% of its health!)</small><br></div><div class="spacer battle-history"><br></div><h2 class="battle-history">Turn 10</h2><div class="spacer battle-history"><br></div><div class="battle-history">The opposing Zamazenta used <strong>Behemoth Bash</strong>!<br></div><div class="battle-history"><small>(FSM lost 27% of its health!)</small><br></div><div class="spacer battle-history"><br></div><div class="battle-history">FSM used <strong>Sleep Powder</strong>!<br></div><div class="battle-history"><small>The opposing Zamazenta fell asleep!</small><br></div><div class="spacer battle-history"><br></div><h2 class="battle-history">Turn 11</h2><div class="spacer battle-history"><br></div><div class="battle-history">E6R withdrew Zamazenta!<br></div><div class="battle-history">E6R sent out <strong>Raichu</strong>!<br></div><div class="spacer battle-history"><br></div><div class="battle-history">FSM, come back!<br></div><div class="battle-history">Go! Goated (<strong>Greninja</strong>)!<br></div><div class="battle-history"><small>Pointed stones dug into Goated!</small><br></div><div class="spacer battle-history"><br></div><h2 class="battle-history">Turn 12</h2><div class="spacer battle-history"><br></div><div class="battle-history">Goated, come back!<br></div><div class="battle-history">Go! FSM (<strong>Tangrowth</strong>)!<br></div><div class="battle-history"><small>Pointed stones dug into FSM!</small><br></div><div class="spacer battle-history"><br></div><div class="battle-history"><small>The opposing Raichu's Raichunite is reacting to the Key Stone!</small><br>The opposing Raichu has Mega Evolved into Mega Raichu!<br></div><div class="chat"><ul class="utilichart"><li class="result"><span class="col pokemonnamecol" style="white-space: nowrap">Raichu-Mega</span> <span class="col typecol"><img src="https://play.pokemonshowdown.com/sprites/types/Electric.png" alt="Electric" height="14" width="32"><img src="https://play.pokemonshowdown.com/sprites/types/Fighting.png" alt="Fighting" height="14" width="32"></span> <span style="float: left ; min-height: 26px"><span class="col abilitycol">Reckless</span><span class="col abilitycol"></span></span><span style="float: left ; min-height: 26px"><span class="col statcol"><em>HP</em><br>60</span> <span class="col statcol"><em>Atk</em><br>125</span> <span class="col statcol"><em>Def</em><br>55</span> <span class="col statcol"><em>SpA</em><br>110</span> <span class="col statcol"><em>SpD</em><br>100</span> <span class="col statcol"><em>Spe</em><br>125</span> </span></li><li style="clear: both"></li></ul></div><div class="spacer battle-history"><br></div><div class="battle-history">The opposing Raichu used <strong>Volt Tackle</strong>!<br></div><div class="battle-history"><small>It's not very effective...</small><br></div><div class="battle-history"><small>(FSM lost 19% of its health!)</small><br></div><div class="battle-history"><small>The opposing Raichu was damaged by the recoil!</small><br></div><div class="spacer battle-history"><br></div><h2 class="battle-history">Turn 13</h2><div class="spacer battle-history"><br></div><div class="battle-history">The opposing Raichu used <strong>High Jump Kick</strong>!<br></div><div class="battle-history"><small>(FSM lost 39% of its health!)</small><br></div><div class="spacer battle-history"><br></div><div class="battle-history">FSM used <strong>Knock Off</strong>!<br></div><div class="battle-history"><small>It's not very effective...</small><br></div><div class="battle-history"><small>(The opposing Raichu lost 15% of its health!)</small><br></div><div class="spacer battle-history"><br></div><h2 class="battle-history">Turn 14</h2><div class="spacer battle-history"><br></div><div class="battle-history">FSM, come back!<br></div><div class="battle-history">Go! Fidelis (<strong>Corviknight-Mega</strong>)!<br></div><div class="battle-history"><small>Pointed stones dug into Fidelis!</small><br></div><div class="battle-history">[Fidelis's Intimidate]<br></div><div class="battle-history"><small>The opposing Raichu's Attack fell!</small><br></div><div class="spacer battle-history"><br></div><div class="battle-history">The opposing Raichu used <strong>Knock Off</strong>!<br></div><div class="battle-history"><small>(Fidelis lost 9% of its health!)</small><br></div><div class="spacer battle-history"><br></div><h2 class="battle-history">Turn 15</h2><div class="spacer battle-history"><br></div><div class="battle-history">E6R withdrew Raichu!<br></div><div class="battle-history">E6R sent out <strong>Gliscor</strong>!<br></div><div class="spacer battle-history"><br></div><div class="battle-history">Fidelis used <strong>U-turn</strong>!<br></div><div class="battle-history"><small>It's not very effective...</small><br></div><div class="battle-history"><small>(The opposing Gliscor lost 8% of its health!)</small><br></div><div class="spacer battle-history"><br></div><div class="battle-history">Fidelis went back to TheRubySamurai!<br></div><div class="battle-history">Go! Goated (<strong>Greninja</strong>)!<br></div><div class="battle-history"><small>Pointed stones dug into Goated!</small><br></div><div class="spacer battle-history"><br></div><div class="battle-history">[The opposing Gliscor's Poison Heal]<br><small>The opposing Gliscor had its HP restored.</small><br></div><div class="spacer battle-history"><br></div><h2 class="battle-history">Turn 16</h2><div class="spacer battle-history"><br></div><div class="battle-history">E6R withdrew Gliscor!<br></div><div class="battle-history">E6R sent out Zamazenta (<strong>Zamazenta-Crowned</strong>)!<br></div><div class="battle-history">[The opposing Zamazenta's Dauntless Shield]<br></div><div class="battle-history"><small>The opposing Zamazenta's Defense rose!</small><br></div><div class="spacer battle-history"><br></div><div class="battle-history">Goated used <strong>Hydro Pump</strong>!<br></div><div class="battle-history"><small>(The opposing Zamazenta lost 61% of its health!)</small><br></div><div class="spacer battle-history"><br></div><h2 class="battle-history">Turn 17</h2><div class="chat"><small> JosJet joined</small></div><div class="spacer battle-history"><br></div><div class="battle-history">The opposing Zamazenta is fast asleep.<br></div><div class="spacer battle-history"><br></div><div class="battle-history">Goated used <strong>Hydro Pump</strong>!<br></div><div class="battle-history"><small>(The opposing Zamazenta lost 34% of its health!)</small><br></div><div class="spacer battle-history"><br></div><div class="battle-history">The opposing Zamazenta fainted!<br></div><div class="battle-history">[Goated's Battle Bond]<br><small>Goated became fully charged due to its bond with its Trainer!</small><br></div><div class="battle-history">Goated became Ash-Greninja!<br></div><div class="spacer battle-history"><br></div><div class="battle-history">E6R sent out Raichu (<strong>Raichu-Mega</strong>)!<br></div><div class="spacer battle-history"><br></div><h2 class="battle-history">Turn 18</h2><div class="spacer battle-history"><br></div><div class="battle-history">Goated used <strong>Hydro Pump</strong>!<br></div><div class="battle-history"><small>(The opposing Raichu lost 76% of its health!)</small><br></div><div class="spacer battle-history"><br></div><div class="battle-history">The opposing Raichu fainted!<br></div><div class="spacer battle-history"><br></div><div class="battle-history">E6R sent out <strong>Gliscor</strong>!<br></div><div class="spacer battle-history"><br></div><h2 class="battle-history">Turn 19</h2><div class="spacer battle-history"><br></div><div class="battle-history">Goated used <strong>Hydro Pump</strong>!<br></div><div class="battle-history"><small>The opposing Gliscor avoided the attack!</small><br></div><div class="spacer battle-history"><br></div><div class="battle-history">The opposing Gliscor used <strong>Roost</strong>!<br></div><div class="battle-history"><small>The opposing Gliscor had its HP restored.</small><br></div><div class="battle-history"><small>(The opposing Gliscor loses Flying type this turn.)</small><br></div><div class="spacer battle-history"><br></div><div class="battle-history">[The opposing Gliscor's Poison Heal]<br><small>The opposing Gliscor had its HP restored.</small><br></div><div class="spacer battle-history"><br></div><h2 class="battle-history">Turn 20</h2><div class="spacer battle-history"><br></div><div class="battle-history">Goated used <strong>Hydro Pump</strong>!<br></div><div class="battle-history"><small>It's super effective!</small><br></div><div class="battle-history"><small>(The opposing Gliscor lost 83% of its health!)</small><br></div><div class="spacer battle-history"><br></div><div class="battle-history">The opposing Gliscor fainted!<br></div><div class="spacer battle-history"><br></div><div class="battle-history">E6R sent out Landorus (<strong>Landorus-Therian</strong>)!<br></div><div class="battle-history">[The opposing Landorus's Intimidate]<br></div><div class="battle-history"><small>Goated's Attack fell!</small><br></div><div class="spacer battle-history"><br></div><h2 class="battle-history">Turn 21</h2><div class="spacer battle-history"><br></div><div class="battle-history">Goated, come back!<br></div><div class="battle-history">Go! Fidelis (<strong>Corviknight-Mega</strong>)!<br></div><div class="battle-history"><small>Pointed stones dug into Fidelis!</small><br></div><div class="battle-history">[Fidelis's Intimidate]<br></div><div class="battle-history"><small>The opposing Landorus's Attack fell!</small><br></div><div class="spacer battle-history"><br></div><div class="battle-history">The opposing Landorus used <strong>Stone Edge</strong>!<br></div><div class="battle-history"><small>(Fidelis lost 15% of its health!)</small><br></div><div class="spacer battle-history"><br></div><h2 class="battle-history">Turn 22</h2><div class="spacer battle-history"><br></div><div class="battle-history">The opposing Landorus used <strong>Stone Edge</strong>!<br></div><div class="battle-history"><small>(Fidelis lost 16% of its health!)</small><br></div><div class="spacer battle-history"><br></div><div class="battle-history">Fidelis used <strong>U-turn</strong>!<br></div><div class="battle-history"><small>It's not very effective...</small><br></div><div class="battle-history"><small>(The opposing Landorus lost 10% of its health!)</small><br></div><div class="spacer battle-history"><br></div><div class="battle-history">Fidelis went back to TheRubySamurai!<br></div><div class="battle-history">Go! FSM (<strong>Tangrowth</strong>)!<br></div><div class="battle-history"><small>Pointed stones dug into FSM!</small><br></div><div class="spacer battle-history"><br></div><h2 class="battle-history">Turn 23</h2><div class="spacer battle-history"><br></div><div class="battle-history">The opposing Landorus used <strong>Stone Edge</strong>!<br></div><div class="battle-history"><small>(FSM lost 12% of its health!)</small><br></div><div class="spacer battle-history"><br></div><div class="battle-history">FSM used <strong>Hidden Power</strong>!<br></div><div class="battle-history"><small>It's super effective!</small><br></div><div class="battle-history"><small>(The opposing Landorus lost 71% of its health!)</small><br></div><div class="spacer battle-history"><br></div><h2 class="battle-history">Turn 24</h2><div class="spacer battle-history"><br></div><div class="battle-history">The opposing Landorus used <strong>Stone Edge</strong>!<br></div><div class="battle-history"><small>A critical hit!</small><br></div><div class="battle-history"><small>(FSM lost 16% of its health!)</small><br></div><div class="spacer battle-history"><br></div><div class="battle-history">FSM fainted!<br></div><div class="chat chatmessage-therubysamurai"><strong style="color:#de177a"><small>☆</small><span class="username" data-name="TheRubySamurai">TheRubySamurai</span>:</strong> <em>gg</em></div><div class="spacer battle-history"><br></div><div class="battle-history">Go! Goated (<strong>Greninja-Ash</strong>)!<br></div><div class="battle-history"><small>Pointed stones dug into Goated!</small><br></div><div class="spacer battle-history"><br></div><h2 class="battle-history">Turn 25</h2><div class="spacer battle-history"><br></div><div class="battle-history">Goated used <strong>Water Shuriken</strong>!<br></div><div class="battle-history"><small>It's super effective!</small><br></div><div class="battle-history"><small>(The opposing Landorus lost 19% of its health!)</small><br></div><div class="battle-history"><small>The Pokémon was hit 1 time!</small><br></div><div class="spacer battle-history"><br></div><div class="battle-history">The opposing Landorus fainted!<br></div><div class="spacer battle-history"><br></div><div class="battle-history"><strong>TheRubySamurai</strong> won the battle!<br></div><div class="chat"><small>☆E6R left</small></div></div><div class="inner-preempt message-log"></div></div></div>
</div>
<script>
let daily = Math.floor(Date.now()/1000/60/60/24);document.write('<script src="https://dragonheaven.herokuapp.com/js/replay-embed.js?version'+daily+'"></'+'script>');
</script>
